3934 5550
919 668 1124 728 Articulus
1149 666 1189 726 2..

770 885 772 893 ’
880 860 1028 947 (Ceteris
1053 859 1217 943 emissis.)

918 1059 1123 1119 Articulus
1151 1057 1180 1119 3.

513 1209 628 1267 Lectae
653 1214 725 1266 sunt
748 1206 858 1267 literae
892 1204 1145 1265 excellentissimi
1176 1205 1294 1265 domini
1318 1205 1455 1284 supremi
1479 1206 1602 1267 comitis
1625 1207 1676 1267 An

406 1316 481 1377 tonii
498 1310 644 1389 Amade¹,
678 1334 740 1395 qua
764 1314 890 1373 militiae
913 1312 1178 1373 insurrectionalis
1191 1312 1559 1374 Croatico·Sclavonicae
1582 1314 1686 1395 briga-

407 1424 493 1500 derii,
525 1424 555 1483 in
587 1442 625 1483 eo
658 1422 784 1481 domino
816 1419 921 1481 comiti
954 1421 1092 1481 terrestri
1125 1430 1281 1494 exaratae,
1305 1422 1390 1500 quod
1420 1422 1561 1482 eiusdem
1583 1423 1690 1483 literas

406 1533 489 1594 circa
513 1530 715 1610 irruptionem
738 1530 899 1590 Gallorum
924 1550 962 1589 ex
987 1537 1075 1607 parte
1100 1529 1235 1590 Turcica
1258 1530 1299 1590 ad
1322 1529 1459 1590 confinia
1474 1530 1600 1590 banalia
1623 1548 1689 1590 me·

406 1639 558 1701 tuendam
590 1646 748 1711 sonantes,
784 1657 855 1697 cum
891 1655 1038 1715 suprema
1073 1655 1231 1696 armorum
1266 1636 1463 1715 praefectura
1499 1638 1675 1698 Varasdino

408 1745 676 1807 Carolostadiensi
708 1745 948 1805 commendante
972 1744 1092 1803 barone
1116 1763 1134 1804 a
1158 1745 1327 1804 Laterman
1351 1744 1601 1805 communicasse
1624 1744 1688 1825 sig·

407 1854 519 1927 nificet,
550 1852 599 1912 cui
630 1850 756 1912 domino
790 1851 929 1913 terrestri
961 1850 987 1910 si
1018 1850 1259 1930 epopulatione
1291 1850 1404 1929 Campi
1428 1852 1609 1930 Turopolya
1633 1851 1686 1911 ali-

408 1969 484 2040 quot
497 1942 683 2021 adiutorium
697 1960 843 2019 auxilium
860 1958 987 2018 domino
1003 1958 1226 2019 vicecolonello
1242 1958 1491 2036 Chonorovszky
1507 1959 1688 2036 Petrinyam

407 2068 596 2127 submissum
627 2068 790 2139 habeatur,
814 2066 934 2146 gratias
959 2075 1078 2146 ageret,
1101 2065 1224 2126 interim
1248 2068 1440 2144 superfluum
1463 2075 1581 2126 metum
1605 2066 1688 2126 circa

407 2175 541 2236 confinia
574 2174 699 2234 banalia
731 2193 800 2234 esse
833 2173 994 2248 iudicaret,
1024 2175 1084 2234 hoc
1115 2193 1179 2234 non
1206 2151 1352 2252 obstante
1376 2182 1462 2234 metu
1485 2176 1643 2254 superfluo
1667 2176 1688 2236 ii

406 2284 531 2344 ordines
559 2284 633 2343 facti
665 2283 840 2357 extiterunt,
865 2291 898 2343 ut
922 2281 1103 2343 confiniaria
1131 2283 1291 2362 populatio
1314 2291 1441 2361 propter
1466 2283 1613 2344 adiuncta
1636 2303 1686 2344 ac·

405 2401 503 2451 tutum
539 2391 657 2464 redeat,
688 2409 767 2470 quas
798 2390 924 2451 ordines
957 2402 1088 2451 eatenus
1120 2391 1277 2452 institutos
1307 2391 1435 2452 domino
1465 2378 1707 2453 vicecolonello⁵

407 2497 586 2573 Petrinyam
612 2517 650 2557 ex
674 2497 867 2558 conterentia
890 2506 1018 2559 servata
1041 2498 1247 2578 perscriptum
1273 2508 1328 2558 est.

835 2643 933 2703 Lecta
956 2662 1012 2722 per
1035 2643 1206 2705 Martinum
1238 2644 1456 2719 Blasekovich,
1480 2645 1641 2724 praefatae

882 2750 1093 2811 universitatis
1117 2750 1253 2811 iuratum
1276 2733 1468 2812 ordinarium
1491 2760 1580 2813 nota·

1108 2859 1187 2918 rium
1211 2879 1250 2919 m.
1275 2879 1303 2939 p.

511 2981 664 3054 Originale.
693 2982 723 3035 ln
752 2981 866 3035 archivo
895 2998 1037 3036 commun.
1062 2985 1128 3036 nob.
1158 2984 1196 3036 de
1223 2982 1392 3052 Turopolje:
1420 2982 1688 3054 Congregationalia

405 3071 554 3128 fasc.351.

519 3237 525 3265 ¹
544 3237 571 3291 d.
591 3236 618 3290 d.
638 3236 792 3307 Zagrabiae
811 3236 927 3304 sinnii.

986 3522 1091 3592 240.

513 3722 605 3782 Anno
633 3717 725 3782 1813.
751 3720 802 3781 27.
827 3730 858 3782 et
882 3723 1085 3802 sequentibus
1109 3722 1226 3783 mensis
1255 3721 1389 3802 augusti.
1415 3721 1510 3801 Nagy
1534 3721 1688 3783 Goriczae

405 3915 628 4000 Reoccupatis
654 3913 817 4000 partibus
846 3914 1128 3980 Trans-Savam's
1158 3915 1394 3979 communitas
1427 3914 1687 4002 Turopoliensis

921 4025 1153 4087 restauratur.

512 4221 605 4282 Anno
638 4220 754 4281 domini
791 4207 884 4281 1'813.
916 4222 966 4282 die
990 4219 1042 4284 27.
1068 4230 1099 4280 et
1123 4221 1326 4299 sequentibus
1360 4221 1479 4281 mensis
1504 4241 1545 4281 au
1553 4221 1647 4304 gusti,
1671 4222 1681 4280 i

405 4331 491 4392 curia
529 4338 652 4390 murata
693 4329 903 4390 universitatis
943 4329 1091 4389 nobilium
1131 4327 1245 4407 Campi
1284 4329 1464 4408 Turopolya
1503 4329 1692 4407 possession

405 4437 656 4520 Nagy·Goricza,
685 4435 888 4496 iurisdictioni
902 4454 977 4496 vero
1003 4437 1159 4496 antelatae
1194 4436 1409 4496 universitatis
1433 4443 1465 4495 et
1479 4435 1585 4496 inclito
1601 4434 1697 4496 comi-

403 4547 482 4607 tatui
504 4544 712 4626 Zagrabiensi
735 4544 932 4624 ingremiata
956 4545 1015 4604 sub
1040 4543 1198 4624 praesidio
1222 4543 1404 4623 spectabilis
1428 4543 1547 4604 domini
1571 4544 1694 4622 losephi

404 4652 517 4712 Adami
548 4652 653 4711 Koosz
687 4659 835 4730 tanquam
868 4651 1004 4712 maxime
1036 4651 1121 4711 senis
1155 4651 1315 4732 gremialis
1341 4652 1522 4724 assessoris,
1545 4671 1696 4731 praesen-

403 4759 486 4819 tibus
510 4757 732 4837 spectabilibus
757 4765 788 4817 et
811 4758 1039 4836 perillustribus
1067 4757 1203 4818 dominis
1236 4758 1381 4818 Ladislao
1407 4758 1624 4834 Blasekoviclr,
1651 4759 1694 4820 in·

403 4866 465 4925 cliti
496 4866 663 4926 comitatus
692 4865 915 4944 Zagrabiensis
949 4865 1117 4926 substituto
1141 4865 1335 4940 vicecomite,
1365 4867 1459 4926 Petro
1482 4866 1619 4941 Modich,
1644 4866 1693 4925 lo-

404 4972 501 5051 sepho
537 4971 731 5046 Gerdenicb,
767 4971 861 5032 incliti
897 4973 1064 5032 comitatus
1098 4973 1324 5053 Zagrabiensis
1359 4973 1495 5033 emerito
1532 4973 1693 5033 ordinario
