3934 5550
919 517 989 593 17.

415 717 509 784 Anno
536 722 630 787 1574.
654 723 739 785 circa
762 724 816 788 25.
838 724 912 787 iulii.

416 919 510 979 Auno
537 913 633 981 1577.Ι
653 920 684 981 in
707 922 844 1000 quadam
868 922 990 981 actione
1014 922 1057 981 'fit
1083 922 1218 981 mentio:
1254 920 1422 983 »Ceterum
1455 921 1588 1001 qualiter

307 1025 391 1086 circa
412 1026 527 1088 testum
551 1027 633 1087 santi
655 1027 759 1088 lacobi
784 1029 926 1106 apostoli,
949 1028 981 1088 in
1013 1046 1095 1088 anno
1133 1026 1250 1089 domini
1282 1030 1370 1089 cuius
1401 1028 1465 1089 iam
1497 1027 1588 1089 tertia

306 1132 437 1195 instaret
461 1136 603 1196 annualis
635 1130 812 1210 reuolutio¹,
852 1134 935 1196 idem
959 1131 1063 1196 actor²
1092 1134 1124 1195 in
1156 1136 1266 1197 castris
1297 1134 1414 1197 domini
1442 1134 1517 1195 bani
1549 1136 1589 1197 ad

305 1239 413 1315 Zyzek
435 1240 476 1300 ob
499 1250 617 1306 motum
641 1242 812 1303 obsidionis
836 1242 931 1303 castri
954 1242 1117 1320 Zyziensis
1141 1242 1258 1322 positis,
1282 1243 1362 1303 inter
1385 1251 1507 1304 ceteros
1532 1244 1585 1303 do-

306 1346 408 1409 minos
431 1356 463 1409 et
486 1349 606 1411 nobiles
628 1350 739 1411 fuisset
762 1351 949 1411 constitutus
973 1399 981 1414 .
1006 1399 1013 1412 .
1037 1374 1063 1413 .‹

411 1488 436 1542 Ε
459 1490 618 1558 protocollo
636 1508 824 1561 processuum
844 1499 874 1547 et
892 1493 1061 1547 iudiciorum
1080 1508 1222 1547 commun.
1244 1492 1329 1545 nobil.
1350 1492 1450 1561 Campi
1470 1493 1588 1563 Zagrab.

306 1578 337 1629 ln
359 1578 473 1632 archivo
493 1582 637 1633 commun.
657 1580 723 1633 nob.
743 1580 780 1632 dc
798 1578 963 1651 Turopolje.

413 1740 463 1795 'a
483 1742 561 1795 1674.
606 1742 738 1796 ¹nobilis
765 1742 928 1811 Stephanus
954 1744 1027 1799 filius
1052 1745 1175 1799 condam
1202 1743 1318 1815 Georgii
1348 1742 1586 1814 Threppsethych

304 1831 342 1883 de
359 1830 506 1900 Superiori
524 1831 696 1887 kaawecz.

912 2136 983 2213 18.

412 2335 504 2394 Anno
533 2331 625 2398 1576.
653 2288 701 2397 la.
724 2336 879 2396 februarii.

305 2530 492 2595 Conventio
522 2530 789 2595 communitatis
823 2528 947 2615 Campi
970 2530 1073 2617 Zac-r.
1097 2550 1175 2594 crum
1204 2528 1354 2615 Georgio
1378 2528 1584 2616 Lcwachych

579 2638 620 2703 in
639 2637 735 2721 sacto
756 2636 934 2701 crestodiae
956 2636 1088 2702 castelli
1110 2635 1308 2701 Lukaweca.

408 2857 529 2917 Eodem
553 2851 619 2916 die¹
642 2875 698 2934 per
721 2874 772 2915 me
796 2855 972 2915 Mattheum
1005 2855 1209 2931 Zalathnoky‚
1233 2854 1378 2914 comitem
1403 2862 1582 2916 terrestrem

300 2965 448 3025 nobilium
473 2964 588 3043 Campi
611 2964 844 3044 Zagrabiensis‚
869 2973 900 3024 et
923 2963 1129 3024 Benedictum
1153 2964 1263 3023 Benak
1286 2962 1443 3040 Arbanaz,
1468 2973 1498 3024 et
1514 2965 1582 3026 Ste-

300 3075 438 3152 phanum
469 3074 697 3149 Benchechych
729 3073 819 3132 aliter
851 3072 1057 3149 Lekthorych,
1083 3080 1114 3132 et
1138 3073 1286 3132 loannem
1311 3072 1404 3132 Wlah
1428 3074 1467 3133 de
1492 3072 1581 3132 Also-

299 3181 494 3260 lompnycza
517 3201 641 3241 necnon
670 3181 841 3240 iohannem
865 3189 896 3240 et
917 3179 1092 3270 Georgium
1106 3180 1276 3256 Wolarych
1301 3180 1340 3240 de
1364 3181 1389 3238 F
1391 3180 1487 3241 elsew
1511 3181 1580 3239 Lw-

300 3289 437 3362 kawecz‚
461 3296 493 3348 et
514 3289 685 3348 Iohannem
720 3288 977 3364 Zthanylowych,
1009 3287 1039 3346 in
1071 3305 1207 3365 persona
1242 3294 1349 3347 nostra
1382 3305 1418 3346 ac
1451 3287 1583 3348 aliorum

300 3398 449 3458 nobilium
472 3397 708 3477 possessionum
731 3396 808 3456 Also
831 3397 1017 3469 Lulrawecz,
1039 3396 1310 3473 Alsolompnycza‚
1333 3395 1400 3471 Kys
1424 3393 1526 3456 Obres
1551 3404 1583 3456 et

299 3506 423 3566 Felsew
446 3506 634 3583 Lukawecz,
664 3505 748 3564 iacta
772 3512 821 3563 est
845 3503 1016 3564 convencio
1040 3522 1112 3562 curn
1135 3501 1275 3582 Georgio
1298 3504 1506 3580 Lewachych,
1530 3522 1580 3562 co·

299 3614 371 3674 lono
394 3613 469 3674 dicti
492 3614 626 3674 Matthei
641 3612 847 3689 Zalathnoky,
871 3612 923 3684 ita,
947 3620 981 3671 ut
1004 3611 1088 3672 idem
1112 3610 1271 3691 Georgius
1296 3607 1495 3688 Lewachych
1509 3632 1580 3691 por·

299 3723 397 3784 tarius
421 3724 452 3782 in
476 3721 605 3783 castello
636 3722 823 3782 kaawecz
849 3719 1053 3780 custodiendo
1084 3719 1143 3780 erit
1173 3738 1229 3798 per
1260 3721 1529 3792 annicurriculum,
1549 3731 1580 3780 et

299 3831 427 3892 habebit
449 3850 507 3911 pro
531 3830 647 3890 salario
661 3831 798 3890 florenos
821 3829 997 3904 duodecim,
1021 3828 1095 3888 milii
1119 3837 1247 3907 quartas
1272 3829 1444 3902 duodecim,
1469 3830 1579 3889 etvini

298 3940 428 3999 cubulos
450 3938 638 4018 quindecim.
753 3999 757 4005 ,

404 4045 640 4106 Annotatio
663 4045 695 4104 in
719 4044 923 4124 margine:
947 4041 1147 4103 Castellanus

402 4187 604 4256 Eprotocollo
623 4188 791 4243 iudiciorum
818 4193 847 4242 et
872 4202 1060 4255 processuum
1085 4185 1171 4240 nobil.
1195 4183 1295 4252 Campi
1314 4184 1519 4256 Zagrabiensis.
1547 4186 1578 4238 ln

295 4277 412 4332 archivo
430 4292 575 4332 commun.
594 4277 660 4330 nob.
681 4278 719 4331 de
737 4276 901 4346 Turopolje.

408 4442 418 4473 ¹
436 4444 484 4497 die
503 4441 649 4498 dominico
667 4441 801 4510 proximo
819 4447 887 4495 ante
897 4440 1003 4494 festum
1015 4440 1093 4494 beati
1106 4439 1250 4494 Valentini
1263 4439 1392 4507 episcopi
1402 4443 1433 4491 et
1445 4439 1577 4492 martiris.
