3934 5550
614 1516 616 1521 ι
728 1485 733 1496 ·
798 1448 948 1547 Auno
993 1412 1226 1549 MDOVI.

490 1716 592 1793 [Anno
627 1712 730 1791 loon]
766 1760 773 1775 .
804 1761 1249 1779 ...............
1273 1734 1280 1777 ;
1305 1764 1530 1780 ........
1550 1708 1561 1781 ’.
1586 1768 1592 1781 .

411 1870 730 1887 ...........
755 1822 867 1903 Campi
882 1824 1092 1902 Thur'opolya,
1116 1816 1260 1884 videlicet
1284 1825 1441 1905 Georgius
1464 1827 1655 1907 Pogledych,

405 1984 442 1999 ..
530 1980 693 1999 ......
736 1934 899 2013 Bruchek,
921 1934 1107 2009 vicecomes,
1140 1934 1317 2014 Stephanus
1350 1934 1506 2010 Arbanaz,
1539 1936 1655 1996 Paulus

375 2044 543 2123 Krwpych,
573 2044 706 2103 loannes
730 2092 737 2105 .
761 2090 769 2106 .
797 2092 803 2105 .
828 2093 834 2105 .
861 2045 959 2120 wych,
980 2043 1120 2104 Thomas
1152 2044 1379 2120 Laczkowych‚
1412 2044 1545 2104 loannes
1569 2046 1655 2118 sz,

372 2152 488 2212 Paulus
520 2149 719 2229 Briglewych
743 2196 750 2211 .
775 2198 782 2213 .
806 2199 813 2211 .
837 2198 845 2213 .
869 2150 1013 2227 Kwocz,
1028 2149 1201 2231 Gregorius
1233 2150 1397 2227 Kwdlych‚
1429 2151 1580 2212 Matthias
1605 2152 1653 2211 Pi·

371 2259 505 2335 kowych
537 2264 568 2317 et
600 2256 651 2317 alii
684 2264 869 2335 praesentes
895 2258 1106 2335 [concluldunt
1128 2258 1249 2317 ratione
1273 2276 1387 2317 census
1411 2277 1579 2335 syrowyna
1602 2278 1656 2317 vo·

370 2367 440 2441 cati,
464 2366 548 2446 quod
572 2363 604 2424 in
627 2366 749 2443 sylvam
768 2366 987 2443 [communem]
1004 2367 1136 2443 Bunzky
1154 2366 1229 2446 logh
1245 2375 1391 2425 vocatam
1408 2366 1521 2425 nullius
1543 2376 1656 2446 porcos

370 2492 408 2533 ex
432 2454 591 2551 syrouyria
615 2473 734 2551 absque
759 2473 941 2551 vol[untate]
965 2473 1154 2551 reliquorum
1168 2472 1299 2550 fratrum
1315 2474 1521 2548 intromittere
1538 2476 1654 2539 volunt.

475 2564 572 2641 Iidem
603 2568 723 2639 nobiles
755 2567 951 2653 concludunt,
983 2581 1067 2660 quod
1100 2580 1266 2660 glandines
1303 2581 1433 2661 singulis
1469 2582 1653 2659 septimanis

375 2709 431 2769 per
455 2689 597 2748 homines
622 2687 778 2748 custodire
802 2688 833 2747 in
857 2688 1045 2749 necessitate
1077 2690 1204 2767 quando
1227 2689 1329 2768 lugari
1353 2662 1575 2769 significabunt
1598 2710 1652 2750 vo·

369 2800 443 2871 lunt,
474 2796 526 2876 qui
557 2795 735 2876 singillatim
768 2803 799 2856 et
829 2797 999 2874 separatim
1031 2797 1117 2876 quini
1140 2797 1191 2856 vel
1215 2797 1282 2857 seni
1311 2799 1430 2877 absque
1454 2799 1572 2878 lugaris
1595 2818 1652 2877 per

371 2906 492 2982 sylvam
524 2904 684 2963 ambulare
716 2904 882 2978 debebunt,
915 2913 945 2964 et
977 2904 1062 2964 fures
1095 2923 1260 2983 porcorum
1284 2905 1352 2984 ipso
1375 2905 1458 2966 lacto
1482 2925 1596 2986 capere
1620 2915 1652 2967 et

369 3013 409 3072 ad
434 3011 593 3072 dominum
620 3011 766 3071 comitem
790 3012 956 3074 adducere.

473 3120 559 3196 ltem,
583 3119 609 3177 si
633 3118 702 3199 quis
727 3138 764 3178 ex
782 3119 996 3180 assessoribus
1021 3121 1062 3179 ad
1085 3121 1269 3180 mandatum
1292 3122 1409 3181 domini
1433 3122 1555 3182 comitis
1579 3142 1650 3183 sese

375 3228 493 3306 absque
519 3227 623 3304 aliqua
647 3245 743 3286 causa
767 3227 963 3302 subtraxerit,
981 3237 1093 3288 extunc
1117 3235 1270 3306 proventu
1293 3207 1500 3292 suo‘carebit

473 3335 551 3394 Item
583 3335 684 3394 donec
715 3335 880 3410 voyvodae
914 3354 952 3394 ex
984 3335 1199 3411 Lytowanych
1230 3335 1382 3411 redibunt,
1415 3336 1543 3397 inferius
1578 3357 1649 3398 con·

368 3443 473 3520 scripti
513 3443 582 3501 loco
622 3461 729 3501 eorum
770 3443 890 3519 sylvam
923 3443 1080 3502 custodire
1119 3444 1286 3517 debebunt,
1327 3443 1470 3504 videlicet
1502 3444 1650 3507 Nicolaus

368 3545 560 3630 Ztepan'ych,
596 3550 773 3628 Stephanus
807 3551 857 3628 [et]
891 3552 1025 3611 loannes
1056 3551 1203 3629 Mudych,
1235 3552 1383 3612 Nicolaus
1418 3553 1528 3613 Kuocz
1553 3554 1643 3614 aliter

369 3658 536 3735 Kolarych
570 3657 742 3738 Gregorius
774 3659 1003 3736 lalsewechky,
1036 3661 1175 3720 Thomas
1205 3661 1436 3737 Laczkowych‚
1468 3670 1500 3721 et
1531 3664 1649 3742 reliqui,

367 3765 478 3844 quibus
502 3785 609 3826 comes
632 3765 808 3840 mandabit;
839 3766 864 3825 si
889 3766 941 3846 qui
965 3767 1093 3827 obedire
1117 3769 1267 3829 mandato
1291 3769 1432 3842 noluerit,
1456 3779 1569 3830 extunc
1591 3791 1649 3849 pro

367 3873 498 3953 singulis
522 3872 703 3933 excessibus
726 3874 863 3933 florenos
887 3874 965 3936 duos
990 3874 1095 3934 comiti
1119 3874 1194 3934 dare
1218 3875 1353 3937 debebit.

1002 4067 1019 4102 a

942 4121 955 4148 t
1064 4115 1079 4148 ¹l¹

480 4262 572 4325 1606.
608 4263 659 4325 25.
684 4265 879 4342 septembris.
911 4265 1029 4326 Comes
1062 4286 1100 4326 ac
1132 4267 1318 4327 universitas
1350 4270 1499 4330 nobilium
1534 4271 1647 4352 Campi

367 4372 590 4452 Turopolensis
622 4372 818 4446 concludunt,
852 4374 935 4450 quod
967 4375 1054 4453 porci
1086 4375 1256 4435 decimales
1280 4375 1496 4453 divendantur,
1525 4399 1562 4439 ac
1592 4401 1647 4459 pe·

369 4480 461 4540 cunia
492 4481 522 4539 in
555 4499 646 4540 usum
677 4480 907 4540 communitatis
933 4490 1080 4557 vertatur,
1105 4483 1243 4561 exceptis
1267 4484 1326 4543 illis
1349 4487 1570 4563 assessoribus,
1594 4489 1647 4568 qui

371 4589 523 4648 hactenus
547 4588 679 4647 fideliter
703 4589 742 4648 ad
766 4597 968 4666 praeceptum
992 4590 1109 4650 domini
1132 4591 1253 4651 comitis
1277 4591 1492 4657 inservierunt.

475 4695 561 4769 Item,
586 4694 637 4773 qui
661 4695 720 4754 hoc
735 4702 876 4772 tempore
901 4697 940 4756 ad
964 4697 1244 4778 congregationem
1269 4700 1375 4759 venire
1399 4702 1561 4771 noluerint,
1584 4703 1646 4762 sin-

366 4803 433 4884 guli
463 4803 599 4862 florenos
630 4802 851 4882 hungaricales
890 4823 945 4863 sex
977 4805 1018 4865 ad
1051 4824 1143 4865 usum
1174 4813 1205 4866 et
1227 4807 1449 4868 necessitatem
1475 4811 1644 4870 communi-

368 4911 441 4970 tatis
465 4929 521 4987 pro
544 4908 683 4988 birsagio
708 4911 829 4970 solvere
854 4911 1020 4971 debebunt.
