3934 5550
1029 851 1069 918 5.

515 998 606 1056 Anno
635 995 727 1061 1734.
755 996 900 1084 12.-26.
925 999 1063 1060 ianuarii.

406 1154 594 1219 Processus
616 1159 737 1219 contra
752 1155 939 1220 Nicolaum
954 1155 1162 1238 Darrtouiclr,
1185 1156 1381 1222 Barbarum
1405 1157 1687 1224 Chondrekouiclt

406 1261 509 1324 aliter
534 1260 695 1338 Czuinek,
711 1262 817 1326 Pauli
839 1262 996 1327 loriniclr
1019 1263 1122 1328 aliter
1145 1262 1316 1349 Kernyok,
1336 1265 1504 1338 Helenam
1529 1265 1688 1330 Iuriniclz

405 1369 510 1434 aliter
541 1368 710 1454 Kernyok,
740 1369 909 1454 Stephani
941 1371 1125 1436 Arbortosz
1154 1372 1258 1436 aliter
1281 1373 1406 1453 Boltak,
1431 1373 1687 1462 Margaretlzom
1733 1355 1735 1360 ⁵

408 1476 514 1541 Milos
527 1564 532 1570 p
547 1476 653 1540 aliter
682 1477 875 1562 Kiszelyolr,
910 1477 1091 1542 Michaelis
1127 1478 1236 1544 Susso
1260 1483 1442 1561 consortes,
1475 1481 1686 1546 Dorotheum

413 1583 638 1664 Trombetoss
674 1584 823 1677 Georgii
855 1584 1001 1650 Mudiclt
1036 1587 1192 1651 relictam
1229 1587 1380 1664 uiduam,
1413 1592 1515 1674 atque
1547 1589 1685 1675 Morga-

406 1689 540 1755 rituam
563 1689 703 1769 Wclziclz,
731 1693 879 1778 Georgii
904 1692 1058 1758 Skuorcz
1082 1693 1323 1772 corrlhoralem,
1347 1693 1386 1758 oh
1409 1702 1506 1760 octus
1529 1695 1684 1780 arogicos

869 1801 1050 1866 incusatos
1074 1803 1152 1888 (sog
1188 1803 1215 1882 ).

512 1964 603 2024 Actio
637 1964 785 2044 generosi
810 1965 962 2025 Matthiae
989 1966 1126 2040 Mudich‚
1159 1966 1369 2025 universitatis
1405 1967 1541 2026 nobilum
1573 1965 1686 2044 Campi

406 2071 585 2149 Turopolya
616 2071 731 2132 fiscalis
755 2081 787 2131 et
811 2073 933 2145 actoris,
963 2080 1072 2132 contra
1096 2082 1127 2131 et
1150 2073 1303 2132 adversus
1327 2073 1497 2133 Barbarum
1523 2072 1681 2134 Czandre·

406 2172 536 2236 kouich¹
561 2179 648 2238 aliter
672 2178 822 2252 Czuinek,
847 2180 958 2239 nobilis
983 2179 1071 2239 Pauli
1107 2179 1238 2239 Iurinich
1265 2180 1352 2240 aliter
1378 2179 1524 2256 Kemyak
1556 2180 1683 2240 contho-

407 2285 513 2358 ralem,
547 2286 642 2344 veluti
675 2287 854 2346 modalitate
878 2286 1075 2364 infrascripta
1102 2304 1213 2366 sagam
1238 2287 1322 2345 etin
1348 2305 1475 2346 causam
1508 2295 1681 2359 attractam,

405 2411 510 2452 coram
535 2413 586 2452 me
610 2394 743 2453 Matthia
759 2393 886 2468 Mixich,
910 2394 1055 2456 iamiatae
1078 2393 1288 2476 universitatis
1312 2393 1460 2452 nobilium
1482 2391 1594 2472 Campi
1619 2394 1680 2451 Tu-

407 2500 525 2577 ropolia
558 2501 725 2560 substituto
757 2502 870 2562 comite
902 2502 1050 2574 terrestri,
1079 2502 1170 2560 simul
1194 2501 1366 2580 capitaneo,
1392 2501 1587 2579 eaeterisque
1611 2501 1686 2560 iuris

407 2607 617 2668 assessoribus
641 2618 672 2668 ct
695 2609 770 2668 iuris
793 2610 908 2688 peritis,
932 2609 1098 2670 occasione
1116 2618 1146 2668 et
1163 2617 1325 2688 praetextu
1346 2607 1540 2669 diversorum
1558 2619 1682 2668 actuum

405 2715 599 2800 magicorum
631 2736 688 2796 per
718 2718 850 2778 eandem
876 2716 1005 2778 veroin
1031 2736 1158 2777 causa-m
1193 2721 1357 2777 attractam
1381 2725 1628 2795 perpetratorum
1653 2725 1683 2777 et

406 2825 486 2885 inira
509 2827 634 2885 uberius
659 2828 913 2905 exponendorum
938 2835 1022 2916 mota
1048 2834 1079 2886 et
1103 2834 1214 2885 erecta.

512 2934 651 3009 Qualiter
681 2931 825 2993 nimirum
849 2933 1119 3011 praementionata
1142 2932 1173 2992 in
1198 2951 1327 2993 causam
1352 2940 1493 3005 attracta,
1517 2932 1682 3011 ignoratur
1763 2968 1765 2975 ·

326 3066 329 3071 ·
383 3043 487 3101 unde
512 3049 605 3115 mota,
629 3060 731 3119 quove
756 3040 909 3101 diabolico
934 3049 965 3100 et
988 3041 1126 3121 maligno
1151 3041 1259 3118 spiritu
1284 3042 1324 3100 ad
1347 3042 1378 3100 id
1402 3041 1530 3101 inducta
1554 3049 1584 3099 et
1609 3058 1682 3099 con·

405 3148 508 3221 citata,
533 3148 705 3226 postposito
729 3148 779 3207 dei
803 3148 1025 3225 hominumque
1054 3148 1172 3223 timore,
1206 3148 1402 3225 iustitiaeque
1428 3166 1465 3206 ac
1489 3148 1594 3227 legum
1627 3164 1681 3223 pa·

404 3254 534 3313 triarum
549 3255 661 3334 rigore,
691 3256 853 3314 immemor
877 3255 1023 3334 imaginis
1048 3264 1078 3315 et
1101 3258 1221 3315 termae
1238 3255 1371 3329 divinae,
1394 3232 1437 3315 ad
1461 3254 1548 3314 cuius
1576 3252 1682 3312 simili·

405 3360 542 3421 tudinem
575 3381 699 3441 quoque
731 3363 841 3422 eadem
875 3363 906 3420 in
938 3381 1066 3436 causam
1100 3369 1233 3421 attracta
1265 3371 1370 3422 creata
1406 3371 1498 3436 esset,
1529 3361 1681 3439 vilipenso

394 3468 624 3546 *preciosissimi
656 3470 820 3529 salvatoris
851 3470 948 3529 nostri
983 3470 1137 3549 sangvine
1179 3489 1234 3547 pro
1270 3471 1369 3529 salute
1402 3480 1432 3529 et
1467 3469 1680 3547 redemptione

405 3577 532 3636 humani
556 3578 681 3656 generis
704 3577 840 3656 profuso,
875 3577 1074 3654 foederisque
1098 3578 1129 3636 in
1153 3596 1243 3637 sacro
1267 3577 1464 3655 baptizmatis
1495 3577 1579 3637 fonte
1611 3596 1680 3635 cum

405 3692 545 3743 creatore
577 3702 633 3743 suo
662 3684 736 3757 initi,
764 3693 829 3743 tum
854 3703 936 3743 armo
971 3685 1064 3744 modo
1096 3684 1230 3743 currenti
1262 3684 1468 3763 infrascripto,
1492 3704 1563 3744 cum
1587 3684 1679 3744 etiam

405 3791 544 3869 pluribus
577 3792 638 3851 iam
671 3792 803 3851 evolutis
841 3792 930 3851 annis
962 3800 993 3851 et
1017 3792 1218 3871 temporibus,
1253 3792 1346 3870 idque
1379 3791 1510 3851 diversis
1541 3792 1617 3852 locis
1652 3799 1682 3851 et

405 3899 532 3971 vicibus,
555 3900 661 3959 relicto
689 3918 751 3958 uno
779 3896 853 3959 vero
882 3908 912 3959 et
942 3900 1131 3977 sempiterno
1161 3901 1229 3974 de0,
1262 3901 1365 3978 ipsum
1401 3900 1496 3959 filium
1532 3898 1583 3958 dei
1618 3898 1680 3957 vivi

404 4006 597 4086 unigenitum
630 4016 801 4066 memorata
834 4008 864 4068 in
897 4026 1027 4067 causam
1061 4015 1193 4066 attracta
1226 4009 1424 4087 abnegasset,
1456 4008 1561 4066 omnia
1592 4005 1680 4065 Chri-

404 4114 523 4173 stianae
556 4114 627 4173 fidei
659 4115 847 4176 documenta
875 4114 1075 4191 deseruisset,
1099 4123 1297 4175 sacramenta
1321 4115 1474 4174 ecclesiae
1498 4133 1553 4192 per
1577 4114 1679 4191 ipsum

403 4219 562 4281 Christum
594 4221 733 4281 instituta
764 4222 986 4300 vilipendisset,
1020 4241 1134 4280 nomen
1165 4222 1223 4297 dei,
1255 4223 1289 4282 B.
1322 4222 1358 4283 V.
1389 4221 1519 4293 Mariae,
1549 4221 1611 4279 imo
1634 4219 1680 4296 ip·

403 4330 533 4390 siusmet
564 4330 781 4390 sanctissimae
812 4331 971 4390 Trinitatis
1004 4350 1040 4389 ac
1074 4340 1255 4390 sanctorum
1283 4330 1334 4389 dei
1357 4328 1529 4389 blazfemiis
1553 4336 1584 4388 et
1607 4345 1679 4387 cou-

403 4437 491 4497 viciis
514 4438 676 4497 horrendis
700 4439 878 4516 sprevisset,
902 4439 1035 4516 talisque
1061 4438 1209 4498 salvatori
1234 4457 1291 4497 suo
1316 4436 1439 4497 rebellis
1462 4437 1545 4496 facta
1562 4436 1680 4508 inisset,

403 4564 517 4605 nomen
541 4565 633 4604 suum
657 4546 781 4605 demoni
814 4545 1030 4622 inscripsisset,
1064 4546 1228 4623 eidemque
1258 4554 1441 4623 perpetuam
1472 4543 1567 4603 fidem
1591 4561 1680 4601 suam

403 4654 544 4726 iurasset,
575 4652 637 4711 imo
672 4661 703 4711 et
734 4653 773 4711 ad
806 4654 1044 4712 contestandum
1075 4653 1177 4713 eidem
1206 4653 1387 4712 fidelitatem
1412 4652 1548 4733 sigillum
1573 4649 1679 4709 diabo-

404 4760 495 4818 licum
520 4760 641 4837 corpori
664 4759 711 4819 sui
735 4760 852 4837 imponi
881 4760 1067 4835 admisisset,
1100 4761 1206 4839 sicque
1231 4760 1355 4820 demoni
1380 4767 1566 4837 perpetuum
1590 4774 1679 4815 vasa-

404 4867 522 4947 logium
553 4865 768 4945 praestitisset,
799 4868 925 4945 saepius
956 4888 1080 4947 quoque
1114 4888 1184 4927 cum
1216 4869 1327 4928 eodem
1360 4868 1492 4926 demone
1517 4862 1681 4925 carnaliter
