3934 5550
412 404 455 466 96

413 623 539 696 barrum,
564 623 646 683 iusta
670 644 709 682 an
734 623 847 683 iniusta
879 624 970 684 fuerit
1002 624 1070 703 ipsa
1102 626 1245 703 querela;
1279 624 1371 684 etiam
1405 625 1561 687 retulisset
1591 626 1692 686 dictos

414 730 534 790 nobiles
566 749 672 790 coram
703 750 739 790 se
770 731 983 811 comparuisse
1018 744 1167 811 tanquam
1208 732 1366 792 autentica
1397 751 1531 811 persona
1565 732 1691 811 capituli

412 838 627 913 Chasmensis,
662 846 769 918 utpote
805 840 944 912 custode,
979 846 1233 918 protestatusque
1264 840 1360 899 luisse
1385 859 1478 919 super
1503 840 1689 919 quibusdam

412 946 545 1021 damnis,
567 946 683 1005 nullum
708 955 812 1007 tamen
837 947 965 1007 eosdem
990 946 1109 1007 nobiles
1141 956 1258 1007 certum
1282 947 1438 1007 indicasse
1471 948 1690 1008 detrimentum

415 1072 471 1131 per
494 1054 652 1133 praelatos
676 1054 834 1114 haramias
857 1054 983 1114 illatum.
1009 1054 1168 1129 Quantum
1195 1062 1298 1114 autem
1325 1056 1364 1115 ad
1381 1055 1607 1115 desolationem
1623 1056 1688 1134 ipse

411 1160 505 1221 etiarn
528 1159 604 1221 nibil
627 1160 729 1223 sciret.
753 1161 830 1221 lllud
855 1170 959 1220 tamen
985 1160 1065 1221 bene
1097 1160 1155 1220 sibi
1185 1168 1352 1235 constaret,
1384 1162 1547 1222 meliorata
1578 1171 1609 1222 et
1642 1182 1689 1222 re·

410 1276 551 1328 staurata
574 1287 630 1347 per
653 1268 755 1345 ipsum
780 1268 940 1328 dominum
964 1268 1081 1327 banum
1104 1267 1210 1327 fuisse.
1236 1269 1361 1328 Tertius
1377 1270 1467 1328 testis
1484 1268 1595 1329 nobilis
1609 1270 1689 1329 Lau·

411 1376 527 1436 rentius
550 1377 644 1457 Nagi,
668 1377 760 1436 iudex
784 1376 901 1440 liberae
921 1376 1061 1455 ¹civitatis
1094 1376 1201 1456 regiae
1238 1374 1539 1455 Montisgraecensis
1570 1377 1688 1456 Zagra-

410 1484 534 1557 biensiS,
559 1504 712 1544 annorum
735 1483 963 1563 quinquaginta
987 1484 1134 1562 quinque,
1158 1484 1261 1543 lassus
1285 1492 1341 1558 est,
1364 1484 1447 1563 quod
1465 1483 1691 1572 comparuisset

408 1591 521 1652 nobilis
544 1592 671 1671 quidam
695 1592 883 1672 cognomine
915 1591 1082 1670 Plepelich‚
1113 1591 1301 1670 fecissetque
1334 1592 1503 1671 querelam,
1535 1583 1688 1671 quosdam

408 1699 606 1759 confiniarios
637 1698 749 1758 milites
780 1700 916 1759 nescitur
939 1700 1022 1759 unde
1047 1708 1078 1758 et
1101 1699 1189 1759 cuius
1214 1708 1328 1775 essent,
1352 1698 1410 1759 sibi
1442 1698 1576 1777 plurima
1615 1700 1687 1758 ade·

407 1807 502 1866 misse
526 1825 649 1884 pecora,
673 1826 773 1885 eaque
797 1826 836 1866 ex
859 1815 947 1886 parte
966 1816 1000 1865 ut
1015 1806 1134 1867 libitum
1150 1807 1260 1867 luisset
1277 1806 1457 1866 restituisse.
1482 1806 1564 1865 Nihil
1581 1814 1686 1866 tamen

407 1916 446 1975 de
470 1917 585 1975 damno
608 1915 817 1994 specificasse.
841 1914 889 1975 De
913 1914 1107 1975 desolatione
1131 1915 1280 1975 nobilium
1311 1914 1449 1993 ipsorum
1474 1913 1548 1973 nihil
1583 1914 1685 1973 sciret.

406 2024 546 2099 Quartus
569 2022 681 2083 nobilis
703 2022 882 2100 Stephanus
915 2022 1046 2097 Maricb,
1070 2041 1222 2082 annorum
1246 2020 1374 2101 triginta
1406 2020 1552 2100 quinque,
1582 2020 1686 2079 fassus

407 2138 464 2205 est,
488 2130 573 2208 quod
596 2129 769 2190 audivisset
793 2129 832 2189 ab
857 2130 987 2211 egregio
1024 2131 1140 2191 loanne
1175 2129 1356 2209 Pogledich,
1388 2128 1501 2189 comite
1538 2127 1685 2187 nobilium

409 2238 449 2299 de
472 2237 651 2317 Turopolia,
674 2256 731 2316 per
754 2238 882 2297 modum
905 2238 1062 2316 querelae,
1086 2238 1145 2297 sibi
1168 2245 1200 2297 et
1223 2236 1362 2316 Georgio
1387 2237 1510 2321 Vagich
1539 2236 1685 2314 adempta

412 2344 510 2406 luisse
533 2364 648 2423 pecora
670 2364 728 2425 per
750 2345 908 2406 haramias
931 2346 971 2405 de
996 2346 1147 2424 Pokupia,
1171 2345 1227 2404 sed
1252 2344 1340 2405 cuius
1363 2344 1512 2404 mandato
1526 2343 1687 2404 baramiae

413 2453 443 2512 id
469 2452 624 2527 iecissent,
639 2452 730 2512 lateri
753 2472 816 2512 non
841 2471 943 2531 posse,
959 2462 1083 2531 praeter
1107 2472 1142 2513 se
1166 2453 1247 2513 bene
1270 2452 1437 2528 recordari,
1453 2452 1585 2531 qualiter
1608 2452 1690 2511 idern

417 2562 552 2620 loarnes
574 2560 746 2640 Pogledich
768 2560 852 2620 bano
876 2560 1094 2639 supplicasset,
1117 2570 1151 2619 ut
1175 2579 1290 2639 pecora
1314 2560 1461 2639 adempta
1492 2557 1690 2619 restitueren-

406 2676 464 2742 tur,
501 2688 538 2728 ac
572 2669 688 2728 barrum
722 2668 921 2748 respondisse
954 2688 989 2728 se
1025 2668 1213 2728 restiturum.
1249 2668 1386 2727 Dixisset
1420 2675 1586 2747 praeterea
1622 2667 1689 2746 ipse

405 2777 493 2837 testis
517 2778 556 2837 de
580 2777 773 2836 desolatione
798 2785 833 2836 ut
855 2776 973 2856 primus
996 2775 1093 2836 testie.
1118 2776 1254 2852 Quintus
1285 2775 1397 2835 nobilis
1421 2775 1606 2836 Franciscus
1638 2777 1686 2835 Pi·

405 2885 488 2957 lotto,
513 2885 675 2943 viceiudex
699 2883 848 2943 nobilium
871 2884 1039 2944 comitatus
1062 2881 1294 2962 Zagrabiensis,
1327 2881 1430 2942 fassus
1454 2892 1502 2941 est
1526 2883 1686 2944 audivisse

403 3011 441 3051 ex
465 2991 614 3069 praelatis
637 2992 753 3051 Ioanne
778 2991 948 3071 Pogledich
978 2999 1010 3050 et
1041 2990 1180 3070 Georgio
1213 2990 1345 3070 Vagich,
1377 2989 1495 3050 eisdem
1529 2989 1683 3049 nobilibus

404 3101 549 3179 adempta
573 3099 669 3160 tuisse
692 3118 809 3178 pecora
831 3117 889 3178 per
910 3099 1069 3160 haramias
1093 3097 1299 3176 Colapiensis,
1324 3099 1379 3158 sed
1412 3117 1450 3157 ex
1475 3098 1563 3157 cuius
1596 3117 1681 3158 man·

402 3208 475 3266 dato
500 3226 535 3266 se
559 3227 621 3266 non
645 3206 734 3280 scire,
765 3225 867 3285 neque
899 3207 1021 3286 aliquas
1052 3205 1264 3266 desolationes
1299 3205 1399 3264 lactas
1431 3203 1536 3268 luisse.
1567 3205 1682 3265 Sextus

401 3314 489 3374 testis
513 3315 662 3394 egregius
685 3315 788 3374 Lucas
812 3312 1019 3389 Chernkoczy
1043 3313 1082 3372 de
1107 3312 1302 3388 Chernkocz‚
1321 3313 1497 3373 vicecomes
1515 3312 1681 3372 comitatus

401 3422 633 3503 Zagrabiensis,
665 3422 816 3501 septimus
849 3421 937 3481 testis
973 3421 1083 3481 Petrus
1115 3420 1281 3498 Zelniczej,
1316 3430 1422 3481 custos
1446 3431 1477 3481 et
1513 3421 1682 3481 canonicus

404 3530 627 3611 Zagrabiensis
649 3529 812 3600 ecclesiae,
837 3548 989 3589 annorum
1013 3529 1142 3608 triginta
1164 3546 1287 3601 novem,
1311 3529 1387 3589 lassi
1412 3537 1484 3590 sunt
1508 3537 1542 3588 ut
1557 3529 1684 3608 primus.

404 3637 545 3698 Octavus
569 3636 658 3696 testis
689 3637 875 3696 Franciscus
910 3636 1065 3716 Ergelius,
1088 3635 1285 3715 praepositus
1316 3636 1415 3695 maior
1450 3646 1478 3695 et
1516 3635 1684 3695 canonicus

405 3742 638 3824 Zagrabiensis,
661 3743 766 3802 fassus
798 3752 846 3802 est
877 3743 949 3802 nihil
984 3743 1067 3802 aliud
1105 3744 1184 3802 scire
1215 3751 1340 3822 praeter
1374 3745 1533 3822 querelam
1568 3745 1683 3804 factam

405 3853 528 3932 publice
553 3854 584 3912 in
607 3855 748 3934 generali
772 3864 928 3914 conventu
945 3854 1184 3934 regnicolarum,
1208 3872 1289 3932 quae
1314 3855 1396 3914 iusta
1421 3872 1461 3912 an
1479 3853 1592 3912 iniusta
1608 3852 1681 3912 fuis-

402 3969 458 4035 set,
482 3962 668 4042 ignorasset
692 3962 801 4022 Nonus
825 3963 913 4021 testis
937 3961 1049 4021 nobilis
1074 3962 1217 4022 Andreas
1243 3963 1415 4021 Pozawecz
1440 3961 1529 4020 aliter
1542 3961 1678 4036 Zokach,

400 4070 492 4131 iudex
517 4089 610 4130 areae
634 4070 823 4148 capitularis,
838 4088 991 4130 annorum
1016 4069 1179 4150 sexaginta
1207 4070 1309 4129 lassus
1326 4077 1374 4128 est
1389 4079 1423 4128 ut
1438 4069 1564 4148 quintus
1581 4068 1678 4128 testis.

401 4177 548 4238 Decimus
571 4178 660 4237 testis
682 4178 795 4238 nobilis
809 4178 988 4256 Stephanus
1013 4177 1152 4254 Czanelr,
1184 4196 1300 4257 spanus
1332 4177 1457 4256 capituli
1486 4176 1678 4256 Zagrabien·

400 4285 451 4358 sis,
475 4303 627 4344 annorum
652 4285 817 4365 sexaginta
841 4289 987 4364 quinque,
1010 4287 1114 4345 lassus
1138 4293 1186 4344 est
1210 4283 1325 4352 auditu,
1350 4294 1556 4368 conquestum
1581 4283 1677 4342 luisse

398 4393 571 4472 Georgium
587 4393 709 4471 Vagich
733 4393 773 4451 de
798 4392 909 4452 ablatis
932 4391 991 4450 sibi
1023 4392 1188 4470 pecoribus
1211 4410 1267 4469 per
1291 4391 1432 4450 homines
1454 4391 1538 4463 bani,
1561 4391 1601 4450 de
1625 4391 1677 4450 de-

398 4501 550 4560 solatione
575 4510 680 4560 autem
703 4499 777 4559 nihil
802 4500 904 4570 sciret,
928 4500 1040 4559 eodem
1064 4501 1158 4559 modo
1190 4519 1246 4576 pro
1281 4508 1369 4578 parte
1401 4499 1554 4558 dictorum
1590 4497 1676 4557 nobi·

398 4608 472 4668 lium
497 4608 590 4668 etiam
615 4618 708 4668 antea
731 4608 834 4667 lassus
859 4617 951 4668 esset.
976 4608 1124 4667 Decimus
1148 4608 1265 4685 primus
1289 4607 1378 4667 testis
1402 4607 1550 4665 Nicolaus
1565 4605 1674 4665 Altha-

399 4717 469 4788 bak,
493 4716 569 4774 civis
593 4735 687 4776 areae
710 4717 898 4794 capitularis,
916 4735 1068 4775 annorum
1092 4716 1219 4794 triginta
1241 4716 1386 4794 quinque,
1402 4715 1506 4774 fassus
1523 4723 1571 4773 cst
1588 4714 1673 4774 audi-

403 4844 486 4883 visse
511 4824 550 4882 ab
573 4823 751 4884 hominibus
774 4825 900 4884 incertis
923 4826 963 4884 de
996 4826 1186 4904 praemissis,
1222 4826 1370 4886 Decimus
1403 4826 1559 4885 secundus
1590 4826 1678 4885 testis

399 4937 549 5008 Matthias
584 4937 857 5024 Franczekowych
889 4935 978 5007 aliter
1010 4935 1128 4999 Wzdar
1159 4935 1268 5016 deus,
1304 4935 1381 5004 civis
1405 4935 1544 5004 eiusdem
1583 4952 1676 5001 areae
