3934 5550
408 414 474 475 212

410 651 447 690 ex
472 628 628 707 praesidio
652 627 853 697 Koztanicza,
877 622 990 701 quibus
1014 639 1071 699 pro
1095 621 1212 679 honore
1237 616 1326 697 regni
1357 615 1448 675 huius
1482 586 1583 674 etiam⁸
1609 614 1695 673 iuxta

408 736 635 799 intimationem
660 754 737 795 suae
761 729 963 794 excellentiae
987 727 1110 788 banalis
1134 734 1266 789 eatenus
1287 724 1413 797 factam,
1439 722 1610 782 honorifice
1633 720 1687 781 ob-

411 846 508 921 viare,
533 854 564 904 et
587 843 710 903 decenti
734 840 881 902 comitiva
906 838 1025 897 servire
1047 854 1214 895 necessum
1238 842 1301 905 est;
1326 831 1450 892 aliunde
1468 839 1573 891 autem
1589 830 1689 908 impe·

411 952 483 1013 ditis
506 951 604 1031 copiis
626 950 791 1010 banalibus
815 947 855 1008 ob
880 943 1141 1005 intervenientem
1164 940 1413 1001 distributionem
1448 936 1593 1017 stipendii
1626 938 1687 997 Va-

409 1058 527 1120 rasdini
551 1057 696 1129 futuram,
720 1057 760 1116 de
784 1072 914 1114 numero
937 1050 1158 1111 banderiorum
1182 1047 1273 1107 huius
1296 1045 1387 1126 regni
1416 1046 1576 1105 solitorum
1608 1044 1689 1104 eius·

409 1167 494 1227 modi
519 1164 666 1226 comitiva
690 1162 827 1243 suppleri
851 1158 984 1221 debebit.
1008 1158 1183 1236 Eapropter
1207 1156 1235 1215 d.
1259 1175 1289 1216 v.
1313 1172 1470 1233 generosa
1492 1153 1588 1213 talem
1619 1171 1692 1211 curn

410 1294 470 1335 sua
494 1272 695 1333 universitate
720 1269 869 1330 nobilium
892 1266 1007 1345 Campi
1039 1262 1273 1342 Turopoliensis
1305 1260 1447 1323 ordinem
1476 1260 1626 1331 instituat,
1658 1265 1692 1317 ut

411 1380 622 1461 quadraginta
644 1396 775 1439 numero
800 1375 921 1455 equites
945 1372 1040 1435 armis
1063 1371 1161 1450 probe
1184 1370 1360 1442 instructos,
1384 1368 1464 1428 sicut
1487 1376 1520 1427 et
1542 1366 1621 1426 alios
1637 1374 1690 1439 tot,

411 1495 486 1567 quot
509 1494 600 1547 erunt
623 1483 794 1547 necessarii
817 1482 947 1562 equites,
971 1498 1028 1559 pro
1060 1477 1236 1539 deserendis
1270 1476 1379 1536 litteris
1414 1483 1446 1535 et
1480 1472 1692 1546 internunciis,
1768 1548 1771 1556 Ι

411 1603 550 1655 actutum
573 1601 702 1674 paratos
725 1600 843 1665 tenere,
867 1598 897 1650 et
922 1590 962 1648 ad
986 1587 1120 1665 primam
1143 1584 1326 1663 perillustris
1346 1582 1462 1643 domini
1478 1580 1622 1641 vicebani
1644 1580 1691 1640 in·

409 1702 613 1776 timationem,
649 1708 780 1761 eatenus
814 1697 960 1773 fiendam,
995 1694 1133 1755 indillate
1169 1690 1317 1770 expedire
1351 1699 1383 1750 et
1414 1690 1576 1751 ermittere
1608 1689 1692 1768 velit,

412 1828 514 1889 neque
538 1810 692 1869 ullatenus
715 1804 907 1866 intermittat
930 1804 965 1863 ln
989 1801 1108 1880 reliquo
1132 1798 1248 1859 valebit
1269 1797 1409 1859 feliciter.

516 1952 668 2011 Eiusdem
691 1970 722 2030 g.
746 1950 775 2009 d.
799 1968 827 2009 v.
852 1946 969 2007 servire
993 1944 1210 2025 paratissimus

1111 2088 1290 2167 Stephanus
1313 2086 1524 2148 Selischeuich
1550 2107 1590 2147 m.
1614 2106 1643 2165 p.

517 2240 703 2321 Zagrabiae,
728 2237 779 2301 20.
803 2237 867 2298 iulii
896 2233 988 2297 1695.

517 2387 559 2446 ln
583 2386 723 2445 dorso:
756 2382 919 2443 Generoso
954 2380 1080 2440 domino
1115 2379 1208 2436 Petro
1242 2371 1507 2452 Szinkouachky¹,
1541 2374 1691 2434 nobilium

414 2493 625 2554 universitatis
648 2490 761 2571 Campi
778 2489 947 2568 Turopolia
970 2486 1075 2547 comiti
1098 2484 1237 2545 terrestri
1261 2493 1328 2557 etc,
1352 2482 1478 2543 domino
1494 2482 1569 2542 mihi
1585 2482 1691 2543 obser-

413 2600 614 2661 vandissim0.

518 2739 664 2812 Originale
683 2740 873 2803 chartaceum,
893 2754 908 2792 a
927 2744 1009 2808 tergo
1029 2751 1197 2804 oppressum
1217 2741 1262 2788 est
1281 2708 1416 2804 sigillum,
1430 2748 1488 2802 quo
1503 2731 1584 2785 litera
1596 2731 1693 2786 clausa

412 2838 480 2884 erat,
502 2832 533 2883 ln
553 2831 667 2883 archivo
686 2845 828 2882 commun.
848 2829 912 2881 nob.
933 2829 969 2881 de
989 2825 1151 2894 Turopoljc.

522 2993 530 3022 ¹
550 2995 599 3046 sic.

1005 3310 1109 3387 108.

518 3533 610 3592 Anno
639 3529 730 3592 1695.
754 3528 806 3592 23.
831 3530 965 3609 augusti.
990 3531 1024 3588 ln
1047 3529 1176 3588 Chiche.

517 3746 658 3805 Adamns
689 3745 729 3804 de
761 3745 928 3821 Battbyan,
959 3745 1070 3816 banus,
1101 3726 1229 3803 Petrum
1261 3745 1407 3820 Vallicza,
1445 3747 1591 3805 comitem
1622 3753 1693 3806 terr.

411 3853 526 3932 Campi
561 3851 795 3930 Turopoliensis
827 3853 865 3911 de
898 3851 1051 3911 castrensi
1085 3851 1282 3929 expeditione
1315 3871 1356 3913 ss.
1388 3860 1419 3912 et
1449 3872 1497 3914 oo.
1526 3853 1691 3912 certiorem

409 3950 502 4022 facit.'
523 3962 627 4039 Ipsum
654 3961 694 4020 ad
718 3959 997 4039 congregationem
1031 3960 1213 4038 generalem
1240 3978 1296 4037 pro
1320 3959 1370 4018 die
1395 3959 1424 4021 5.
1448 3961 1635 4039 septembris
1659 3960 1690 4019 in

411 4071 480 4130 loco
504 4069 545 4128 ad
567 4067 696 4127 fluvium
713 4067 942 4142 Moschenicza,
957 4067 1038 4126 intra
1054 4066 1198 4146 Colapim
1213 4075 1245 4127 et
1258 4069 1382 4128 Unnam
1399 4069 1513 4128 situato
1527 4069 1687 4128 celebran-

410 4179 491 4250 dam,
506 4175 615 4235 invitat
617 4220 748 4236 .....
777 4181 949 4252 »quatenus
974 4173 1088 4254 singuli
1105 4174 1221 4234 domini
1238 4183 1338 4234 status
1362 4183 1394 4234 et
1416 4176 1551 4251 ordineS,
1576 4176 1693 4235 domini

410 4285 536 4364 quidem
552 4291 727 4362 magnates,
746 4289 870 4359 praeter
894 4300 952 4341 sna
975 4282 1066 4341 solita
1091 4289 1123 4341 et
1146 4282 1251 4341 debita
1266 4283 1425 4356 bauderia,
1442 4303 1501 4342 sua
1517 4302 1587 4342 cum
1605 4281 1689 4342 suifi-

411 4391 504 4452 cienti
521 4410 614 4450 manu
640 4408 657 4448 a
681 4389 772 4448 bonis
796 4388 870 4461 suis,
887 4389 939 4467 qui
956 4408 1057 4468 aeque
1082 4409 1119 4449 ac
1142 4390 1270 4461 nobiles,
1287 4398 1352 4450 tam
1367 4390 1461 4451 dicati
1476 4410 1571 4470 quam
1588 4410 1691 4451 suma·

411 4501 510 4575 listae,
533 4497 737 4576 personaliter
771 4497 879 4556 omnes
904 4497 1031 4556 omniuo
1055 4517 1074 4557 a
1097 4497 1229 4577 singulis
1255 4497 1348 4558 tumis
1370 4517 1433 4558 uno
1457 4499 1560 4578 equite
1584 4508 1615 4559 et
1639 4517 1692 4577 pe·

411 4606 526 4667 ditibus
550 4605 670 4664 duobus
695 4605 815 4677 armati,
849 4623 973 4664 annona
997 4623 1055 4683 pro
1078 4604 1201 4684 integro
1225 4623 1333 4664 mense
1357 4606 1540 4679 sufficiente,
1564 4607 1690 4684 reliquis

413 4731 488 4772 vero
519 4731 575 4791 pro
606 4711 740 4770 decursu
764 4711 971 4789 campagniae
998 4711 1187 4790 requisitatis
1210 4713 1355 4771 omnibus
1384 4713 1534 4788 instructi,
1562 4733 1689 4792 compa·

413 4829 510 4892 reant,
542 4839 598 4896 pro
629 4837 690 4896 quo
714 4825 875 4895 praetacto
906 4820 1033 4896 quintae
1067 4819 1128 4878 diei
1159 4820 1292 4878 termino
1325 4821 1563 4900 congregationi
1598 4821 1690 4880 inter·

413 4925 515 4999 iuturi,
538 4923 682 5003 sequenti
705 4925 810 4984 statim
833 4925 883 4984 die
906 4924 1064 5003 publicam
1095 4926 1225 4986 lustram
1255 4945 1312 5005 per
1340 4946 1399 4988 nos
1429 4928 1556 4988 indubio
1586 4929 1691 4988 termi-
