<?xml version="1.0" encoding="UTF-8"?>
<!DOCTYPE html PUBLIC "-//W3C//DTD XHTML 1.0 Transitional//EN"
    "http://www.w3.org/TR/xhtml1/DTD/xhtml1-transitional.dtd">
<html xmlns="http://www.w3.org/1999/xhtml" xml:lang="en" lang="en">
 <head>
  <title>
</title>
<meta http-equiv="Content-Type" content="text/html;charset=utf-8" />
  <meta name='ocr-system' content='tesseract 3.04.00' />
  <meta name='ocr-capabilities' content='ocr_page ocr_carea ocr_par ocr_line ocrx_word'/>
</head>
<body>
  <div class='ocr_page' id='page_1' title='image "./povjesnispomeni00laszgoog_0254.png"; bbox 0 0 3934 5550; ppageno 0'>
   <div class='ocr_carea' id='block_1_1' title="bbox 1499 448 1558 510">
    <p class='ocr_par' dir='ltr' id='par_1_1' title="bbox 1499 448 1558 510">
     <span class='ocr_line' id='line_1_1' title="bbox 1499 448 1558 510; baseline -0.017 0"><span class='ocrx_word' id='word_1_1' title='bbox 1499 448 1558 510; x_wconf 90' lang='grc'><strong>221</strong></span> 
     </span>
    </p>
   </div>
   <div class='ocr_carea' id='block_1_2' title="bbox 274 666 1564 5035">
    <p class='ocr_par' dir='ltr' id='par_1_2' title="bbox 285 666 1564 1179">
     <span class='ocr_line' id='line_1_2' title="bbox 287 666 1564 744; baseline -0.005 -14"><span class='ocrx_word' id='word_1_2' title='bbox 287 691 324 731; x_wconf 88' lang='lat' dir='ltr'><strong>ex</strong></span> <span class='ocrx_word' id='word_1_3' title='bbox 348 670 596 730; x_wconf 78' lang='lat' dir='ltr'><strong>clementissimis</strong></span> <span class='ocrx_word' id='word_1_4' title='bbox 620 669 716 729; x_wconf 89' lang='lat' dir='ltr'><strong>literis</strong></span> <span class='ocrx_word' id='word_1_5' title='bbox 741 669 780 727; x_wconf 89' lang='lat' dir='ltr'><strong>ad</strong></span> <span class='ocrx_word' id='word_1_6' title='bbox 804 687 862 727; x_wconf 94' lang='lat' dir='ltr'><strong>nos</strong></span> <span class='ocrx_word' id='word_1_7' title='bbox 886 668 1012 727; x_wconf 89' lang='lat' dir='ltr'><strong>directis</strong></span> <span class='ocrx_word' id='word_1_8' title='bbox 1036 667 1179 727; x_wconf 88' lang='lat' dir='ltr'><strong>voluntas</strong></span> <span class='ocrx_word' id='word_1_9' title='bbox 1203 686 1241 725; x_wconf 91' lang='lat' dir='ltr'><strong>ac</strong></span> <span class='ocrx_word' id='word_1_10' title='bbox 1257 666 1418 744; x_wconf 87' lang='lat' dir='ltr'><strong>dispositio</strong></span> <span class='ocrx_word' id='word_1_11' title='bbox 1435 666 1564 736; x_wconf 84' lang='lat' dir='ltr'><strong>elicitur,</strong></span> 
     </span>
     <span class='ocr_line' id='line_1_3' title="bbox 285 772 1562 854; baseline -0.007 -15"><span class='ocrx_word' id='word_1_12' title='bbox 285 789 319 839; x_wconf 91' lang='lat' dir='ltr'><strong>ut</strong></span> <span class='ocrx_word' id='word_1_13' title='bbox 342 780 415 838; x_wconf 90' lang='lat' dir='ltr'><strong>durn</strong></span> <span class='ocrx_word' id='word_1_14' title='bbox 440 778 470 837; x_wconf 96' lang='lat' dir='ltr'><strong>in</strong></span> <span class='ocrx_word' id='word_1_15' title='bbox 495 776 737 853; x_wconf 87' lang='lat' dir='ltr'><strong>eliberationem,</strong></span> <span class='ocrx_word' id='word_1_16' title='bbox 761 775 1051 854; x_wconf 75' lang='lat' dir='ltr'><strong>promotionemque</strong></span> <span class='ocrx_word' id='word_1_17' title='bbox 1075 774 1174 834; x_wconf 91' lang='lat' dir='ltr'><strong>dulcis</strong></span> <span class='ocrx_word' id='word_1_18' title='bbox 1197 772 1317 853; x_wconf 84' lang='lat' dir='ltr'><strong>patriae</strong></span> <span class='ocrx_word' id='word_1_19' title='bbox 1341 772 1471 833; x_wconf 91' lang='lat' dir='ltr'><strong>limitum</strong></span> <span class='ocrx_word' id='word_1_20' title='bbox 1495 772 1562 853; x_wconf 86' lang='lat' dir='ltr'><strong>agi·</strong></span> 
     </span>
     <span class='ocr_line' id='line_1_4' title="bbox 285 880 1561 964; baseline -0.005 -19"><span class='ocrx_word' id='word_1_21' title='bbox 285 885 343 946; x_wconf 90' lang='lat' dir='ltr'><strong>tari</strong></span> <span class='ocrx_word' id='word_1_22' title='bbox 367 884 624 964; x_wconf 88' lang='lat' dir='ltr'><strong>praeconcipitur,</strong></span> <span class='ocrx_word' id='word_1_23' title='bbox 648 891 755 943; x_wconf 86' lang='lat' dir='ltr'><strong>nostra</strong></span> <span class='ocrx_word' id='word_1_24' title='bbox 779 882 916 941; x_wconf 90' lang='lat' dir='ltr'><strong>unanimi</strong></span> <span class='ocrx_word' id='word_1_25' title='bbox 941 882 1183 960; x_wconf 87' lang='lat' dir='ltr'><strong>promptitudine</strong></span> <span class='ocrx_word' id='word_1_26' title='bbox 1207 891 1334 960; x_wconf 87' lang='lat' dir='ltr'><strong>praesto</strong></span> <span class='ocrx_word' id='word_1_27' title='bbox 1357 882 1464 954; x_wconf 89' lang='lat' dir='ltr'><strong>simus,</strong></span> <span class='ocrx_word' id='word_1_28' title='bbox 1496 880 1561 939; x_wconf 88' lang='lat' dir='ltr'><strong>avi·</strong></span> 
     </span>
     <span class='ocr_line' id='line_1_5' title="bbox 285 987 1561 1067; baseline -0.005 -14"><span class='ocrx_word' id='word_1_29' title='bbox 285 1002 350 1053; x_wconf 89' lang='lat' dir='ltr'><strong>tam</strong></span> <span class='ocrx_word' id='word_1_30' title='bbox 374 992 574 1053; x_wconf 87' lang='lat' dir='ltr'><strong>fidelissimae</strong></span> <span class='ocrx_word' id='word_1_31' title='bbox 599 990 799 1050; x_wconf 89' lang='lat' dir='ltr'><strong>subiectionis</strong></span> <span class='ocrx_word' id='word_1_32' title='bbox 822 990 882 1049; x_wconf 88' lang='lat' dir='ltr'><strong>hac</strong></span> <span class='ocrx_word' id='word_1_33' title='bbox 906 989 1000 1049; x_wconf 90' lang='lat' dir='ltr'><strong>etiam</strong></span> <span class='ocrx_word' id='word_1_34' title='bbox 1024 989 1143 1049; x_wconf 88' lang='lat' dir='ltr'><strong>servitii</strong></span> <span class='ocrx_word' id='word_1_35' title='bbox 1175 987 1383 1067; x_wconf 84' lang='lat' dir='ltr'><strong>acceptissimi</strong></span> <span class='ocrx_word' id='word_1_36' title='bbox 1413 988 1561 1047; x_wconf 86' lang='lat' dir='ltr'><strong>teneritu-</strong></span> 
     </span>
     <span class='ocr_line' id='line_1_6' title="bbox 285 1098 1215 1179; baseline -0.006 -18"><span class='ocrx_word' id='word_1_37' title='bbox 285 1102 356 1162; x_wconf 84' lang='lat' dir='ltr'><strong>dine</strong></span> <span class='ocrx_word' id='word_1_38' title='bbox 381 1101 579 1161; x_wconf 89' lang='lat' dir='ltr'><strong>devotionem</strong></span> <span class='ocrx_word' id='word_1_39' title='bbox 604 1098 828 1179; x_wconf 86' lang='lat' dir='ltr'><strong>augustissimo</strong></span> <span class='ocrx_word' id='word_1_40' title='bbox 852 1098 978 1157; x_wconf 85' lang='lat' dir='ltr'><strong>domino</strong></span> <span class='ocrx_word' id='word_1_41' title='bbox 1003 1098 1215 1159; x_wconf 85' lang='lat' dir='ltr'><strong>contestaturi.</strong></span> 
     </span>
    </p>

    <p class='ocr_par' dir='ltr' id='par_1_3' title="bbox 274 1206 1562 3872">
     <span class='ocr_line' id='line_1_7' title="bbox 391 1206 1560 1289; baseline -0.004 -19"><span class='ocrx_word' id='word_1_42' title='bbox 391 1210 442 1270; x_wconf 90' lang='lat' dir='ltr'><strong>Ad</strong></span> <span class='ocrx_word' id='word_1_43' title='bbox 465 1210 546 1269; x_wconf 87' lang='lat' dir='ltr'><strong>hanc</strong></span> <span class='ocrx_word' id='word_1_44' title='bbox 570 1206 664 1289; x_wconf 85' lang='lat' dir='ltr'><strong>igitur</strong></span> <span class='ocrx_word' id='word_1_45' title='bbox 693 1206 967 1267; x_wconf 90' lang='lat' dir='ltr'><strong>clementissimam</strong></span> <span class='ocrx_word' id='word_1_46' title='bbox 1000 1206 1213 1287; x_wconf 85' lang='lat' dir='ltr'><strong>augustissimi</strong></span> <span class='ocrx_word' id='word_1_47' title='bbox 1243 1206 1360 1267; x_wconf 90' lang='lat' dir='ltr'><strong>domini</strong></span> <span class='ocrx_word' id='word_1_48' title='bbox 1391 1207 1560 1267; x_wconf 88' lang='lat' dir='ltr'><strong>demanda·</strong></span> 
     </span>
     <span class='ocr_line' id='line_1_8' title="bbox 284 1313 1562 1394; baseline -0.001 -18"><span class='ocrx_word' id='word_1_49' title='bbox 284 1316 399 1376; x_wconf 89' lang='lat' dir='ltr'><strong>tionem</strong></span> <span class='ocrx_word' id='word_1_50' title='bbox 423 1316 555 1376; x_wconf 86' lang='lat' dir='ltr'><strong>fideliter</strong></span> <span class='ocrx_word' id='word_1_51' title='bbox 585 1313 810 1394; x_wconf 86' lang='lat' dir='ltr'><strong>exequendam,</strong></span> <span class='ocrx_word' id='word_1_52' title='bbox 836 1313 989 1375; x_wconf 87' lang='lat' dir='ltr'><strong>voluimus</strong></span> <span class='ocrx_word' id='word_1_53' title='bbox 1021 1333 1058 1373; x_wconf 82' lang='lat' dir='ltr'><strong>ex</strong></span> <span class='ocrx_word' id='word_1_54' title='bbox 1090 1314 1185 1373; x_wconf 84' lang='lat' dir='ltr'><strong>officii</strong></span> <span class='ocrx_word' id='word_1_55' title='bbox 1218 1314 1316 1373; x_wconf 89' lang='lat' dir='ltr'><strong>nostri</strong></span> <span class='ocrx_word' id='word_1_56' title='bbox 1350 1314 1562 1375; x_wconf 87' lang='lat' dir='ltr'><strong>incumbentia</strong></span> 
     </span>
     <span class='ocr_line' id='line_1_9' title="bbox 284 1422 1561 1505; baseline -0.002 -20"><span class='ocrx_word' id='word_1_57' title='bbox 284 1426 463 1505; x_wconf 77' lang='lat' dir='ltr'><strong>generalem</strong></span> <span class='ocrx_word' id='word_1_58' title='bbox 489 1424 622 1485; x_wconf 91' lang='lat' dir='ltr'><strong>dominis</strong></span> <span class='ocrx_word' id='word_1_59' title='bbox 646 1422 778 1483; x_wconf 89' lang='lat' dir='ltr'><strong>statibus</strong></span> <span class='ocrx_word' id='word_1_60' title='bbox 801 1433 833 1483; x_wconf 90' lang='lat' dir='ltr'><strong>et</strong></span> <span class='ocrx_word' id='word_1_61' title='bbox 856 1422 1016 1483; x_wconf 90' lang='lat' dir='ltr'><strong>ordinibus</strong></span> <span class='ocrx_word' id='word_1_62' title='bbox 1031 1422 1289 1483; x_wconf 88' lang='lat' dir='ltr'><strong>insurrectionem</strong></span> <span class='ocrx_word' id='word_1_63' title='bbox 1307 1422 1453 1499; x_wconf 87' lang='lat' dir='ltr'><strong>indicere,</strong></span> <span class='ocrx_word' id='word_1_64' title='bbox 1469 1422 1561 1483; x_wconf 89' lang='lat' dir='ltr'><strong>simul</strong></span> 
     </span>
     <span class='ocr_line' id='line_1_10' title="bbox 285 1530 1560 1611; baseline -0.001 -19"><span class='ocrx_word' id='word_1_65' title='bbox 285 1534 377 1593; x_wconf 87' lang='lat' dir='ltr'><strong>etiarn</strong></span> <span class='ocrx_word' id='word_1_66' title='bbox 403 1552 441 1593; x_wconf 89' lang='lat' dir='ltr'><strong>ex</strong></span> <span class='ocrx_word' id='word_1_67' title='bbox 466 1532 654 1593; x_wconf 82' lang='lat' dir='ltr'><strong>authoritate</strong></span> <span class='ocrx_word' id='word_1_68' title='bbox 678 1540 793 1607; x_wconf 88' lang='lat' dir='ltr'><strong>nostra,</strong></span> <span class='ocrx_word' id='word_1_69' title='bbox 817 1550 880 1611; x_wconf 91' lang='lat' dir='ltr'><strong>qua</strong></span> <span class='ocrx_word' id='word_1_70' title='bbox 903 1531 996 1610; x_wconf 91' lang='lat' dir='ltr'><strong>pleno</strong></span> <span class='ocrx_word' id='word_1_71' title='bbox 1020 1530 1087 1590; x_wconf 89' lang='lat' dir='ltr'><strong>iure</strong></span> <span class='ocrx_word' id='word_1_72' title='bbox 1109 1531 1269 1611; x_wconf 81' lang='lat' dir='ltr'><strong>fungimus</strong></span> <span class='ocrx_word' id='word_1_73' title='bbox 1292 1531 1407 1607; x_wconf 90' lang='lat' dir='ltr'><strong>banali,</strong></span> <span class='ocrx_word' id='word_1_74' title='bbox 1430 1532 1512 1591; x_wconf 92' lang='lat' dir='ltr'><strong>serio</strong></span> <span class='ocrx_word' id='word_1_75' title='bbox 1528 1540 1560 1591; x_wconf 89' lang='lat' dir='ltr'><strong>et</strong></span> 
     </span>
     <span class='ocr_line' id='line_1_11' title="bbox 285 1640 1561 1720; baseline -0.002 -19"><span class='ocrx_word' id='word_1_76' title='bbox 285 1642 413 1701; x_wconf 88' lang='lat' dir='ltr'><strong>firmiter</strong></span> <span class='ocrx_word' id='word_1_77' title='bbox 436 1640 656 1719; x_wconf 89' lang='lat' dir='ltr'><strong>praecipiendo</strong></span> <span class='ocrx_word' id='word_1_78' title='bbox 681 1640 874 1700; x_wconf 87' lang='lat' dir='ltr'><strong>committere</strong></span> <span class='ocrx_word' id='word_1_79' title='bbox 898 1648 929 1699; x_wconf 91' lang='lat' dir='ltr'><strong>et</strong></span> <span class='ocrx_word' id='word_1_80' title='bbox 952 1640 1113 1709; x_wconf 91' lang='lat' dir='ltr'><strong>mandare,</strong></span> <span class='ocrx_word' id='word_1_81' title='bbox 1137 1647 1292 1719; x_wconf 89' lang='lat' dir='ltr'><strong>quatenus</strong></span> <span class='ocrx_word' id='word_1_82' title='bbox 1315 1640 1431 1720; x_wconf 83' lang='lat' dir='ltr'><strong>singuli</strong></span> <span class='ocrx_word' id='word_1_83' title='bbox 1444 1640 1561 1700; x_wconf 89' lang='lat' dir='ltr'><strong>domini</strong></span> 
     </span>
     <span class='ocr_line' id='line_1_12' title="bbox 286 1746 1560 1827; baseline -0.002 -18"><span class='ocrx_word' id='word_1_84' title='bbox 286 1757 385 1809; x_wconf 88' lang='lat' dir='ltr'><strong>status</strong></span> <span class='ocrx_word' id='word_1_85' title='bbox 410 1758 441 1809; x_wconf 92' lang='lat' dir='ltr'><strong>et</strong></span> <span class='ocrx_word' id='word_1_86' title='bbox 464 1749 598 1824; x_wconf 88' lang='lat' dir='ltr'><strong>ordines,</strong></span> <span class='ocrx_word' id='word_1_87' title='bbox 614 1747 730 1807; x_wconf 92' lang='lat' dir='ltr'><strong>domini</strong></span> <span class='ocrx_word' id='word_1_88' title='bbox 746 1747 871 1827; x_wconf 88' lang='lat' dir='ltr'><strong>quidem</strong></span> <span class='ocrx_word' id='word_1_89' title='bbox 889 1756 1057 1827; x_wconf 88' lang='lat' dir='ltr'><strong>magnates</strong></span> <span class='ocrx_word' id='word_1_90' title='bbox 1072 1756 1197 1826; x_wconf 90' lang='lat' dir='ltr'><strong>praeter</strong></span> <span class='ocrx_word' id='word_1_91' title='bbox 1211 1766 1269 1807; x_wconf 89' lang='lat' dir='ltr'><strong>sua</strong></span> <span class='ocrx_word' id='word_1_92' title='bbox 1284 1746 1375 1807; x_wconf 84' lang='lat' dir='ltr'><strong>solita</strong></span> <span class='ocrx_word' id='word_1_93' title='bbox 1398 1755 1430 1807; x_wconf 91' lang='lat' dir='ltr'><strong>et</strong></span> <span class='ocrx_word' id='word_1_94' title='bbox 1452 1747 1560 1807; x_wconf 89' lang='lat' dir='ltr'><strong>debita</strong></span> 
     </span>
     <span class='ocr_line' id='line_1_13' title="bbox 284 1854 1562 1933; baseline -0.002 -17"><span class='ocrx_word' id='word_1_95' title='bbox 284 1856 435 1916; x_wconf 87' lang='lat' dir='ltr'><strong>banderia</strong></span> <span class='ocrx_word' id='word_1_96' title='bbox 456 1875 522 1930; x_wconf 91' lang='lat' dir='ltr'><strong>sua,</strong></span> <span class='ocrx_word' id='word_1_97' title='bbox 538 1875 607 1915; x_wconf 89' lang='lat' dir='ltr'><strong>curn</strong></span> <span class='ocrx_word' id='word_1_98' title='bbox 624 1855 796 1915; x_wconf 87' lang='lat' dir='ltr'><strong>sufficiente</strong></span> <span class='ocrx_word' id='word_1_99' title='bbox 821 1874 840 1914; x_wconf 89' lang='lat' dir='ltr'><strong>a</strong></span> <span class='ocrx_word' id='word_1_100' title='bbox 862 1854 953 1914; x_wconf 90' lang='lat' dir='ltr'><strong>bonis</strong></span> <span class='ocrx_word' id='word_1_101' title='bbox 977 1855 1042 1914; x_wconf 91' lang='lat' dir='ltr'><strong>suis</strong></span> <span class='ocrx_word' id='word_1_102' title='bbox 1067 1874 1172 1929; x_wconf 87' lang='lat' dir='ltr'><strong>manu,</strong></span> <span class='ocrx_word' id='word_1_103' title='bbox 1195 1855 1248 1933; x_wconf 91' lang='lat' dir='ltr'><strong>qui</strong></span> <span class='ocrx_word' id='word_1_104' title='bbox 1272 1874 1372 1933; x_wconf 88' lang='lat' dir='ltr'><strong>aeque</strong></span> <span class='ocrx_word' id='word_1_105' title='bbox 1389 1873 1426 1915; x_wconf 91' lang='lat' dir='ltr'><strong>ac</strong></span> <span class='ocrx_word' id='word_1_106' title='bbox 1442 1855 1562 1914; x_wconf 89' lang='lat' dir='ltr'><strong>nobiles</strong></span> 
     </span>
     <span class='ocr_line' id='line_1_14' title="bbox 283 1962 1559 2042; baseline -0.002 -19"><span class='ocrx_word' id='word_1_107' title='bbox 283 1972 348 2023; x_wconf 91' lang='lat' dir='ltr'><strong>tam</strong></span> <span class='ocrx_word' id='word_1_108' title='bbox 372 1964 466 2024; x_wconf 90' lang='lat' dir='ltr'><strong>dicati</strong></span> <span class='ocrx_word' id='word_1_109' title='bbox 489 1982 583 2042; x_wconf 90' lang='lat' dir='ltr'><strong>quam</strong></span> <span class='ocrx_word' id='word_1_110' title='bbox 607 1962 820 2022; x_wconf 88' lang='lat' dir='ltr'><strong>summalistae</strong></span> <span class='ocrx_word' id='word_1_111' title='bbox 856 1962 1069 2040; x_wconf 84' lang='lat' dir='ltr'><strong>personaliter,</strong></span> <span class='ocrx_word' id='word_1_112' title='bbox 1093 1980 1203 2023; x_wconf 90' lang='lat' dir='ltr'><strong>omnes</strong></span> <span class='ocrx_word' id='word_1_113' title='bbox 1226 1962 1352 2021; x_wconf 88' lang='lat' dir='ltr'><strong>omnino</strong></span> <span class='ocrx_word' id='word_1_114' title='bbox 1376 1982 1396 2021; x_wconf 87' lang='lat' dir='ltr'><strong>a</strong></span> <span class='ocrx_word' id='word_1_115' title='bbox 1427 1962 1559 2042; x_wconf 87' lang='lat' dir='ltr'><strong>singulis</strong></span> 
     </span>
     <span class='ocr_line' id='line_1_15' title="bbox 280 2068 1559 2149; baseline 0 -20"><span class='ocrx_word' id='word_1_116' title='bbox 280 2070 373 2130; x_wconf 89' lang='lat' dir='ltr'><strong>fumis</strong></span> <span class='ocrx_word' id='word_1_117' title='bbox 397 2090 459 2129; x_wconf 94' lang='lat' dir='ltr'><strong>uno</strong></span> <span class='ocrx_word' id='word_1_118' title='bbox 483 2069 586 2149; x_wconf 92' lang='lat' dir='ltr'><strong>equite</strong></span> <span class='ocrx_word' id='word_1_119' title='bbox 621 2079 652 2129; x_wconf 90' lang='lat' dir='ltr'><strong>et</strong></span> <span class='ocrx_word' id='word_1_120' title='bbox 674 2068 796 2129; x_wconf 92' lang='lat' dir='ltr'><strong>duobus</strong></span> <span class='ocrx_word' id='word_1_121' title='bbox 820 2068 976 2146; x_wconf 90' lang='lat' dir='ltr'><strong>peditibus</strong></span> <span class='ocrx_word' id='word_1_122' title='bbox 999 2069 1081 2128; x_wconf 92' lang='lat' dir='ltr'><strong>bene</strong></span> <span class='ocrx_word' id='word_1_123' title='bbox 1105 2070 1232 2129; x_wconf 89' lang='lat' dir='ltr'><strong>armatis</strong></span> <span class='ocrx_word' id='word_1_124' title='bbox 1260 2068 1409 2145; x_wconf 63' lang='lat' dir='ltr'><strong>instructi</strong></span> <span class='ocrx_word' id='word_1_125' title='bbox 1433 2088 1559 2129; x_wconf 87' lang='lat' dir='ltr'><strong>annona</strong></span> 
     </span>
     <span class='ocr_line' id='line_1_16' title="bbox 281 2176 1556 2259; baseline 0.001 -21"><span class='ocrx_word' id='word_1_126' title='bbox 281 2187 446 2258; x_wconf 89' lang='lat' dir='ltr'><strong>praeterea</strong></span> <span class='ocrx_word' id='word_1_127' title='bbox 469 2197 525 2256; x_wconf 93' lang='lat' dir='ltr'><strong>pro</strong></span> <span class='ocrx_word' id='word_1_128' title='bbox 549 2178 597 2237; x_wconf 94' lang='lat' dir='ltr'><strong>sui</strong></span> <span class='ocrx_word' id='word_1_129' title='bbox 621 2176 807 2237; x_wconf 83' lang='lat' dir='ltr'><strong>necessitate</strong></span> <span class='ocrx_word' id='word_1_130' title='bbox 831 2186 1017 2256; x_wconf 92' lang='lat' dir='ltr'><strong>opportuna,</strong></span> <span class='ocrx_word' id='word_1_131' title='bbox 1039 2179 1228 2258; x_wconf 85' lang='lat' dir='ltr'><strong>reliquisque</strong></span> <span class='ocrx_word' id='word_1_132' title='bbox 1260 2178 1415 2259; x_wconf 86' lang='lat' dir='ltr'><strong>requisitis</strong></span> <span class='ocrx_word' id='word_1_133' title='bbox 1448 2179 1556 2240; x_wconf 90' lang='lat' dir='ltr'><strong>adin·</strong></span> 
     </span>
     <span class='ocr_line' id='line_1_17' title="bbox 282 2284 1558 2366; baseline 0.002 -21"><span class='ocrx_word' id='word_1_134' title='bbox 282 2286 363 2365; x_wconf 86' lang='lat' dir='ltr'><strong>tegri</strong></span> <span class='ocrx_word' id='word_1_135' title='bbox 387 2285 503 2345; x_wconf 89' lang='lat' dir='ltr'><strong>mensis</strong></span> <span class='ocrx_word' id='word_1_136' title='bbox 527 2285 670 2363; x_wconf 89' lang='lat' dir='ltr'><strong>spatium,</strong></span> <span class='ocrx_word' id='word_1_137' title='bbox 695 2305 714 2345; x_wconf 92' lang='lat' dir='ltr'><strong>a</strong></span> <span class='ocrx_word' id='word_1_138' title='bbox 737 2286 806 2345; x_wconf 93' lang='lat' dir='ltr'><strong>loco</strong></span> <span class='ocrx_word' id='word_1_139' title='bbox 830 2284 1036 2363; x_wconf 88' lang='lat' dir='ltr'><strong>expeditionis</strong></span> <span class='ocrx_word' id='word_1_140' title='bbox 1067 2288 1277 2365; x_wconf 90' lang='lat' dir='ltr'><strong>computando</strong></span> <span class='ocrx_word' id='word_1_141' title='bbox 1307 2288 1456 2348; x_wconf 90' lang='lat' dir='ltr'><strong>duratura</strong></span> <span class='ocrx_word' id='word_1_142' title='bbox 1489 2307 1558 2366; x_wconf 91' lang='lat' dir='ltr'><strong>pro·</strong></span> 
     </span>
     <span class='ocr_line' id='line_1_18' title="bbox 279 2392 1558 2473; baseline 0.003 -22"><span class='ocrx_word' id='word_1_143' title='bbox 279 2394 345 2465; x_wconf 89' lang='lat' dir='ltr'><strong>visi,</strong></span> <span class='ocrx_word' id='word_1_144' title='bbox 369 2394 547 2453; x_wconf 90' lang='lat' dir='ltr'><strong>ulteriorem</strong></span> <span class='ocrx_word' id='word_1_145' title='bbox 579 2402 716 2453; x_wconf 89' lang='lat' dir='ltr'><strong>nostram</strong></span> <span class='ocrx_word' id='word_1_146' title='bbox 740 2392 965 2453; x_wconf 87' lang='lat' dir='ltr'><strong>intimationem</strong></span> <span class='ocrx_word' id='word_1_147' title='bbox 997 2403 1028 2452; x_wconf 92' lang='lat' dir='ltr'><strong>et</strong></span> <span class='ocrx_word' id='word_1_148' title='bbox 1058 2394 1199 2454; x_wconf 89' lang='lat' dir='ltr'><strong>ordinem</strong></span> <span class='ocrx_word' id='word_1_149' title='bbox 1230 2396 1472 2473; x_wconf 81' lang='lat' dir='ltr'><strong>praestolentur3</strong></span> <span class='ocrx_word' id='word_1_150' title='bbox 1504 2396 1558 2471; x_wconf 90' lang='lat' dir='ltr'><strong>ita,</strong></span> 
     </span>
     <span class='ocr_line' id='line_1_19' title="bbox 279 2500 1557 2581; baseline 0.002 -21"><span class='ocrx_word' id='word_1_151' title='bbox 279 2509 312 2560; x_wconf 93' lang='lat' dir='ltr'><strong>ut</strong></span> <span class='ocrx_word' id='word_1_152' title='bbox 338 2501 368 2560; x_wconf 93' lang='lat' dir='ltr'><strong>in</strong></span> <span class='ocrx_word' id='word_1_153' title='bbox 394 2500 453 2560; x_wconf 89' lang='lat' dir='ltr'><strong>alio</strong></span> <span class='ocrx_word' id='word_1_154' title='bbox 478 2519 645 2560; x_wconf 86' lang='lat' dir='ltr'><strong>accessum</strong></span> <span class='ocrx_word' id='word_1_155' title='bbox 675 2500 824 2560; x_wconf 89' lang='lat' dir='ltr'><strong>mandato</strong></span> <span class='ocrx_word' id='word_1_156' title='bbox 858 2509 973 2571; x_wconf 91' lang='lat' dir='ltr'><strong>nostro,</strong></span> <span class='ocrx_word' id='word_1_157' title='bbox 1010 2520 1048 2560; x_wconf 86' lang='lat' dir='ltr'><strong>eo</strong></span> <span class='ocrx_word' id='word_1_158' title='bbox 1082 2501 1166 2561; x_wconf 90' lang='lat' dir='ltr'><strong>facto</strong></span> <span class='ocrx_word' id='word_1_159' title='bbox 1200 2502 1337 2575; x_wconf 89' lang='lat' dir='ltr'><strong>indilate,</strong></span> <span class='ocrx_word' id='word_1_160' title='bbox 1372 2510 1403 2563; x_wconf 86' lang='lat' dir='ltr'><strong>et</strong></span> <span class='ocrx_word' id='word_1_161' title='bbox 1438 2502 1557 2581; x_wconf 88' lang='lat' dir='ltr'><strong>absque</strong></span> 
     </span>
     <span class='ocr_line' id='line_1_20' title="bbox 280 2608 1558 2689; baseline 0 -20"><span class='ocrx_word' id='word_1_162' title='bbox 280 2610 364 2669; x_wconf 88' lang='lat' dir='ltr'><strong>omni</strong></span> <span class='ocrx_word' id='word_1_163' title='bbox 389 2609 610 2688; x_wconf 85' lang='lat' dir='ltr'><strong>protelationis,</strong></span> <span class='ocrx_word' id='word_1_164' title='bbox 627 2608 925 2687; x_wconf 86' lang='lat' dir='ltr'><strong>excusationumque</strong></span> <span class='ocrx_word' id='word_1_165' title='bbox 949 2608 1212 2688; x_wconf 91' lang='lat' dir='ltr'><strong>qualiumcunque</strong></span> <span class='ocrx_word' id='word_1_166' title='bbox 1234 2610 1429 2689; x_wconf 87' lang='lat' dir='ltr'><strong>subterfugio</strong></span> <span class='ocrx_word' id='word_1_167' title='bbox 1446 2610 1558 2687; x_wconf 91' lang='lat' dir='ltr'><strong>produ-</strong></span> 
     </span>
     <span class='ocr_line' id='line_1_21' title="bbox 280 2714 1558 2795; baseline -0.002 -17"><span class='ocrx_word' id='word_1_168' title='bbox 280 2735 361 2792; x_wconf 89' lang='lat' dir='ltr'><strong>cere,</strong></span> <span class='ocrx_word' id='word_1_169' title='bbox 386 2718 515 2795; x_wconf 89' lang='lat' dir='ltr'><strong>locoque</strong></span> <span class='ocrx_word' id='word_1_170' title='bbox 540 2734 677 2794; x_wconf 84' lang='lat' dir='ltr'><strong>pernes</strong></span> <span class='ocrx_word' id='word_1_171' title='bbox 700 2714 932 2776; x_wconf 86' lang='lat' dir='ltr'><strong>denominando</strong></span> <span class='ocrx_word' id='word_1_172' title='bbox 955 2734 1028 2776; x_wconf 87' lang='lat' dir='ltr'><strong>sese</strong></span> <span class='ocrx_word' id='word_1_173' title='bbox 1044 2716 1160 2776; x_wconf 86' lang='lat' dir='ltr'><strong>lustrae</strong></span> <span class='ocrx_word' id='word_1_174' title='bbox 1184 2734 1241 2795; x_wconf 92' lang='lat' dir='ltr'><strong>per</strong></span> <span class='ocrx_word' id='word_1_175' title='bbox 1256 2735 1314 2776; x_wconf 90' lang='lat' dir='ltr'><strong>uos</strong></span> <span class='ocrx_word' id='word_1_176' title='bbox 1338 2716 1453 2777; x_wconf 87' lang='lat' dir='ltr'><strong>ibidem</strong></span> <span class='ocrx_word' id='word_1_177' title='bbox 1470 2735 1558 2793; x_wconf 89' lang='lat' dir='ltr'><strong>prae-</strong></span> 
     </span>
     <span class='ocr_line' id='line_1_22' title="bbox 281 2823 1555 2902; baseline -0.002 -18"><span class='ocrx_word' id='word_1_178' title='bbox 281 2825 330 2884; x_wconf 91' lang='lat' dir='ltr'><strong>vie</strong></span> <span class='ocrx_word' id='word_1_179' title='bbox 354 2825 573 2897; x_wconf 87' lang='lat' dir='ltr'><strong>instituendae,</strong></span> <span class='ocrx_word' id='word_1_180' title='bbox 597 2825 624 2882; x_wconf 85' lang='lat' dir='ltr'><strong>in</strong></span> <span class='ocrx_word' id='word_1_181' title='bbox 652 2831 767 2902; x_wconf 90' lang='lat' dir='ltr'><strong>puncto</strong></span> <span class='ocrx_word' id='word_1_182' title='bbox 791 2824 844 2883; x_wconf 84' lang='lat' dir='ltr'><strong>tali</strong></span> <span class='ocrx_word' id='word_1_183' title='bbox 872 2831 1051 2883; x_wconf 89' lang='lat' dir='ltr'><strong>constanter</strong></span> <span class='ocrx_word' id='word_1_184' title='bbox 1075 2834 1107 2883; x_wconf 92' lang='lat' dir='ltr'><strong>et</strong></span> <span class='ocrx_word' id='word_1_185' title='bbox 1129 2823 1346 2884; x_wconf 85' lang='lat' dir='ltr'><strong>continuanter</strong></span> <span class='ocrx_word' id='word_1_186' title='bbox 1374 2823 1555 2882; x_wconf 90' lang='lat' dir='ltr'><strong>indiscrimi-</strong></span> 
     </span>
     <span class='ocr_line' id='line_1_23' title="bbox 281 2930 1557 3011; baseline -0.001 -20"><span class='ocrx_word' id='word_1_187' title='bbox 281 2933 387 3008; x_wconf 91' lang='lat' dir='ltr'><strong>natim,</strong></span> <span class='ocrx_word' id='word_1_188' title='bbox 410 2940 617 3010; x_wconf 88' lang='lat' dir='ltr'><strong>respectuque</strong></span> <span class='ocrx_word' id='word_1_189' title='bbox 641 2931 708 2991; x_wconf 88' lang='lat' dir='ltr'><strong>sine</strong></span> <span class='ocrx_word' id='word_1_190' title='bbox 739 2931 832 3006; x_wconf 92' lang='lat' dir='ltr'><strong>omni,</strong></span> <span class='ocrx_word' id='word_1_191' title='bbox 859 2931 1070 2991; x_wconf 88' lang='lat' dir='ltr'><strong>castrensibus</strong></span> <span class='ocrx_word' id='word_1_192' title='bbox 1102 2931 1222 2991; x_wconf 87' lang='lat' dir='ltr'><strong>nunciis</strong></span> <span class='ocrx_word' id='word_1_193' title='bbox 1254 2941 1285 2991; x_wconf 91' lang='lat' dir='ltr'><strong>et</strong></span> <span class='ocrx_word' id='word_1_194' title='bbox 1315 2931 1497 3011; x_wconf 91' lang='lat' dir='ltr'><strong>obligationi</strong></span> <span class='ocrx_word' id='word_1_195' title='bbox 1526 2930 1557 2990; x_wconf 89' lang='lat' dir='ltr'><strong>iu</strong></span> 
     </span>
     <span class='ocr_line' id='line_1_24' title="bbox 280 3039 1556 3119; baseline -0.001 -20"><span class='ocrx_word' id='word_1_196' title='bbox 280 3039 440 3100; x_wconf 90' lang='lat' dir='ltr'><strong>servitium</strong></span> <span class='ocrx_word' id='word_1_197' title='bbox 465 3057 541 3099; x_wconf 89' lang='lat' dir='ltr'><strong>suae</strong></span> <span class='ocrx_word' id='word_1_198' title='bbox 566 3039 738 3098; x_wconf 90' lang='lat' dir='ltr'><strong>maiestatis</strong></span> <span class='ocrx_word' id='word_1_199' title='bbox 761 3039 980 3119; x_wconf 87' lang='lat' dir='ltr'><strong>homagialiter</strong></span> <span class='ocrx_word' id='word_1_200' title='bbox 1003 3039 1239 3099; x_wconf 87' lang='lat' dir='ltr'><strong>obstrictissime</strong></span> <span class='ocrx_word' id='word_1_201' title='bbox 1272 3039 1453 3099; x_wconf 85' lang='lat' dir='ltr'><strong>satisfacere</strong></span> <span class='ocrx_word' id='word_1_202' title='bbox 1485 3057 1556 3117; x_wconf 88' lang='lat' dir='ltr'><strong>pos·</strong></span> 
     </span>
     <span class='ocr_line' id='line_1_25' title="bbox 280 3145 1556 3218; baseline -0.002 -11"><span class='ocrx_word' id='word_1_203' title='bbox 280 3147 341 3207; x_wconf 90' lang='lat' dir='ltr'><strong>sint</strong></span> <span class='ocrx_word' id='word_1_204' title='bbox 365 3156 396 3207; x_wconf 92' lang='lat' dir='ltr'><strong>et</strong></span> <span class='ocrx_word' id='word_1_205' title='bbox 420 3147 563 3209; x_wconf 88' lang='lat' dir='ltr'><strong>debeant.</strong></span> <span class='ocrx_word' id='word_1_206' title='bbox 587 3147 686 3207; x_wconf 87' lang='lat' dir='ltr'><strong>Secus</strong></span> <span class='ocrx_word' id='word_1_207' title='bbox 711 3155 741 3206; x_wconf 90' lang='lat' dir='ltr'><strong>et</strong></span> <span class='ocrx_word' id='word_1_208' title='bbox 765 3146 847 3206; x_wconf 90' lang='lat' dir='ltr'><strong>enirn</strong></span> <span class='ocrx_word' id='word_1_209' title='bbox 870 3147 980 3207; x_wconf 89' lang='lat' dir='ltr'><strong>facturi</strong></span> <span class='ocrx_word' id='word_1_210' title='bbox 1006 3145 1073 3206; x_wconf 92' lang='lat' dir='ltr'><strong>sive</strong></span> <span class='ocrx_word' id='word_1_211' title='bbox 1096 3147 1117 3206; x_wconf 89' lang='lat' dir='ltr'><strong>ii</strong></span> <span class='ocrx_word' id='word_1_212' title='bbox 1141 3147 1252 3206; x_wconf 84' lang='lat' dir='ltr'><strong>castris</strong></span> <span class='ocrx_word' id='word_1_213' title='bbox 1276 3166 1347 3206; x_wconf 89' lang='lat' dir='ltr'><strong>sese</strong></span> <span class='ocrx_word' id='word_1_214' title='bbox 1371 3146 1556 3218; x_wconf 87' lang='lat' dir='ltr'><strong>subducant,</strong></span> 
     </span>
     <span class='ocr_line' id='line_1_26' title="bbox 278 3251 1557 3334; baseline -0.002 -21"><span class='ocrx_word' id='word_1_215' title='bbox 278 3255 344 3315; x_wconf 83' lang='lat' dir='ltr'><strong>sive</strong></span> <span class='ocrx_word' id='word_1_216' title='bbox 369 3254 499 3330; x_wconf 76' lang='lat' dir='ltr'><strong>segnius</strong></span> <span class='ocrx_word' id='word_1_217' title='bbox 522 3262 554 3313; x_wconf 93' lang='lat' dir='ltr'><strong>et</strong></span> <span class='ocrx_word' id='word_1_218' title='bbox 577 3253 730 3334; x_wconf 87' lang='lat' dir='ltr'><strong>illegalius</strong></span> <span class='ocrx_word' id='word_1_219' title='bbox 754 3254 795 3314; x_wconf 88' lang='lat' dir='ltr'><strong>ad</strong></span> <span class='ocrx_word' id='word_1_220' title='bbox 819 3253 930 3312; x_wconf 88' lang='lat' dir='ltr'><strong>eadem</strong></span> <span class='ocrx_word' id='word_1_221' title='bbox 954 3262 1167 3333; x_wconf 87' lang='lat' dir='ltr'><strong>compareant,</strong></span> <span class='ocrx_word' id='word_1_222' title='bbox 1182 3252 1326 3312; x_wconf 89' lang='lat' dir='ltr'><strong>noverint</strong></span> <span class='ocrx_word' id='word_1_223' title='bbox 1348 3251 1475 3312; x_wconf 93' lang='lat' dir='ltr'><strong>omnino</strong></span> <span class='ocrx_word' id='word_1_224' title='bbox 1498 3251 1557 3310; x_wconf 91' lang='lat' dir='ltr'><strong>sub</strong></span> 
     </span>
     <span class='ocr_line' id='line_1_27' title="bbox 279 3358 1557 3442; baseline -0.003 -22"><span class='ocrx_word' id='word_1_225' title='bbox 279 3362 468 3442; x_wconf 89' lang='lat' dir='ltr'><strong>gravissima</strong></span> <span class='ocrx_word' id='word_1_226' title='bbox 492 3361 764 3420; x_wconf 87' lang='lat' dir='ltr'><strong>animadversione</strong></span> <span class='ocrx_word' id='word_1_227' title='bbox 788 3368 895 3421; x_wconf 90' lang='lat' dir='ltr'><strong>nostra</strong></span> <span class='ocrx_word' id='word_1_228' title='bbox 919 3361 1056 3440; x_wconf 89' lang='lat' dir='ltr'><strong>rigorem</strong></span> <span class='ocrx_word' id='word_1_229' title='bbox 1085 3360 1179 3420; x_wconf 90' lang='lat' dir='ltr'><strong>officii</strong></span> <span class='ocrx_word' id='word_1_230' title='bbox 1211 3369 1242 3420; x_wconf 92' lang='lat' dir='ltr'><strong>et</strong></span> <span class='ocrx_word' id='word_1_231' title='bbox 1274 3358 1471 3419; x_wconf 89' lang='lat' dir='ltr'><strong>authoritatis</strong></span> <span class='ocrx_word' id='word_1_232' title='bbox 1502 3377 1557 3417; x_wconf 94' lang='lat' dir='ltr'><strong>no·</strong></span> 
     </span>
     <span class='ocr_line' id='line_1_28' title="bbox 279 3466 1556 3548; baseline -0.003 -20"><span class='ocrx_word' id='word_1_233' title='bbox 279 3481 372 3546; x_wconf 88' lang='lat' dir='ltr'><strong>strae,</strong></span> <span class='ocrx_word' id='word_1_234' title='bbox 396 3470 564 3548; x_wconf 85' lang='lat' dir='ltr'><strong>legumque</strong></span> <span class='ocrx_word' id='word_1_235' title='bbox 589 3475 620 3527; x_wconf 89' lang='lat' dir='ltr'><strong>et</strong></span> <span class='ocrx_word' id='word_1_236' title='bbox 644 3468 843 3528; x_wconf 88' lang='lat' dir='ltr'><strong>articulorum</strong></span> <span class='ocrx_word' id='word_1_237' title='bbox 867 3467 1095 3528; x_wconf 88' lang='lat' dir='ltr'><strong>strictissimum</strong></span> <span class='ocrx_word' id='word_1_238' title='bbox 1112 3477 1243 3528; x_wconf 90' lang='lat' dir='ltr'><strong>eatenus</strong></span> <span class='ocrx_word' id='word_1_239' title='bbox 1264 3475 1405 3527; x_wconf 88' lang='lat' dir='ltr'><strong>tenorem</strong></span> <span class='ocrx_word' id='word_1_240' title='bbox 1425 3466 1456 3525; x_wconf 93' lang='lat' dir='ltr'><strong>in</strong></span> <span class='ocrx_word' id='word_1_241' title='bbox 1474 3466 1556 3546; x_wconf 92' lang='lat' dir='ltr'><strong>rigo-</strong></span> 
     </span>
     <span class='ocr_line' id='line_1_29' title="bbox 276 3574 1556 3656; baseline -0.003 -19"><span class='ocrx_word' id='word_1_242' title='bbox 276 3577 398 3638; x_wconf 80' lang='lat' dir='ltr'><strong>rissima</strong></span> <span class='ocrx_word' id='word_1_243' title='bbox 422 3585 454 3637; x_wconf 87' lang='lat' dir='ltr'><strong>et</strong></span> <span class='ocrx_word' id='word_1_244' title='bbox 477 3577 646 3637; x_wconf 87' lang='lat' dir='ltr'><strong>inevitabili</strong></span> <span class='ocrx_word' id='word_1_245' title='bbox 670 3597 726 3656; x_wconf 92' lang='lat' dir='ltr'><strong>pro</strong></span> <span class='ocrx_word' id='word_1_246' title='bbox 751 3596 852 3656; x_wconf 91' lang='lat' dir='ltr'><strong>poena</strong></span> <span class='ocrx_word' id='word_1_247' title='bbox 876 3577 991 3637; x_wconf 89' lang='lat' dir='ltr'><strong>talibus</strong></span> <span class='ocrx_word' id='word_1_248' title='bbox 1007 3577 1211 3637; x_wconf 89' lang='lat' dir='ltr'><strong>articulariter</strong></span> <span class='ocrx_word' id='word_1_249' title='bbox 1225 3576 1355 3651; x_wconf 89' lang='lat' dir='ltr'><strong>sancita,</strong></span> <span class='ocrx_word' id='word_1_250' title='bbox 1372 3574 1556 3637; x_wconf 84' lang='lat' dir='ltr'><strong>executione</strong></span> 
     </span>
     <span class='ocr_line' id='line_1_30' title="bbox 274 3683 1557 3764; baseline -0.004 -19"><span class='ocrx_word' id='word_1_251' title='bbox 274 3704 346 3746; x_wconf 88' lang='lat' dir='ltr'><strong>sese</strong></span> <span class='ocrx_word' id='word_1_252' title='bbox 371 3685 490 3764; x_wconf 88' lang='lat' dir='ltr'><strong>absque</strong></span> <span class='ocrx_word' id='word_1_253' title='bbox 514 3684 599 3744; x_wconf 91' lang='lat' dir='ltr'><strong>omni</strong></span> <span class='ocrx_word' id='word_1_254' title='bbox 622 3685 766 3763; x_wconf 91' lang='lat' dir='ltr'><strong>poenitus</strong></span> <span class='ocrx_word' id='word_1_255' title='bbox 790 3705 924 3764; x_wconf 88' lang='lat' dir='ltr'><strong>persona</strong></span> <span class='ocrx_word' id='word_1_256' title='bbox 941 3706 994 3746; x_wconf 91' lang='lat' dir='ltr'><strong>um</strong></span> <span class='ocrx_word' id='word_1_257' title='bbox 1018 3693 1050 3746; x_wconf 90' lang='lat' dir='ltr'><strong>et</strong></span> <span class='ocrx_word' id='word_1_258' title='bbox 1071 3685 1207 3746; x_wconf 88' lang='lat' dir='ltr'><strong>familiae</strong></span> <span class='ocrx_word' id='word_1_259' title='bbox 1239 3691 1392 3762; x_wconf 86' lang='lat' dir='ltr'><strong>respectu,</strong></span> <span class='ocrx_word' id='word_1_260' title='bbox 1423 3684 1479 3743; x_wconf 92' lang='lat' dir='ltr'><strong>sed</strong></span> <span class='ocrx_word' id='word_1_261' title='bbox 1511 3683 1557 3740; x_wconf 92' lang='lat' dir='ltr'><strong>in·</strong></span> 
     </span>
     <span class='ocr_line' id='line_1_31' title="bbox 276 3792 1432 3872; baseline -0.002 -20"><span class='ocrx_word' id='word_1_262' title='bbox 276 3792 511 3852; x_wconf 88' lang='lat' dir='ltr'><strong>discriminatim</strong></span> <span class='ocrx_word' id='word_1_263' title='bbox 535 3799 567 3851; x_wconf 88' lang='lat' dir='ltr'><strong>et</strong></span> <span class='ocrx_word' id='word_1_264' title='bbox 590 3792 716 3852; x_wconf 90' lang='lat' dir='ltr'><strong>lenitate</strong></span> <span class='ocrx_word' id='word_1_265' title='bbox 741 3794 824 3852; x_wconf 90' lang='lat' dir='ltr'><strong>omni</strong></span> <span class='ocrx_word' id='word_1_266' title='bbox 849 3794 995 3872; x_wconf 88' lang='lat' dir='ltr'><strong>seposita,</strong></span> <span class='ocrx_word' id='word_1_267' title='bbox 1019 3792 1218 3853; x_wconf 88' lang='lat' dir='ltr'><strong>severissime</strong></span> <span class='ocrx_word' id='word_1_268' title='bbox 1242 3800 1432 3870; x_wconf 84' lang='lat' dir='ltr'><strong>experturos.</strong></span> 
     </span>
    </p>

    <p class='ocr_par' dir='ltr' id='par_1_4' title="bbox 274 3899 1556 5035">
     <span class='ocr_line' id='line_1_32' title="bbox 381 3899 1555 3980; baseline -0.003 -20"><span class='ocrx_word' id='word_1_269' title='bbox 381 3900 463 3960; x_wconf 87' lang='lat' dir='ltr'><strong>Velit</strong></span> <span class='ocrx_word' id='word_1_270' title='bbox 485 3900 591 3979; x_wconf 88' lang='lat' dir='ltr'><strong>itaque</strong></span> <span class='ocrx_word' id='word_1_271' title='bbox 616 3900 786 3960; x_wconf 89' lang='lat' dir='ltr'><strong>dominatio</strong></span> <span class='ocrx_word' id='word_1_272' title='bbox 810 3909 914 3960; x_wconf 91' lang='lat' dir='ltr'><strong>vestra</strong></span> <span class='ocrx_word' id='word_1_273' title='bbox 939 3919 1095 3980; x_wconf 89' lang='lat' dir='ltr'><strong>generosa</strong></span> <span class='ocrx_word' id='word_1_274' title='bbox 1126 3900 1245 3958; x_wconf 90' lang='lat' dir='ltr'><strong>hancce</strong></span> <span class='ocrx_word' id='word_1_275' title='bbox 1270 3899 1383 3960; x_wconf 89' lang='lat' dir='ltr'><strong>seriam</strong></span> <span class='ocrx_word' id='word_1_276' title='bbox 1415 3906 1555 3958; x_wconf 91' lang='lat' dir='ltr'><strong>nostram</strong></span> 
     </span>
     <span class='ocr_line' id='line_1_33' title="bbox 274 4005 1555 4086; baseline -0.002 -19"><span class='ocrx_word' id='word_1_277' title='bbox 274 4007 516 4086; x_wconf 89' lang='lat' dir='ltr'><strong>publicationem</strong></span> <span class='ocrx_word' id='word_1_278' title='bbox 541 4017 573 4067; x_wconf 92' lang='lat' dir='ltr'><strong>et</strong></span> <span class='ocrx_word' id='word_1_279' title='bbox 596 4008 745 4080; x_wconf 88' lang='lat' dir='ltr'><strong>ordinem,</strong></span> <span class='ocrx_word' id='word_1_280' title='bbox 762 4005 888 4066; x_wconf 90' lang='lat' dir='ltr'><strong>militiae</strong></span> <span class='ocrx_word' id='word_1_281' title='bbox 913 4007 970 4066; x_wconf 89' lang='lat' dir='ltr'><strong>sibi</strong></span> <span class='ocrx_word' id='word_1_282' title='bbox 994 4006 1163 4078; x_wconf 89' lang='lat' dir='ltr'><strong>subiectae,</strong></span> <span class='ocrx_word' id='word_1_283' title='bbox 1188 4006 1270 4065; x_wconf 89' lang='lat' dir='ltr'><strong>serio</strong></span> <span class='ocrx_word' id='word_1_284' title='bbox 1292 4014 1323 4064; x_wconf 91' lang='lat' dir='ltr'><strong>et</strong></span> <span class='ocrx_word' id='word_1_285' title='bbox 1339 4026 1434 4084; x_wconf 88' lang='lat' dir='ltr'><strong>quarn</strong></span> <span class='ocrx_word' id='word_1_286' title='bbox 1450 4005 1555 4064; x_wconf 89' lang='lat' dir='ltr'><strong>effica-</strong></span> 
     </span>
     <span class='ocr_line' id='line_1_34' title="bbox 278 4111 1554 4194; baseline -0.003 -20"><span class='ocrx_word' id='word_1_287' title='bbox 278 4116 401 4175; x_wconf 88' lang='lat' dir='ltr'><strong>cissime</strong></span> <span class='ocrx_word' id='word_1_288' title='bbox 427 4115 593 4194; x_wconf 88' lang='lat' dir='ltr'><strong>publicare,</strong></span> <span class='ocrx_word' id='word_1_289' title='bbox 619 4122 650 4174; x_wconf 89' lang='lat' dir='ltr'><strong>et</strong></span> <span class='ocrx_word' id='word_1_290' title='bbox 673 4113 825 4192; x_wconf 89' lang='lat' dir='ltr'><strong>publicari</strong></span> <span class='ocrx_word' id='word_1_291' title='bbox 846 4113 960 4188; x_wconf 88' lang='lat' dir='ltr'><strong>facere,</strong></span> <span class='ocrx_word' id='word_1_292' title='bbox 984 4133 1024 4173; x_wconf 93' lang='lat' dir='ltr'><strong>ne</strong></span> <span class='ocrx_word' id='word_1_293' title='bbox 1047 4115 1203 4193; x_wconf 87' lang='lat' dir='ltr'><strong>protelata</strong></span> <span class='ocrx_word' id='word_1_294' title='bbox 1225 4111 1476 4172; x_wconf 88' lang='lat' dir='ltr'><strong>demandationis</strong></span> <span class='ocrx_word' id='word_1_295' title='bbox 1500 4133 1554 4171; x_wconf 90' lang='lat' dir='ltr'><strong>no-</strong></span> 
     </span>
     <span class='ocr_line' id='line_1_35' title="bbox 278 4219 1554 4302; baseline -0.003 -20"><span class='ocrx_word' id='word_1_296' title='bbox 278 4233 360 4283; x_wconf 84' lang='lat' dir='ltr'><strong>strae</strong></span> <span class='ocrx_word' id='word_1_297' title='bbox 386 4224 637 4284; x_wconf 82' lang='lat' dir='ltr'><strong>manifestatione</strong></span> <span class='ocrx_word' id='word_1_298' title='bbox 653 4223 893 4302; x_wconf 90' lang='lat' dir='ltr'><strong>subsequendae</strong></span> <span class='ocrx_word' id='word_1_299' title='bbox 917 4221 1059 4282; x_wconf 83' lang='lat' dir='ltr'><strong>fortassis</strong></span> <span class='ocrx_word' id='word_1_300' title='bbox 1075 4241 1218 4282; x_wconf 90' lang='lat' dir='ltr'><strong>remorae</strong></span> <span class='ocrx_word' id='word_1_301' title='bbox 1234 4221 1326 4300; x_wconf 92' lang='lat' dir='ltr'><strong>culpa</strong></span> <span class='ocrx_word' id='word_1_302' title='bbox 1352 4219 1554 4279; x_wconf 88' lang='lat' dir='ltr'><strong>dominationi</strong></span> 
     </span>
     <span class='ocr_line' id='line_1_36' title="bbox 277 4326 1553 4408; baseline -0.002 -20"><span class='ocrx_word' id='word_1_303' title='bbox 277 4340 401 4392; x_wconf 87' lang='lat' dir='ltr'><strong>vestrae</strong></span> <span class='ocrx_word' id='word_1_304' title='bbox 426 4331 629 4408; x_wconf 89' lang='lat' dir='ltr'><strong>adscribatur,</strong></span> <span class='ocrx_word' id='word_1_305' title='bbox 654 4339 685 4390; x_wconf 91' lang='lat' dir='ltr'><strong>et</strong></span> <span class='ocrx_word' id='word_1_306' title='bbox 709 4329 819 4408; x_wconf 91' lang='lat' dir='ltr'><strong>perid</strong></span> <span class='ocrx_word' id='word_1_307' title='bbox 849 4349 919 4389; x_wconf 84' lang='lat' dir='ltr'><strong>sese</strong></span> <span class='ocrx_word' id='word_1_308' title='bbox 952 4330 1153 4389; x_wconf 89' lang='lat' dir='ltr'><strong>abstrahendi</strong></span> <span class='ocrx_word' id='word_1_309' title='bbox 1186 4349 1204 4389; x_wconf 90' lang='lat' dir='ltr'><strong>a</strong></span> <span class='ocrx_word' id='word_1_310' title='bbox 1236 4329 1363 4388; x_wconf 91' lang='lat' dir='ltr'><strong>servitio</strong></span> <span class='ocrx_word' id='word_1_311' title='bbox 1397 4326 1553 4407; x_wconf 90' lang='lat' dir='ltr'><strong>augustis·</strong></span> 
     </span>
     <span class='ocr_line' id='line_1_37' title="bbox 277 4435 1556 4515; baseline -0.003 -18"><span class='ocrx_word' id='word_1_312' title='bbox 277 4439 347 4498; x_wconf 91' lang='lat' dir='ltr'><strong>sirni</strong></span> <span class='ocrx_word' id='word_1_313' title='bbox 370 4439 487 4498; x_wconf 91' lang='lat' dir='ltr'><strong>domini</strong></span> <span class='ocrx_word' id='word_1_314' title='bbox 511 4459 621 4498; x_wconf 89' lang='lat' dir='ltr'><strong>ansam</strong></span> <span class='ocrx_word' id='word_1_315' title='bbox 646 4439 882 4513; x_wconf 86' lang='lat' dir='ltr'><strong>nanciscantur;</strong></span> <span class='ocrx_word' id='word_1_316' title='bbox 906 4457 1016 4497; x_wconf 91' lang='lat' dir='ltr'><strong>verum</strong></span> <span class='ocrx_word' id='word_1_317' title='bbox 1041 4437 1127 4497; x_wconf 91' lang='lat' dir='ltr'><strong>dabit</strong></span> <span class='ocrx_word' id='word_1_318' title='bbox 1150 4456 1288 4515; x_wconf 89' lang='lat' dir='ltr'><strong>operam,</strong></span> <span class='ocrx_word' id='word_1_319' title='bbox 1307 4455 1370 4514; x_wconf 92' lang='lat' dir='ltr'><strong>quo</strong></span> <span class='ocrx_word' id='word_1_320' title='bbox 1392 4435 1484 4495; x_wconf 89' lang='lat' dir='ltr'><strong>factis</strong></span> <span class='ocrx_word' id='word_1_321' title='bbox 1499 4455 1556 4513; x_wconf 91' lang='lat' dir='ltr'><strong>per</strong></span> 
     </span>
     <span class='ocr_line' id='line_1_38' title="bbox 277 4544 1554 4624; baseline -0.002 -20"><span class='ocrx_word' id='word_1_322' title='bbox 277 4565 311 4605; x_wconf 87' lang='lat' dir='ltr'><strong>se</strong></span> <span class='ocrx_word' id='word_1_323' title='bbox 335 4545 599 4624; x_wconf 67' lang='lat' dir='ltr'><strong>dispositionibus</strong></span> <span class='ocrx_word' id='word_1_324' title='bbox 624 4545 866 4606; x_wconf 87' lang='lat' dir='ltr'><strong>clementissima</strong></span> <span class='ocrx_word' id='word_1_325' title='bbox 889 4547 968 4604; x_wconf 89' lang='lat' dir='ltr'><strong>haec</strong></span> <span class='ocrx_word' id='word_1_326' title='bbox 993 4565 1070 4604; x_wconf 89' lang='lat' dir='ltr'><strong>suae</strong></span> <span class='ocrx_word' id='word_1_327' title='bbox 1093 4545 1267 4604; x_wconf 88' lang='lat' dir='ltr'><strong>maiestatis</strong></span> <span class='ocrx_word' id='word_1_328' title='bbox 1291 4544 1435 4603; x_wconf 88' lang='lat' dir='ltr'><strong>voluntas</strong></span> <span class='ocrx_word' id='word_1_329' title='bbox 1459 4563 1554 4622; x_wconf 88' lang='lat' dir='ltr'><strong>quam</strong></span> 
     </span>
     <span class='ocr_line' id='line_1_39' title="bbox 275 4649 1555 4733; baseline -0.003 -21"><span class='ocrx_word' id='word_1_330' title='bbox 275 4652 422 4712; x_wconf 88' lang='lat' dir='ltr'><strong>citissime</strong></span> <span class='ocrx_word' id='word_1_331' title='bbox 445 4653 577 4733; x_wconf 90' lang='lat' dir='ltr'><strong>singulis</strong></span> <span class='ocrx_word' id='word_1_332' title='bbox 604 4653 798 4713; x_wconf 89' lang='lat' dir='ltr'><strong>innotescere</strong></span> <span class='ocrx_word' id='word_1_333' title='bbox 828 4652 934 4731; x_wconf 91' lang='lat' dir='ltr'><strong>possit,</strong></span> <span class='ocrx_word' id='word_1_334' title='bbox 959 4661 990 4712; x_wconf 88' lang='lat' dir='ltr'><strong>et</strong></span> <span class='ocrx_word' id='word_1_335' title='bbox 1014 4653 1071 4712; x_wconf 91' lang='lat' dir='ltr'><strong>sub</strong></span> <span class='ocrx_word' id='word_1_336' title='bbox 1095 4651 1269 4729; x_wconf 87' lang='lat' dir='ltr'><strong>praemissa</strong></span> <span class='ocrx_word' id='word_1_337' title='bbox 1297 4669 1400 4729; x_wconf 89' lang='lat' dir='ltr'><strong>poena</strong></span> <span class='ocrx_word' id='word_1_338' title='bbox 1432 4658 1462 4709; x_wconf 91' lang='lat' dir='ltr'><strong>et</strong></span> <span class='ocrx_word' id='word_1_339' title='bbox 1491 4649 1555 4709; x_wconf 89' lang='lat' dir='ltr'><strong>ani·</strong></span> 
     </span>
     <span class='ocr_line' id='line_1_40' title="bbox 275 4759 1555 4839; baseline -0.002 -21"><span class='ocrx_word' id='word_1_340' title='bbox 275 4760 493 4820; x_wconf 89' lang='lat' dir='ltr'><strong>madversione</strong></span> <span class='ocrx_word' id='word_1_341' title='bbox 517 4771 624 4820; x_wconf 87' lang='lat' dir='ltr'><strong>nostra</strong></span> <span class='ocrx_word' id='word_1_342' title='bbox 647 4760 772 4820; x_wconf 92' lang='lat' dir='ltr'><strong>indubie</strong></span> <span class='ocrx_word' id='word_1_343' title='bbox 807 4761 921 4819; x_wconf 88' lang='lat' dir='ltr'><strong>talibus</strong></span> <span class='ocrx_word' id='word_1_344' title='bbox 945 4760 1125 4839; x_wconf 82' lang='lat' dir='ltr'><strong>infligenda,</strong></span> <span class='ocrx_word' id='word_1_345' title='bbox 1152 4759 1313 4837; x_wconf 87' lang='lat' dir='ltr'><strong>dispositio</strong></span> <span class='ocrx_word' id='word_1_346' title='bbox 1337 4759 1416 4817; x_wconf 87' lang='lat' dir='ltr'><strong>haec</strong></span> <span class='ocrx_word' id='word_1_347' title='bbox 1447 4765 1555 4816; x_wconf 90' lang='lat' dir='ltr'><strong>nostra</strong></span> 
     </span>
     <span class='ocr_line' id='line_1_41' title="bbox 276 4866 1554 4947; baseline 0.001 -22"><span class='ocrx_word' id='word_1_348' title='bbox 276 4886 354 4947; x_wconf 84' lang='lat' dir='ltr'><strong>erga</strong></span> <span class='ocrx_word' id='word_1_349' title='bbox 376 4869 510 4947; x_wconf 85' lang='lat' dir='ltr'><strong>primurn</strong></span> <span class='ocrx_word' id='word_1_350' title='bbox 534 4877 665 4928; x_wconf 89' lang='lat' dir='ltr'><strong>eatenus</strong></span> <span class='ocrx_word' id='word_1_351' title='bbox 689 4878 829 4927; x_wconf 87' lang='lat' dir='ltr'><strong>nostrum</strong></span> <span class='ocrx_word' id='word_1_352' title='bbox 864 4869 1005 4928; x_wconf 91' lang='lat' dir='ltr'><strong>ordinem</strong></span> <span class='ocrx_word' id='word_1_353' title='bbox 1036 4867 1204 4927; x_wconf 88' lang='lat' dir='ltr'><strong>effectuari.</strong></span> <span class='ocrx_word' id='word_1_354' title='bbox 1229 4867 1300 4943; x_wconf 82' lang='lat' dir='ltr'><strong>Quo</strong></span> <span class='ocrx_word' id='word_1_355' title='bbox 1323 4874 1389 4925; x_wconf 92' lang='lat' dir='ltr'><strong>tum</strong></span> <span class='ocrx_word' id='word_1_356' title='bbox 1414 4866 1554 4926; x_wconf 89' lang='lat' dir='ltr'><strong>domina·</strong></span> 
     </span>
     <span class='ocr_line' id='line_1_42' title="bbox 277 4973 1554 5035; baseline 0.001 -3"><span class='ocrx_word' id='word_1_357' title='bbox 277 4975 393 5034; x_wconf 88' lang='lat' dir='ltr'><strong>tionem</strong></span> <span class='ocrx_word' id='word_1_358' title='bbox 426 4983 563 5034; x_wconf 89' lang='lat' dir='ltr'><strong>vestram</strong></span> <span class='ocrx_word' id='word_1_359' title='bbox 588 4975 702 5034; x_wconf 88' lang='lat' dir='ltr'><strong>ibidem</strong></span> <span class='ocrx_word' id='word_1_360' title='bbox 734 4975 846 5035; x_wconf 86' lang='lat' dir='ltr'><strong>adesse</strong></span> <span class='ocrx_word' id='word_1_361' title='bbox 879 4977 1022 5034; x_wconf 92' lang='lat' dir='ltr'><strong>volumus</strong></span> <span class='ocrx_word' id='word_1_362' title='bbox 1052 4983 1083 5034; x_wconf 89' lang='lat' dir='ltr'><strong>et</strong></span> <span class='ocrx_word' id='word_1_363' title='bbox 1115 4975 1349 5035; x_wconf 88' lang='lat' dir='ltr'><strong>demandamus.</strong></span> <span class='ocrx_word' id='word_1_364' title='bbox 1385 4973 1554 5034; x_wconf 88' lang='lat' dir='ltr'><strong>Caeterum</strong></span> 
     </span>
    </p>
   </div>
   <div class='ocr_carea' id='block_1_3' title="bbox 0 0 1972 5550">
    <p class='ocr_par' dir='ltr' id='par_1_5' title="bbox 0 0 1972 5550">
     <span class='ocr_line' id='line_1_43' title="bbox 0 0 1972 5550; baseline 0 4"><span class='ocrx_word' id='word_1_365' title='bbox 0 0 1972 5550; x_wconf 95' lang='lat' dir='ltr'><strong> </strong></span> 
     </span>
    </p>
   </div>
  </div>
 </body>
</html>
