3934 5550
1515 410 1581 473 423

302 630 445 697 statutae,
471 624 623 684 universis
647 624 779 684 statibus
804 633 834 685 et
857 625 1018 685 ordinibus
1042 625 1109 685 sine
1126 624 1321 685 distinctione
1345 627 1481 704 honoris,
1505 648 1576 709 gra·

303 732 361 792 dus
386 740 417 791 et
433 751 597 812 personae,
623 752 711 792 arma
737 732 1048 811 contra-praefatum
1080 733 1240 794 inimicum
1270 734 1395 794 Gallum
1423 736 1584 815 capienda,

302 840 442 919 finesque
467 840 557 921 regni
574 841 613 900 ab
629 841 856 901 incursionibus
871 841 1034 901 hostilibus
1058 839 1206 901 tutandos
1229 842 1366 921 benigne
1386 843 1577 905 demandare

302 948 458 1027 dignatur,
485 948 643 1027 publicato
668 949 828 1009 existente.
1668 926 1672 932 ’

407 1089 559 1161 originale.
590 1090 620 1143 In
649 1091 763 1145 archivo
791 1107 931 1146 commun.
961 1090 1026 1146 nob.
1055 1091 1092 1146 de
1120 1090 1287 1161 Turopolje:
1317 1088 1583 1163 Congregationalia

302 1179 369 1235 fasc.
390 1179 449 1235 248.

472 1464 481 1497 ²
891 1467 999 1543 241.

408 1668 500 1728 Anno
529 1666 620 1731 1798.
645 1668 695 1731 20.
721 1670 855 1750 augusti.
876 1669 1063 1749 Zagrabiae.

406 1866 489 1925 Baro
512 1866 669 1926 Malenich
694 1863 804 1925 invitat
828 1866 976 1925 Ioannem
1009 1864 1176 1943 Plepelich,
1202 1884 1396 1925 assessorem
1419 1867 1481 1926 tab.
1508 1868 1579 1927 ban.

301 1973 331 2031 in
356 1974 446 2033 Pleso
482 1973 679 2043 residentem,
704 1983 737 2033 ut
761 1973 810 2033 die
846 1972 897 2033 24.
933 1972 1059 2052 augusti
1095 1992 1167 2032 cum
1198 1970 1241 2033 60
1273 1974 1402 2033 armatis
1426 1974 1581 2034 nobilibus

300 2080 576 2159 Turopoliensibus
610 2081 800 2161 Zagrabiam
825 2080 865 2140 ad
889 2081 1108 2140 honorandum
1131 2080 1294 2141 nobilitare
1317 2081 1502 2141 banderium
1526 2101 1579 2142 ve·

300 2188 374 2261 niat,
405 2188 489 2266 quod
519 2177 642 2248 Budam
673 2188 838 2248 occasione
870 2187 1080 2247 coronationis
1116 2188 1209 2269 regis,
1233 2199 1267 2248 ut
1299 2197 1405 2249 custos
1446 2208 1579 2250 coronae

300 2294 510 2373 profecturum
535 2305 590 2356 est„
622 2298 691 2356 Hac
723 2296 887 2357 occasione
921 2297 1013 2356 etiarn
1048 2294 1157 2355 civitas
1185 2295 1409 2376 Zagrabiensis
1438 2316 1495 2375 pro
1527 2298 1579 2357 de·

301 2403 457 2464 coratione
482 2404 556 2464 dicti
579 2404 721 2466 banderii
752 2402 795 2465 50
820 2412 957 2464 armatos
982 2405 1103 2465 educet.
1133 2402 1183 2464 25.
1210 2405 1336 2485 augusti
1357 2401 1441 2465 'haec
1464 2406 1576 2466 solem-

300 2511 380 2571 nitas
404 2512 581 2593 Zagrabiae
605 2513 822 2575 celebrabitur.

404 2652 549 2724 Originale
568 2653 597 2706 in
616 2654 729 2708 archivo
749 2669 882 2707 commun
909 2654 975 2707 nob.
996 2654 1033 2707 de
1052 2652 1216 2723 TuropolJ'e.

883 2975 988 3045 242.

405 3088 496 3148 Anno
525 3086 617 3148 1802.

299 3281 357 3347 SS.
391 3286 423 3346 et
450 3280 524 3346 00.
557 3283 657 3368 regni
688 3282 800 3346 locum
832 3286 869 3348 in
898 3283 1123 3370 generalibus
1153 3281 1255 3370 regni
1280 3281 1429 3346 comitiis
1452 3280 1580 3346 nuntio

298 3388 453 3474 partium
485 3389 748 3454 maritimarum
780 3395 859 3476 post
887 3390 1166 3477 Turopoliensem
1189 3389 1370 3476 assignari
1388 3389 1578 3476 postulant.

407 3589 646 3650 Humillima
671 3590 1385 3672 regnorumDalmatiae,Croatiae
1407 3598 1446 3648 et
1468 3588 1578 3648 Scla-

299 3699 446 3758 voniae
470 3705 655 3757 statuum
680 3699 931 3778 gravamina
955 3709 994 3758 et
1018 3675 1246 3777 postulata.

775 3893 921 3974 (Ceteris
944 3893 1104 3976 emissis.)

407 4092 454 4156 10.
472 4091 602 4170 (ceteris
613 4090 764 4166 emissis)
779 4093 954 4172 supplicant
969 4092 1064 4151 iidem
1081 4098 1181 4150 status
1198 4100 1230 4150 et
1244 4090 1379 4164 ordines
1396 4097 1428 4148 ut
1445 4088 1575 4160 eaedem

296 4210 401 4280 partes
433 4203 608 4262 maritimae
640 4221 702 4261 una
734 4221 804 4261 cum
838 4201 963 4261 civitate
994 4199 1136 4273 Buccari,
1161 4199 1202 4258 ad
1225 4197 1386 4277 generalia
1411 4196 1500 4275 regni
1525 4216 1575 4255 co·

297 4308 383 4368 mitia
407 4328 463 4387 pro
486 4309 589 4368 futuro
622 4319 800 4382 evocentur,
825 4317 855 4367 et
879 4307 994 4368 nuntiis
1019 4307 1190 4366 eorundem
1214 4311 1397 4382 competens
1419 4310 1491 4380 post
1514 4303 1576 4362 Tu-

297 4417 503 4494 ropolitanum
527 4417 627 4477 sessio
652 4417 837 4497 assignetur.

777 4607 923 4692 (Ceteris
945 4605 1106 4691 emissis.)

400 4805 480 4874 Tipis
503 4814 697 4875 comparatum
717 4806 862 4874 exemplar
882 4805 1025 4859 adnexum
1057 4803 1187 4858 relationi
1207 4803 1319 4871 losephi
1339 4801 1511 4867 Gerdenich,
1529 4801 1577 4854 ab·

293 4897 381 4968 legati
406 4896 601 4964 Turopolitani
630 4897 656 4950 d.
683 4897 711 4951 d.
739 4896 854 4949 Posonii
881 4897 904 4948 7.
930 4901 1004 4962 sept.
1026 4893 1103 4948 1802.
1123 4893 1301 4947 universitati
1321 4891 1422 4960 Campi
1440 4891 1575 4959 Turopol.

296 4987 430 5040 directae.
449 4984 527 5056 Orig.
547 4986 576 5038 iu
595 4985 710 5040 archivo
733 5000 876 5040 commun.
895 4985 962 5040 nob.
981 4983 1019 5038 de
1037 4982 1200 5051 Turopolje.
