3934 5550
1512 412 1571 475 271

387 631 432 690 ln
456 631 610 692 dorso:
641 631 831 710 Spectabilis
850 631 1085 711 perillustnbus,
1115 630 1288 711 generosis,
1316 629 1479 703 nobilibus,
1502 629 1576 689 item

298 745 330 797 et
353 737 492 818 egregiis
524 737 717 798 universitati
749 738 897 799 nobilium
924 738 1038 817 Campi
1061 738 1240 818 Turopolye
1263 738 1302 799 N.
1325 738 1363 797 N.
1387 737 1493 797 comiti
1516 745 1576 797 ter·

300 845 406 919 restri,
439 844 666 919 assessoribus,
690 845 807 921 iuratis,
839 865 876 906 ac
908 845 964 906 toti
996 845 1130 925 praefati
1160 845 1274 925 Campi
1301 843 1460 919 nobilitati,
1485 843 1577 904 amici

297 952 511 1013 observandis.

405 1079 579 1139 Lulrauecz.

400 1219 546 1291 Originale
571 1221 761 1288 chartaceum,
787 1239 803 1276 a
828 1230 909 1293 tergo
936 1238 1105 1290 appressum
1131 1221 1265 1293 sigillum,
1289 1238 1347 1293 quo
1371 1220 1453 1275 litera
1477 1219 1574 1275 clausa

295 1317 365 1366 erat.
384 1313 415 1365 lu
434 1310 549 1365 archivo
568 1327 712 1367 commun.
731 1312 797 1366 nob.
817 1314 855 1367 de
873 1312 1035 1383 Turopolje.

400 1814 492 1873 Αηηο
522 1811 613 1873 1747.
643 1813 690 1874 12.
714 1813 826 1875 martii.
854 1814 1041 1895 Zagrabiae.

295 2006 492 2092 Capitulum
530 2006 688 2089 ecclesiae
724 2006 955 2087 Chasmensis,
989 2009 1243 2073 attestationem
1276 2007 1327 2075 18.
1362 2008 1501 2073 testium
1537 2005 1578 2071 de

293 2113 509 2178 tuuaultuosu
539 2114 796 2179 restauratione
827 2115 1059 2201 magistratus
1091 2116 1215 2201 Campi
1249 2113 1506 2201 Turopoliensis
1535 2128 1577 2193 [j.

588 2221 729 2289 decemb.
751 2244 782 2287 a.
805 2224 898 2305 1746.
922 2222 1098 2304 celebrata,
1120 2223 1285 2309 notificat.

403 2422 470 2482 Nos
494 2422 664 2501 capitulum
700 2423 852 2484 eeclesiae
884 2424 1090 2485 Chasmensis
1118 2425 1289 2485 memoriae
1322 2426 1578 2485 commendamus

295 2536 403 2589 tenore
434 2529 646 2608 preasentium
670 2530 885 2612 significantes
909 2530 1021 2611 quibus
1045 2531 1169 2610 expedit
1201 2531 1362 2592 universis.
1386 2532 1480 2607 Quod
1506 2550 1578 2591 cum

295 2655 353 2696 nos
377 2638 417 2696 ad
441 2638 623 2698 stantiinam
648 2646 678 2697 et
700 2637 875 2718 legitimam
903 2638 1137 2717 requisitionem
1168 2638 1316 2699 nobilium
1342 2639 1455 2718 Campi
1479 2640 1577 2698 Turo-

295 2745 397 2823 polya,
421 2746 502 2806 duos
525 2766 542 2806 e
566 2744 688 2827 gremio
711 2744 818 2822 nostri,
838 2746 1008 2806 admodum
1031 2746 1222 2806 reverendos
1245 2746 1389 2807 dominos
1412 2746 1577 2807 Matthiam

296 2851 423 2926 Turina,
456 2861 625 2928 cantorem,
657 2861 688 2913 et
719 2852 893 2934 Georgium
924 2853 1110 2927 Berkovich,
1142 2854 1313 2928 custodem,
1336 2853 1449 2914 fratres
1471 2863 1578 2932 utpote

296 2966 327 3019 et
350 2960 580 3021 concanonicos
610 2967 743 3037 nostros,
777 2963 818 3022 ad
848 2960 1079 3039 infrascriptam
1106 2959 1337 3040 inquisitionem
1372 2961 1578 3042 adigendam,

295 3067 447 3146 nobisque
471 3086 529 3128 suo
552 3068 647 3128 modo
677 3068 809 3129 fideliter
839 3069 1046 3143 referendam,
1072 3076 1178 3128 nostro
1202 3087 1259 3146 pro
1282 3067 1459 3130 testimonio
1482 3067 1577 3130 exmi-

296 3173 446 3235 sissemus
469 3173 656 3256 fidedignos,
689 3175 742 3255 qui
768 3176 965 3255 postmodum
999 3175 1112 3235 exinde
1145 3176 1185 3235 ad
1216 3193 1275 3234 nos
1305 3173 1429 3235 insimul
1460 3177 1578 3238 reversi

295 3284 336 3342 ad
359 3282 525 3361 puritatem
548 3283 807 3344 conscientiarum
833 3303 960 3344 suarum
982 3283 1073 3343 nobis
1088 3283 1284 3343 concorditer
1308 3285 1478 3342 retulerunt
1495 3285 1577 3342 bunc

296 3389 327 3449 in
351 3391 488 3468 modum,
523 3391 606 3471 quod
630 3399 836 3470 posteaquam
868 3390 900 3450 in
932 3409 1015 3450 anuo
1046 3390 1163 3450 domini
1192 3390 1286 3449 modo
1319 3391 1453 3450 currenti
1486 3390 1577 3449 infra·

295 3498 411 3577 scripto
452 3496 543 3559 1747.
579 3496 639 3558 die.
675 3517 750 3558 vero
784 3495 835 3558 20.
869 3505 900 3558 et
924 3497 1126 3577 sequentibus
1157 3497 1274 3557 mensis
1305 3495 1461 3572 februarii,
1484 3497 1579 3560 iidem

297 3605 415 3666 domiui
438 3607 551 3666 iratres
568 3614 599 3666 et
613 3605 740 3668 exmissi
763 3605 870 3680 nostri,
893 3605 925 3665 in
948 3615 980 3665 et
1004 3604 1044 3664 ad
1065 3605 1227 3664 castellum
1244 3605 1414 3665 eorundem
1431 3605 1579 3665 nobilium

296 3715 462 3774 Lukavecz
490 3723 711 3794 nuncupatum,
736 3713 894 3774 comitatui
926 3711 1131 3794 Zagrabiensi
1168 3712 1317 3773 adiacens
1339 3713 1574 3791 pervenissents

296 3841 357 3881 unc
388 3829 492 3882 eotum
529 3829 560 3881 et
595 3821 710 3882 ibidem
747 3841 851 3882 coram
884 3821 996 3882 iisdem
1028 3819 1160 3881 dominis
1192 3821 1338 3881 fratribus
1374 3829 1406 3881 et
1431 3822 1575 3899 exmissis

296 3929 409 3990 uostris
433 3947 488 4009 pro
512 3939 601 4009 parte
624 3939 894 4009 praememoratae
919 3929 1053 4007 inclytae
1068 3929 1299 3989 communitatis
1314 3929 1389 4005 fisci,
1405 3928 1438 3988 in
1453 3930 1575 3990 confor-

295 4035 402 4096 mitate
426 4037 673 4097 subinsertorum
697 4037 797 4098 deutri
821 4048 1008 4116 punctorum
1031 4037 1115 4097 facta
1131 4047 1180 4096 est
1200 4037 1397 4116 subsequens
1420 4036 1577 4116 inquisitio

296 4152 327 4202 et
349 4143 474 4203 testium
499 4145 638 4205 colectio.

764 4359 822 4418 De
858 4377 908 4420 eo
944 4360 1114 4418 utrum?

400 4504 519 4566 Primo:
543 4505 594 4564 An
617 4504 648 4564 in
672 4504 752 4564 festo
776 4511 905 4563 sanetae
936 4502 1052 4564 Luciae
1067 4505 1227 4582 proximae
1250 4504 1429 4583 praeterito,
1452 4512 1570 4565 restau-

293 4613 372 4672 ratio
405 4611 584 4672 officialium
617 4611 829 4671 universitatis
859 4610 1007 4670 nobilium
1035 4609 1149 4689 Campi
1173 4612 1355 4690 Turopolya
1377 4621 1507 4692 peractu
1531 4592 1580 4673 sit⁸

295 4728 326 4780 et
351 4719 377 4779 si
401 4721 454 4794 ita,
477 4719 547 4798 quis
571 4719 748 4797 potioritate
763 4727 916 4795 votorum,
940 4727 971 4778 et
994 4717 1025 4777 in
1049 4719 1174 4798 qualem
1189 4718 1354 4778 officialem
1371 4728 1420 4778 est
1437 4720 1579 4778 electus?

294 4837 325 4886 et
350 4827 375 4886 si
400 4834 475 4886 vota
498 4825 626 4885 dissona
650 4833 830 4885 evenerunt.

401 4935 563 4994 Secundo:
588 4934 676 5010 Quis,
700 4932 758 5005 cui,
783 4952 821 4992 ac
844 4951 987 5012 proquo
1010 4931 1114 4992 officio
1138 4943 1243 4993 votum
1268 4934 1376 4994 dedit?
