3934 5550
422 397 483 461 160

417 614 530 675 siensis
566 617 767 677 comitatuum
803 618 1061 691 celebrassemus,
1095 617 1170 696 quia
1203 624 1309 677 tamen
1344 616 1385 677 ad
1423 615 1564 676 notitiam
1600 616 1695 677 etiam

422 740 524 781 meam
548 724 710 803 perplures
733 742 850 785 causae
872 734 938 784 tum
961 743 1018 802 per
1041 725 1125 785 viam
1150 724 1365 802 appellationis
1388 724 1558 784 indictam
1586 724 1695 783 sedem

416 828 608 890 iudiciariam
633 832 838 892 antelatorum
864 832 1075 906 comitatuum,
1098 830 1309 910 praesentiam
1344 831 1487 892 videlicet
1519 830 1617 892 nostri
1641 831 1694 891 de·

416 935 529 997 ductae
553 938 704 999 irrevisae
728 947 759 999 et
783 938 898 1000 ibidem
921 939 1090 999 inchoatae
1114 939 1273 999 indecisae
1296 939 1529 1013 remansissent,
1555 948 1586 999 et
1608 946 1694 1018 post·

416 1045 543 1104 modum
568 1047 662 1107 etiam
686 1048 717 1107 in
740 1048 881 1127 partibus
905 1047 1062 1109 iudicatae
1085 1048 1319 1126 promovendae
1343 1050 1394 1108 vel
1417 1049 1457 1109 de
1481 1066 1565 1107 novo
1596 1046 1693 1106 susci·

418 1153 533 1213 tandae
558 1164 766 1216 remanerent.
790 1157 832 1217 Ut
855 1156 960 1235 itaque
985 1164 1016 1215 et
1038 1155 1121 1215 votis
1151 1154 1339 1235 litigantium
1370 1164 1402 1215 et
1435 1153 1591 1216 desiderio
1622 1173 1693 1215 meo

415 1278 454 1321 ex
478 1280 607 1321 munere
632 1263 725 1323 ollicii
748 1264 810 1325 mei
834 1264 1039 1343 proveniente
1062 1263 1203 1336 satisfiat,
1226 1262 1337 1325 iterum
1369 1263 1587 1325 celebrationis
1611 1263 1691 1323 eius·

415 1367 486 1427 dem
512 1368 597 1429 sedis
620 1370 801 1432 iudiciariae
824 1370 1087 1449 praescriptorum
1104 1372 1306 1459 comitatuum
1331 1370 1557 1431 continuissent
1572 1370 1692 1445 diebus,

416 1494 478 1535 non
511 1476 657 1537 obstante
687 1478 768 1538 festo
799 1478 928 1553 mixtim,
952 1479 1103 1539 celebrari
1135 1479 1267 1554 solitam,
1299 1479 1360 1540 deo
1382 1479 1463 1539 bene
1485 1478 1612 1539 favente
1635 1497 1692 1558 pro

414 1582 464 1643 die
491 1580 541 1644 31.
567 1586 683 1646 mensis
707 1586 790 1661 maii,
813 1587 887 1647 anni
910 1588 1005 1647 modo
1029 1586 1161 1649 labentis
1189 1587 1385 1665 infrascripti,
1415 1587 1446 1647 in
1475 1586 1573 1647 libera
1602 1585 1692 1666 regia

413 1690 539 1751 civitate
571 1693 872 1774 Montisgraecensis
902 1695 1136 1775 Zagrabiensis,
1159 1706 1191 1755 et
1222 1696 1333 1755 eodem
1365 1694 1513 1759 comitatu
1548 1694 1692 1755 existenti

413 1799 530 1876 habita,
553 1800 622 1861 loco
646 1810 753 1882 utpote
777 1811 936 1877 consvet0,
960 1812 991 1864 et
1015 1804 1171 1864 annotatis
1194 1804 1391 1864 comitatibus
1415 1803 1576 1864 observari
1591 1802 1690 1873 solit0,

413 1906 612 1968 indicendam
648 1918 679 1969 et
713 1910 933 1989 publicandum
968 1930 1039 1971 esse
1074 1912 1208 1988 decrevi,
1243 1912 1345 1990 prouti
1376 1912 1479 1971 indico
1504 1920 1536 1970 et
1558 1909 1688 1990 publico.

413 2014 614 2096 Quapropter
649 2018 893 2079 dominationem
930 2028 1067 2079 vestram
1104 2020 1285 2099 requisitam
1316 2038 1387 2079 esse
1418 2020 1500 2093 duxi,
1535 2026 1689 2097 quatenus

413 2124 608 2205 praescripto
632 2126 692 2199 die,
716 2144 799 2185 anno
823 2134 853 2187 et
877 2127 946 2187 loco
979 2128 1245 2209 praespecificatis
1277 2146 1315 2187 ex
1347 2126 1451 2187 officio
1482 2126 1539 2187 sibi
1571 2125 1688 2185 incum-

410 2230 506 2292 bente
531 2252 724 2312 comparere,
747 2253 785 2295 ac
808 2236 902 2294 etiam
926 2236 966 2295 de
990 2235 1242 2297 malefactoribus
1265 2235 1429 2315 inquirere,
1460 2235 1511 2295 vel
1534 2252 1591 2313 per
1614 2252 1689 2293 suos

410 2340 631 2420 vicegerentes
654 2342 774 2421 inquiri,
800 2351 831 2403 et
853 2351 975 2403 mature
1000 2344 1116 2405 referre
1139 2346 1189 2405 vel
1212 2344 1321 2405 reterri
1344 2363 1455 2404 curare
1479 2341 1565 2404 vellit
1580 2361 1617 2401 ac
1634 2342 1687 2401 de-

409 2448 495 2525 beat,
532 2468 569 2509 ac
601 2450 631 2509 in
661 2450 779 2529 reliquo
810 2451 891 2511 bene
922 2452 1047 2513 valebit.
1077 2452 1194 2512 Datum
1217 2452 1420 2526 Mariassocz,
1444 2451 1494 2511 die
1518 2449 1547 2511 9.
1571 2448 1688 2510 mensis

412 2555 493 2629 maii,
519 2576 601 2617 anno
625 2558 741 2619 domini
765 2559 929 2619 millesimo
952 2560 1181 2621 sexcentesimo
1204 2560 1420 2640 octuagesimo
1443 2559 1543 2620 tertio.

518 2702 701 2765 Generosae
725 2704 945 2765 dominationis
969 2713 1094 2764 vestrae
1118 2705 1158 2764 ad
1182 2704 1381 2764 serviendum
1405 2711 1534 2783 paratus

997 2870 1164 2932 Baithasar
1187 2869 1391 2950 Wragouich,
1414 2869 1586 2929 vicebanus
1609 2877 1640 2928 et

1115 2996 1280 3056 supremus
1303 2995 1410 3036 comes
1433 2996 1473 3038 m.
1496 2995 1525 3055 p.

518 3123 559 3183 ln
583 3124 723 3184 dorso:
748 3125 911 3184 Generoso
935 3123 1062 3183 domino
1077 3123 1217 3202 Georgio
1231 3122 1360 3183 Valicza
1374 3130 1440 3194 etc,
1456 3121 1569 3200 Campi
1585 3121 1684 3181 Turo-

412 3229 495 3307 polia
520 3229 625 3291 comiti
648 3231 787 3292 terrestri
812 3240 879 3305 etc,
903 3231 1030 3291 domino
1053 3231 1154 3291 amico
1178 3229 1471 3290 observandissimo.
1571 3231 1574 3238 '
1616 3295 1620 3304 ,
1672 3296 1676 3303 ,

513 3369 658 3442 Originale
677 3373 867 3438 chartaceum,
886 3387 903 3426 a
921 3379 1004 3442 tergo
1022 3386 1190 3440 appressum
1209 3377 1255 3425 est
1273 3371 1302 3423 in
1321 3370 1448 3441 margine
1461 3384 1596 3439 magnum
1609 3367 1684 3438 sigil-

405 3461 473 3524 lum,
492 3478 550 3530 quo
568 3461 649 3516 litera
667 3462 763 3516 clausa
782 3469 850 3516 erat.
870 3463 901 3516 In
921 3462 1035 3516 archivo
1053 3477 1195 3514 commun.
1214 3462 1281 3514 nob.
1300 3461 1337 3513 dc
1355 3459 1517 3528 Turopolje.

512 3550 625 3604 Similes
644 3551 673 3605 in
691 3552 792 3605 eodem
813 3551 927 3606 archivo
946 3556 1046 3604 extant
1063 3565 1148 3620 quam
1167 3549 1272 3618 plures,
1291 3549 1437 3603 videlicet:

512 3641 545 3694 Α.
565 3637 643 3694 1688.
663 3637 706 3694 18.
724 3641 834 3694 decem.
854 3639 1016 3710 Zagrabiae.
1041 3638 1188 3692 Balthasar
1205 3637 1386 3708 Wragotich,
1411 3637 1567 3690 vicebanus
1585 3653 1617 3691 ac
1637 3653 1683 3691 co·

405 3745 467 3783 mes
481 3729 676 3800 Zagrabicnsis
695 3736 725 3782 et
742 3728 901 3794 Crisiensis‚
914 3728 999 3782 Petro
1017 3727 1238 3799 Saenkouachky
1250 3724 1370 3798 Ualicpa,
1383 3725 1480 3780 comiti
1493 3728 1621 3780 terrestri
1633 3743 1684 3781 no·

404 3818 502 3873 biliurn
515 3817 615 3886 Campi
628 3818 842 3886 Turopoliensis
858 3819 1019 3884 committit,
1039 3825 1069 3871 ut
1087 3817 1300 3872 celebrationen
1318 3816 1397 3869 selis
1416 3816 1580 3870 iudiciariae
1598 3818 1684 3870 comi-

403 3914 512 3962 tatuum
526 3908 722 3978 Zagrabiensis
741 3916 771 3961 et
789 3906 940 3960 Crisiensis
959 3923 1013 3974 pro
1031 3907 1079 3960 die
1099 3907 1140 3960 10.
1161 3907 1278 3960 ianuarii
1298 3905 1363 3960 anni
1383 3905 1557 3958 imminentis
1574 3904 1679 3973 (1684.)

404 4004 434 4051 et
452 3997 514 4051 aliis
532 3997 697 4051 immediate
715 3997 956 4066 subsequentibus
975 3995 1117 4049 continuis
1136 3995 1247 4062 diebus,
1265 4011 1322 4049 non
1341 3995 1475 4048 obstante
1496 3993 1578 4060 lesto,
1605 3995 1632 4047 in
1652 3995 1683 4047 li-

404 4089 473 4142 bera
492 4103 551 4158 reg.
565 4087 680 4140 civitate
700 4086 966 4158 Montisgraecensis
985 4085 1180 4151 Zagrabiensi,
1192 4084 1255 4137 loco
1267 4084 1401 4137 videlicet
1419 4083 1548 4136 brevium
1567 4084 1683 4138 iudicio·

405 4193 466 4230 rum
492 4183 630 4230 consveto
649 4175 812 4244 praelixam,
832 4176 860 4227 in
880 4190 932 4228 suo
952 4173 1061 4241 Campo
1086 4173 1257 4243 promulgari
1276 4172 1370 4239 iaciat,
1389 4187 1422 4226 ac
1447 4179 1599 4226 annotatae
1620 4173 1683 4226 sedi

404 4266 569 4320 iudiciariae
581 4266 684 4320 adesse
704 4266 817 4319 debeat.
836 4264 890 4318 Pro
910 4280 986 4318 anno
1004 4263 1128 4316 currenti
1147 4264 1233 4316 sedes
1252 4279 1310 4316 non
1327 4261 1466 4316 celebrari
1494 4263 1586 4330 potuit
1598 4278 1684 4332 prop·

404 4364 449 4410 ter
471 4355 650 4409 turbulentos
669 4354 726 4407 beli
746 4361 838 4407 metus
858 4360 886 4408 et
905 4359 1006 4418 castra,
1025 4352 1062 4405 ad
1087 4367 1160 4420 quae
1185 4368 1237 4418 pro
1262 4351 1430 4404 defensione
1456 4357 1485 4404 et
1509 4351 1683 4405 conservati·

404 4461 460 4500 one
485 4461 568 4499 carae
586 4445 694 4512 patriae
713 4443 786 4497 illico
805 4459 906 4496 omnes
926 4441 1069 4509 proticisci
1088 4442 1319 4494 necessabantur.

510 4552 647 4605 Eiusdem
675 4550 856 4622 Wragouich,
881 4549 1020 4615 vicebani,
1048 4549 1225 4602 invitatoriae
1254 4549 1309 4616 ipsi
1336 4547 1421 4602 Petro
1446 4547 1682 4620 Szenlrowachlry,

404 4643 501 4696 comiti
519 4648 586 4696 terr.
605 4642 740 4708 directae,
759 4642 786 4694 d.
806 4641 833 4693 d.
852 4639 1012 4705 Varasdini,
1030 4638 1073 4692 22.
1094 4637 1163 4691 febr.
1187 4637 1273 4704 1684,
1291 4638 1327 4691 ad
1347 4638 1446 4692 sedem
1462 4636 1545 4690 indic.
1564 4653 1617 4705 pro
1636 4638 1683 4691 die

405 4731 447 4786 1³.
468 4731 560 4784 martii
580 4731 733 4801 Zagrabiae
752 4729 961 4784 celebrandam.

511 4837 648 4905 Stephani
657 4837 815 4902 Iellachich,
828 4837 966 4902 vicebani,
985 4836 1040 4903 ipsi
1052 4833 1275 4904 Saenlrouachlry
1288 4835 1423 4900 directae,
1435 4835 1461 4886 d.
1481 4834 1508 4887 d.
1523 4834 1677 4904 Zagrabiae

404 4929 430 4982 b.
449 4927 546 4997 aprilis
564 4925 642 4980 1⁶97.
662 4925 699 4980 ad
716 4927 813 4980 sedern
833 4923 917 4978 ludio.
937 4925 962 4978 7.
982 4925 1048 4979 maii
1066 4924 1274 4978 celebrandam.
