3934 5550
1539 438 1606 501 223

311 658 370 716 lioc
404 676 529 736 quoque
564 676 620 734 per
655 676 837 733 expressum
875 656 976 715 eidem
1013 655 1156 715 intimare
1192 656 1342 729 volentes,
1376 663 1411 714 ut
1441 656 1594 735 praetacti

313 764 428 843 Campi
451 764 685 843 Turopollensis
709 764 846 837 nobiles„
861 763 1034 823 secundum
1058 764 1282 843 obligationem
1314 764 1405 823 unius
1439 763 1591 844 cuiusque

313 874 352 933 de
375 873 499 953 singula
523 874 616 933 domo
639 872 763 933 nemine
780 879 911 950 excepto
936 871 980 931 ita
1003 881 1193 951 compareat,
1217 890 1257 931 ne
1281 872 1361 931 ullus
1381 872 1528 932 absolute
1545 891 1592 932 re·

313 1000 449 1053 manere,
473 1000 605 1060 seseque
631 982 797 1041 absentare
822 988 1011 1058 praesumat,
1035 999 1127 1039 secus
1150 979 1251 1039 securi
1279 998 1351 1040 esse
1366 990 1522 1060 poterunt,
1539 1000 1595 1059 per

312 1089 472 1149 ordinatos
504 1090 544 1149 ad
576 1089 606 1148 id
644 1088 842 1149 conliniarios
883 1088 1042 1162 olticiales,
1077 1088 1166 1148 inviti
1200 1106 1324 1167 quoque
1359 1096 1391 1148 et
1426 1086 1515 1169 ligati
1551 1088 1592 1147 ad

313 1204 415 1255 castra
440 1196 642 1270 deducentur,
666 1197 772 1275 sicque
797 1196 959 1257 domiciliis
984 1196 1049 1255 suis
1073 1195 1240 1275 quaepiam
1264 1196 1381 1256 damna
1412 1204 1444 1255 et
1476 1197 1593 1257 incom-

314 1304 408 1363 moda
432 1304 560 1382 praevio
584 1322 622 1363 ex
646 1304 769 1364 defectu
803 1304 931 1363 eosdem
963 1303 1122 1383 praesenti
1153 1303 1233 1363 scire
1265 1301 1440 1383 contigerit,
1471 1304 1596 1363 sibimet

313 1410 372 1489 ipsi
396 1411 550 1489 imputare
577 1411 733 1471 valebunt.
758 1410 927 1471 Caeterum
952 1410 1087 1470 eandem
1111 1410 1355 1469 dominationem
1379 1418 1517 1471 vestram
1541 1410 1593 1470 diu

313 1516 467 1579 foeliciter
492 1519 595 1579 valere
618 1519 787 1597 cupientes.
813 1518 928 1578 Datum
952 1518 1082 1587 Chiche,
1106 1516 1159 1580 27.
1182 1517 1256 1577 maii
1283 1514 1375 1577 1697.

423 1643 605 1704 Generosae
630 1643 849 1704 dominationis
874 1652 1000 1703 vestrae
1024 1643 1066 1703 ad
1089 1642 1192 1703 officia
1215 1650 1345 1720 paratus

772 1787 889 1849 Comes
914 1788 1056 1847 Adamas
1080 1788 1119 1847 de
1143 1788 1310 1865 Battlryan,
1332 1788 1434 1847 banus
1458 1807 1497 1849 m.
1521 1808 1550 1866 p.
1594 1774 1597 1779 ¹

423 1916 456 1975 P.
480 1916 511 1975 S.
547 1916 659 1976 Iterato
695 1916 902 1975 demandatur
938 1915 1142 1975 dominationi
1177 1922 1301 1974 vestrae
1337 1934 1530 1997 generosae,
1566 1923 1600 1974 ut

315 2021 429 2099 Campi
453 2023 591 2083 eiusdem
617 2031 729 2103 gentes
751 2031 817 2083 tarn
842 2023 1050 2101 punctualiter
1073 2032 1211 2083 statuere
1234 2022 1317 2095 velit,
1333 2032 1367 2083 ut
1385 2023 1511 2083 defectu
1526 2023 1593 2082 sine

315 2129 399 2189 omni
423 2139 634 2209 compareant,
658 2150 750 2191 secus
774 2129 857 2190 enim
881 2149 976 2190 manu
1001 2130 1096 2189 etiam
1120 2129 1245 2189 militari
1268 2131 1501 2209 compellentur.

422 2238 466 2297 ln
502 2238 648 2299 dorso:
685 2238 849 2299 Generoso
888 2238 1015 2299 domino
1057 2238 1156 2299 Paulo
1190 2238 1344 2317 Liguticli,
1381 2238 1592 2298 universitatis

318 2344 430 2422 Campi
454 2346 642 2423 Turopoliae
666 2346 771 2405 comiti
805 2346 953 2421 terrestri,
977 2354 1009 2405 et
1033 2346 1139 2422 inclyti
1172 2345 1338 2405 comitatus
1371 2346 1599 2425 Zagrabiensis

316 2451 409 2511 iudici
432 2452 580 2512 nobilium
605 2460 672 2527 etc,
696 2452 786 2513 nobis
809 2453 1016 2515 observando.

534 2620 540 2633 Ι
781 2590 825 2633 ito!

534 2674 539 2685 .
781 2644 825 2688 ito.

496 2696 501 2707 ι
533 2726 539 2739 Ι
781 2698 826 2741 ito!

533 2783 540 2797 .
781 2751 826 2796 lto.

496 2806 501 2818 '
533 2835 539 2848 .
781 2806 826 2850 ito.

534 2890 540 2902 .
781 2859 827 2904 ito.

532 2943 537 2956 .
781 2911 826 2957 ito.

420 3024 565 3096 Originale
583 3025 772 3089 chartaceum,
791 3039 808 3076 a
826 3030 908 3094 tergo
927 3039 1096 3091 apprcsusm
1117 3028 1162 3075 est
1180 3021 1311 3093 sigillum,
1330 3036 1388 3090 quo
1407 3021 1489 3074 litera
1501 3019 1599 3073 clausa

316 3119 383 3166 erat.
402 3115 433 3166 ln
453 3114 567 3167 archivo
586 3129 728 3166 commun.
748 3115 815 3166 nob.
834 3114 871 3166 de
890 3113 1055 3182 Turopolje.

427 3237 433 3266 ¹
453 3239 605 3306 scriptum:
626 3239 886 3306 »pertranscisset«
927 3237 936 3265 ²
955 3239 981 3292 2.
1002 3239 1077 3291 iunii.

901 3557 1007 3632 1⁷5.

425 3761 516 3819 Anno
545 3757 638 3821 1697.
662 3758 713 3819 21.
738 3759 882 3819 octobris.
908 3759 1095 3838 Zagrabiae.

318 3951 512 4037 Stephanus
535 3951 774 4028 Selr'sclwuiclr,
798 3951 975 4036 episcopus
999 3949 1254 4031 Zagrobierasia
1289 3948 1408 4013 comiti
1438 3951 1598 4013 terrestri

320 4061 444 4146 Campi
484 4059 669 4144 Turopolr'a
706 4059 864 4136 mandat,
899 4061 938 4122 ut
967 4061 1090 4143 gentes
1128 4078 1213 4120 strae
1247 4056 1294 4120 ad
1328 4056 1597 4120 Kosztaniczam

844 4166 1072 4250 compareant.

533 4385 694 4444 Generose
718 4384 842 4443 domine
867 4385 1073 4445 observande.

425 4528 539 4589 Scribit
562 4528 636 4587 mihi
660 4529 804 4588 dominus
830 4528 1009 4602 vicebanus,
1033 4529 1117 4607 quod
1141 4529 1170 4588 d.
1193 4549 1220 4591 v.
1245 4547 1402 4608 generosa
1426 4529 1599 4605 publicatas

319 4655 375 4714 pro
399 4635 622 4696 insurrectione
647 4637 798 4695 castrensi
822 4637 975 4695 hactenus
1000 4655 1063 4695 non
1088 4635 1270 4713 accepisset,
1295 4654 1374 4714 quas
1407 4643 1512 4694 tamen
1538 4655 1600 4714 ego

320 4744 420 4804 eidem
457 4744 624 4818 transmisi,
659 4751 690 4802 et
726 4763 764 4803 ex
799 4763 837 4803 eo
869 4745 998 4804 easdem
1022 4752 1139 4822 repet0,
1170 4752 1204 4802 ut
1228 4763 1266 4802 ex
1290 4763 1353 4822 quo
1378 4743 1597 4803 serenissimus

320 4851 463 4930 princeps
496 4852 666 4930 Eugenius,
703 4871 867 4930 supremus
904 4853 1053 4911 armadae
1089 4871 1259 4910 caesareae
1293 4851 1438 4922 bellidux,
1474 4850 1599 4911 devicto

318 4961 447 5021 feliciter
471 4960 573 5020 hostili
597 4959 743 5032 exercitu,
768 4959 872 5036 cupiat
897 4959 1026 5018 ulterius
1049 4958 1209 5018 servitium
1233 4978 1311 5018 suae
1342 4959 1516 5018 maiestatis
1552 4977 1599 5018 sa·
