3934 5550
1500 394 1566 457 425

282 612 366 688 legio
402 611 491 691 regio
524 612 722 691 negotiorum
755 618 863 690 gestor
888 612 928 671 ad
952 612 1090 671 diaetam
1115 618 1274 685 evocatur,
1297 612 1355 671 sed
1378 610 1477 690 ipsius
1499 610 1565 670 uni·

280 718 438 779 versitatis
461 718 587 779 nomine
612 736 740 778 eorsum
764 718 938 797 deputetur.

387 840 533 911 Originale
562 841 802 895 communicatum
828 840 912 894 bano.
938 838 969 893 ln
996 839 1111 894 archivo
1136 855 1248 911 regnor.
1267 838 1307 906 Q,
1326 840 1354 893 S.
1374 846 1404 893 et
1430 839 1478 893 D.:
1496 840 1568 894 Acta

282 930 542 1003 congregationalia
562 947 585 983 a.
606 928 685 983 1802.
704 929 755 984 No.
775 929 818 983 61.

872 1182 977 1252 24⁴.

390 1385 483 1445 Anno
512 1381 603 1445 1809.
629 1382 659 1445 7.
683 1384 795 1443 martii.
823 1384 1079 1463 Nagnylakae.

283 1577 554 1665 Repartirionem
577 1594 734 1639 summae
757 1574 857 1639 tilulo
881 1572 1067 1639 honorarii
1094 1575 1237 1662 regilius
1260 1575 1400 1653 obustae,
1423 1576 1567 1641 uniuer-

280 1688 446 1772 silaliqua
470 1684 541 1749 nob.
560 1684 683 1769 Campi
706 1683 830 1769 Turop.
853 1683 1086 1768 adrepartirae
1109 1683 1287 1768 deputatio
1314 1682 1439 1769 Campi
1458 1683 1567 1747 Turo-

183 1804 186 1812 '
752 1791 915 1875 pollensis
938 1790 1089 1858 ordinat.

389 1994 487 2053 Anno*
505 1991 621 2052 domini
646 1989 738 2052 1809.
763 1992 812 2051 die
838 2010 913 2051 vero
937 1990 966 2052 7.
991 1990 1108 2050 mensis
1131 1990 1243 2064 martii,
1267 1991 1409 2051 incuria
1437 1999 1561 2070 specta-

285 2090 363 2162 bilis'
371 2110 402 2161 et
418 2100 600 2179 perillustris
623 2098 738 2159 domini
753 2095 878 2160 loannis
892 2099 970 2178 Nep.
988 2098 1154 2176 Zdencsay
1178 2100 1217 2159 de
1233 2095 1435 2159 Zahromich¹
1451 2099 1566 2171 Grada,

285 2208 495 2267 universitatis
512 2205 661 2267 nobilium
685 2206 799 2284 Campi
812 2206 992 2285 Turopolya
1006 2206 1126 2267 emeriti
1138 2207 1260 2267 comitis
1283 2206 1448 2281 terrestris,
1465 2208 1560 2287 Nagy

283 2316 410 2375 Mlakae
442 2315 564 2388 situata,
600 2313 792 2393 possessioni
823 2314 956 2373 nominis
991 2313 1141 2388 eiusdem,
1172 2323 1204 2374 et
1234 2313 1436 2374 iurisdictioni
1470 2334 1559 2393 prae·

284 2423 367 2483 latae
392 2422 604 2483 universitatis
637 2429 669 2481 et
698 2421 793 2481 incliti
825 2421 990 2481 comitatus
1020 2421 1243 2502 Zagrabiensis
1274 2422 1471 2503 ingremiata‚
1504 2423 1562 2482 sub

283 2534 440 2613 praesidio
454 2553 526 2594 mox
541 2532 596 2593 lati
611 2531 789 2611 spectabilis
805 2530 922 2591 domini
933 2531 1059 2591 loannis
1071 2531 1419 2609 Nepomue.Zdenczay
1433 2530 1562 2607 (titulus)

284 2640 503 2721 praesentibus
537 2650 642 2702 cotum
676 2659 713 2700 ac
744 2640 859 2699 ibidem
891 2639 1053 2719 spectabili
1088 2658 1125 2698 ac
1166 2639 1392 2718 perillustribus
1426 2638 1559 2699 dominis

282 2751 376 2811 Petro
401 2750 537 2826 Modich,
557 2748 651 2810 incliti
672 2748 842 2822 comitatus¹
858 2745 1082 2828 Zagrabiensis
1098 2746 1182 2807 sedis
1199 2745 1380 2808 iudiciariae
1397 2765 1558 2808 assessore

284 2867 315 2918 et
330 2858 491 2936 praelatae
513 2856 724 2917 universitatis
741 2863 935 2934 perceptore,
959 2854 1282 2934 GeorgioPogledich
1306 2855 1479 2914 subcomite
1502 2862 1562 2915 ter·

285 2965 383 3040 restri,
406 2965 542 3024 Martino
567 2963 783 3038 Blaselrovich,
799 2961 956 3022 ordinario
982 2961 1104 3021 notario
1121 2969 1152 3022 et
1174 2961 1395 3036 assessoribus,
1418 2980 1478 3022 uec
1501 2980 1564 3022 non

284 3072 430 3135 Samuele
455 3071 617 3131 Ludovico
641 3071 816 3146 Zdenezay,
833 3068 932 3129 fiscali
956 3076 988 3128 et
1011 3068 1159 3140 actuario,
1175 3087 1213 3128 ex
1229 3069 1313 3128 lacta
1336 3088 1392 3146 per
1407 3069 1565 3148 publicum

284 3199 301 3241 e
326 3179 467 3261 generali
490 3178 652 3258 praelatae
669 3177 881 3238 universitatis
898 3178 938 3238 de
962 3177 1037 3236 dato
1055 3175 1106 3237 21.
1130 3176 1278 3237 februarii
1299 3177 1494 3238 ordinatione
1519 3196 1567 3237 ce-

283 3289 423 3350 lebratae
448 3287 656 3368 deputationis

865 3412 988 3472 Acta.

392 3539 440 3598 De
464 3557 605 3598 summae
628 3539 715 3599 titulo
739 3539 895 3599 honorarii
920 3539 951 3598 in
974 3537 1140 3616 postremis
1156 3536 1246 3617 regni
1266 3535 1400 3596 comitiis
1421 3536 1568 3596 dominae

292 3654 323 3706 et
353 3647 484 3726 reginae
508 3647 641 3721 oblatae,
676 3646 871 3708 universitati
894 3646 985 3706 huius
1009 3645 1158 3729 nobilium
1174 3645 1287 3724 Campi
1311 3645 1492 3724 Turopolya
1515 3645 1568 3707 ad·

284 3753 453 3832 repartitae
477 3753 560 3814 lacta
584 3753 766 3815 individuali
791 3753 1000 3833 repartitione.

390 3861 437 3921 Ex
471 3861 618 3921 incidenti
648 3862 709 3937 illo,
738 3863 821 3941 quod
844 3861 1011 3941 postremis
1036 3861 1125 3940 regni
1150 3861 1343 3940 Hungariae,
1367 3860 1564 3939 partiumque

283 3969 385 4029 eidem
410 3970 603 4029 adnexarum
627 3969 759 4029 comitiis
783 3969 929 4028 dominae
946 3977 977 4028 et
994 3968 1123 4048 reginae
1147 3967 1235 4027 titulo
1250 3968 1408 4029 honorarii
1425 3967 1566 4031 500.000

284 4077 349 4138 flor.
373 4077 479 4138 oblata
502 4078 571 4153 sint,
606 4078 690 4138 lacta
713 4078 770 4138 luit
796 4096 852 4157 per
880 4077 1114 4154 deputationem
1150 4077 1378 4156 regnicolarem
1400 4077 1561 4155 repartitio

284 4204 331 4262 ea,
355 4195 389 4246 ut
414 4186 606 4246 universitati
630 4186 778 4247 nobilium
802 4183 916 4263 Campi
948 4185 1128 4262 Turopolya
1156 4182 1217 4243 102
1240 4181 1352 4244 floreni
1384 4184 1471 4244 titulo
1502 4184 1565 4243 iam

284 4293 466 4353 mentionati
501 4293 659 4354 honorarii
694 4291 893 4371 persolvendi
928 4291 1115 4371 obtigerant,
1146 4290 1178 4350 in
1213 4309 1296 4351 nexu
1329 4310 1460 4370 quorum
1495 4309 1566 4350 eam

284 4401 399 4460 iustam
431 4401 553 4477 clavim,
585 4400 757 4461 secundum
781 4418 875 4478 quam
901 4417 1025 4458 summa
1052 4398 1231 4476 praedictae
1256 4398 1451 4458 universitati
1476 4399 1564 4458 adre-

286 4508 399 4586 partita
423 4508 504 4568 intra
527 4508 695 4588 gremiales
726 4507 846 4566 nobiles
879 4505 1023 4566 distribui
1051 4506 1164 4580 valeat,
1192 4525 1273 4585 quae
1298 4505 1359 4564 iam
1384 4524 1440 4583 per
1463 4505 1566 4584 regni·

284 4616 422 4676 colerem
453 4615 687 4693 deputationem
721 4615 871 4694 adoptata
904 4621 960 4689 est,
990 4613 1143 4682 videlicet,
1176 4621 1211 4672 ut
1240 4631 1259 4672 a
1290 4611 1415 4692 singulo
1438 4613 1567 4687 floreno

282 4722 335 4801 qui
359 4722 447 4781 titulo
474 4721 602 4781 subsidii
627 4740 709 4782 anno
732 4723 901 4802 praeterito
927 4721 1112 4782 sextalitatis
1136 4727 1352 4798 proventuum,
1377 4728 1408 4780 et
1431 4720 1565 4779 centesi-

260 4813 432 4890 ¹malitatis
472 4830 651 4890 lacultatem
689 4831 728 4890 ad
762 4831 906 4910 promissi
942 4829 1077 4907 dependi
1113 4829 1278 4895 debuerat,
1314 4827 1377 4887 duo
1412 4828 1564 4907 crucigeri

282 4928 504 5018 computentur
536 4938 629 4998 etlam
655 4939 865 5017 adoptandam
891 4955 961 4998 esse
986 4938 1132 5016 opinatur
1154 4937 1333 5014 procedens·
1352 4937 1520 5015 deputatio
