3934 5550
1495 388 1566 453 437·

279 606 397 665 kavecz
414 603 517 683 reipse
536 603 737 665 adinventum
750 604 936 679 retulissent,
955 624 1068 665 omnes
1080 604 1232 665 neoeleeti
1246 624 1432 681 assessores,
1444 605 1564 666 viceas-

278 730 419 773 sessores
434 719 467 772 et
482 712 531 774 alli
554 712 817 792 magistratualee,
834 711 971 791 demptis
989 710 1080 772 unice
1097 711 1226 773 domino
1242 712 1381 777 Antonio
1403 714 1568 791 Lentulay,

281 822 397 881 Ioanne
427 820 553 881 Szenlro
577 830 608 879 et
631 820 812 881 Alexandro
838 820 1057 897 Blaselrovich,
1079 821 1249 881 neoelectis
1272 821 1567 898 viceassessoribus,

282 930 341 988 hac
364 928 433 989 vice
461 928 492 988 in
516 928 727 1007 praesentiam
757 928 968 990 universitatis
991 948 1054 990 non
1078 930 1340 1009 comparentibus,
1363 928 1462 991 solitis
1485 931 1565 991 iura·

286 1036 399 1096 mentis
423 1035 562 1097 obstricti
585 1046 666 1097 sunt

766 1198 1018 1260 Articulus
1048 1198 1077 1261 2.

386 1324 442 1383 De
472 1322 632 1384 interna
662 1322 868 1401 iudiciali,
897 1324 1188 1404 perceptorali
1219 1326 1257 1387 el
1291 1295 1566 1387 oeconomica

282 1430 657 1492 administratione
681 1432 825 1511 Campi
850 1433 1099 1512 Turopolya.

388 1555 437 1616 Ad
466 1557 678 1619 revehendam
711 1557 846 1636 priorem
878 1558 1140 1631 constitutionem,
1171 1541 1375 1637 ordinemque
1398 1557 1565 1637 pristinum

246 1732 248 1736 ,
283 1663 313 1723 in
337 1664 430 1725 rebus
454 1664 602 1745 gerendis
624 1664 772 1727 usitatum
804 1665 1072 1741 introducendum,
1107 1664 1293 1734 universitas
1316 1665 1481 1745 sequentia
1504 1683 1563 1725 con

282 1772 387 1847 clusit3
411 1780 443 1834 et
466 1771 606 1852 quidem:
1556 1830 1562 1839 .

389 1879 414 1940 1.
439 1881 518 1943 Cum
550 1891 691 1959 tempore
722 1881 897 1961 interregni
930 1881 1042 1944 Gallici
1073 1884 1178 1963 plures
1201 1881 1415 1962 querimoniae
1438 1888 1470 1941 et
1492 1879 1562 1941 lites

281 1988 361 2047 inter
383 1988 503 2049 nobiles
531 1988 643 2067 Campi
675 1988 767 2049 huius
791 1989 974 2068 Turopolya
997 1999 1156 2051 vertentes
1180 2008 1287 2050 coram
1309 1986 1493 2068 respectivis
1516 1986 1561 2045 iu·

279 2094 401 2157 dicibus
434 2094 561 2157 Gallicis
593 2114 789 2176 quocumque
820 2096 947 2157 demum
979 2098 1105 2158 nomine
1129 2096 1324 2176 compellatis
1347 2095 1410 2155 iam
1433 2094 1561 2155 decisae
1631 2077 1635 2087 ¹

279 2203 401 2278 luerint,
432 2222 469 2263 ex
501 2222 539 2265 eo
570 2222 609 2263 ne
638 2202 799 2284 negotium
824 2204 886 2265 iam
911 2206 1009 2265 semel
1032 2204 1217 2267 iudicialitec
1248 2210 1430 2282 superatum
1453 2220 1562 2263 rursus

278 2329 335 2391 per
371 2320 492 2391 partem
527 2330 589 2372 non
626 2320 804 2372 contentam
843 2312 1061 2387 resuscitetur,
1093 2313 1200 2391 sicque
1238 2312 1309 2373 lites
1346 2310 1413 2371 sine
1451 2327 1560 2371 neccs-

279 2418 370 2479 sitate
406 2427 590 2499 augeantur,
624 2420 805 2479 conclusum
840 2420 981 2494 habetur,
1017 2431 1051 2481 ut
1085 2420 1228 2481 dominus
1264 2438 1371 2479 comes
1404 2418 1560 2483 terrestris

279 2527 384 2587 omnia
408 2535 478 2589 acta
503 2526 657 2589 iudicialia
687 2526 843 2605 Campum
875 2528 1055 2606 Turopolya
1088 2526 1308 2588 concernentia
1332 2546 1351 2585 a
1377 2523 1561 2604 respectivis

282 2634 436 2695 iudicibus
458 2635 555 2715 pacis,
579 2633 812 2715 eorundemque
838 2634 984 2697 actuariis
1008 2635 1137 2714 gretfier
1159 2635 1233 2695 dicti
1256 2633 1394 2712 recipiat.

387 2741 415 2802 2.
440 2744 482 2804 Ut
497 2742 615 2804 iudices
630 2742 887 2804 communitatum
915 2762 987 2802 cum
1009 2741 1118 2805 iuratis
1140 2743 1180 2804 ad
1204 2760 1394 2822 congressus
1417 2739 1558 2819 publicos

279 2850 489 2912 universitatis
524 2851 615 2912 huius
650 2870 706 2929 pro
744 2851 843 2912 veteri
878 2851 1103 2912 consvetudine
1139 2851 1305 2930 diligenter
1343 2855 1558 2926 compareant,

277 2978 369 3018 secus
404 2959 526 3018 solitam
562 2977 696 3037 poenam
730 2959 941 3037 pecuniariam
973 2959 1005 3018 in
1036 2959 1110 3020 utile
1134 2977 1245 3018 cassae
1269 2956 1460 3018 domesticae
1488 2975 1556 3016 ces·

280 3079 385 3125 suram
410 3065 548 3140 soluturi,
571 3065 688 3145 pariter
712 3075 743 3126 et
766 3066 883 3126 domini
907 3067 1046 3126 notarius
1071 3074 1102 3126 et
1125 3065 1241 3126 fiscalis
1271 3065 1334 3125 fine
1367 3081 1496 3124 normae
1527 3063 1558 3122 in

278 3172 452 3251 procedure
484 3180 548 3232 tam
579 3171 723 3246 iudiciali,
747 3191 841 3251 quam
873 3173 1098 3234 extraiudiciali
1120 3172 1153 3233 in
1176 3173 1299 3250 Campo
1326 3172 1423 3232 hocce
1446 3171 1556 3230 obser-

278 3282 344 3341 vari
367 3281 457 3340 solito
471 3280 592 3340 facilius
615 3281 853 3356 conducendae,
874 3281 1172 3361 congregationibus
1202 3281 1382 3360 frequenter
1404 3278 1556 3340 intersint.

384 3386 413 3448 3.
437 3389 478 3450 Ut
510 3396 581 3449 acta
612 3389 736 3466 publica
768 3409 867 3468 usque
899 3389 1035 3450 futuram
1059 3389 1319 3450 restaurationem
1343 3388 1375 3448 in
1398 3405 1471 3448 arce
1495 3388 1555 3447 Lu·

277 3497 396 3557 kavecz
420 3515 513 3576 porro
541 3515 665 3576 quoque
695 3505 910 3576 permaneant,
934 3505 966 3556 et
989 3497 1143 3576 siquidem
1167 3516 1238 3556 curn
1251 3495 1479 3576 regestratione
1503 3514 1555 3555 eo·

277 3623 344 3664 rum
369 3606 513 3667 dominus
529 3605 668 3666 notarius
685 3625 784 3685 usque
800 3605 884 3665 idem
900 3613 1024 3684 tempus
1047 3605 1148 3665 nullas
1171 3603 1444 3665 incommoditates
1467 3603 1553 3662 habi·

276 3723 364 3774 turus
387 3714 435 3786 sit,
459 3710 605 3776 salarium
633 3733 756 3792 quoque
780 3713 868 3774 titulo
893 3714 1130 3792 regestrationis
1160 3731 1356 3774 emmensurn
1383 3713 1553 3788 illucusque

276 3841 339 3882 non
362 3823 474 3883 trahat
1544 3872 1548 3879 .

383 3926 412 3988 4.
436 3927 596 4006 Siquidem
620 3929 836 4007 antiquissima
850 3928 938 3987 hicce
956 3928 1078 4008 vigeret
1102 3928 1304 4001 consuetudo,
1328 3935 1362 3985 ut
1386 3927 1491 3986 claves
1516 3924 1555 3984 ab

277 4035 405 4094 archivo
418 4034 620 4121 ‘Goriczensi
651 4055 714 4096 una
745 4045 776 4094 et
809 4036 906 4095 altera
936 4054 1034 4113 penes
1066 4035 1225 4094 dominum
1253 4033 1417 4107 notarium,
1441 4034 1480 4092 ab
1506 4050 1554 4091 ar·

278 4143 368 4203 chivo
392 4163 468 4202 vero
492 4143 726 4205 Lukaveczensi
751 4161 769 4202 a
794 4150 884 4221 porta
907 4141 1060 4202 exteriore
1081 4161 1179 4220 penes
1202 4141 1362 4200 dominum
1390 4140 1555 4213 notarium,

278 4250 318 4310 ab
342 4250 470 4310 archivo
490 4270 566 4310 vero
589 4249 727 4310 interiori
749 4269 813 4308 una
828 4268 925 4328 penes
949 4249 1108 4308 dominum
1132 4248 1277 4309 comitem
1300 4254 1488 4321 terrestrem,
1513 4248 1555 4307 al·

278 4367 345 4418 tera
362 4377 459 4436 penes
484 4358 618 4418 maxime
643 4376 750 4418 senem
775 4375 978 4430 assessorem,
1002 4367 1035 4417 et
1056 4356 1149 4416 tertia
1173 4375 1270 4434 penes
1290 4354 1451 4416 dominmn
1466 4363 1555 4414 nota·

276 4464 356 4524 rium
387 4473 620 4541 conserventur,
652 4485 690 4524 ex
723 4483 761 4525 eo
793 4464 973 4524 conclusum
1007 4471 1063 4538 est,
1094 4471 1128 4522 ut
1161 4465 1267 4523 claves
1297 4463 1366 4523 hae·
1382 4463 1423 4522 ad
1446 4481 1554 4522 manu·

277 4572 444 4632 tenendam
476 4571 640 4650 pristinam
671 4570 928 4631 consvetudinem
967 4569 1207 4648 praerecensitis
1245 4569 1379 4630 dominis
1417 4568 1555 4629 officiali·

274 4678 342 4752 bus,
367 4677 547 4759 etquidem
571 4678 611 4739 ab
636 4678 762 4740 archivo
786 4677 1022 4738 Lulraveezensi
1039 4677 1196 4754 interiore,
1219 4695 1283 4736 una
1309 4675 1435 4737 domino
1451 4675 1555 4736 comiti

273 4786 412 4846 terrestri
442 4787 575 4864 losepho
608 4785 793 4859 Gerdenich,
824 4785 922 4844 altera
955 4784 1081 4845 domino
1120 4785 1253 4862 losepho
1279 4784 1404 4845 Adamo
1436 4783 1555 4856 Koosz,

277 4895 361 4952 velut
384 4893 518 4953 maxime
543 4892 612 4953 seni
641 4891 802 4968 assessori,
826 4892 980 4966 et-tertia,
1011 4911 1156 4952 necnon
1182 4893 1264 4952 duae
1288 4891 1328 4951 ab
1351 4891 1479 4950 archivo
1502 4909 1553 4950 ex·
