<?xml version="1.0" encoding="UTF-8"?>
<!DOCTYPE html PUBLIC "-//W3C//DTD XHTML 1.0 Transitional//EN"
    "http://www.w3.org/TR/xhtml1/DTD/xhtml1-transitional.dtd">
<html xmlns="http://www.w3.org/1999/xhtml" xml:lang="en" lang="en">
 <head>
  <title>
</title>
<meta http-equiv="Content-Type" content="text/html;charset=utf-8" />
  <meta name='ocr-system' content='tesseract 3.04.00' />
  <meta name='ocr-capabilities' content='ocr_page ocr_carea ocr_par ocr_line ocrx_word'/>
</head>
<body>
  <div class='ocr_page' id='page_1' title='image "./povjesnispomeni00laszgoog_0043.png"; bbox 0 0 3934 5550; ppageno 0'>
   <div class='ocr_carea' id='block_1_1' title="bbox 429 370 467 436">
    <p class='ocr_par' dir='ltr' id='par_1_1' title="bbox 429 370 467 436">
     <span class='ocr_line' id='line_1_1' title="bbox 429 370 467 436; baseline 0 0"><span class='ocrx_word' id='word_1_1' title='bbox 429 370 467 436; x_wconf 91' lang='lat' dir='ltr'><strong>lO</strong></span> 
     </span>
    </p>
   </div>
   <div class='ocr_carea' id='block_1_2' title="bbox 424 587 1708 888">
    <p class='ocr_par' dir='ltr' id='par_1_2' title="bbox 424 587 1708 888">
     <span class='ocr_line' id='line_1_2' title="bbox 424 587 1703 672; baseline 0.002 -23"><span class='ocrx_word' id='word_1_2' title='bbox 424 591 500 651; x_wconf 88' lang='lat' dir='ltr'><strong>timo</strong></span> <span class='ocrx_word' id='word_1_3' title='bbox 531 593 581 652; x_wconf 89' lang='lat' dir='ltr'><strong>die</strong></span> <span class='ocrx_word' id='word_1_4' title='bbox 612 591 729 652; x_wconf 83' lang='lat' dir='ltr'>mensis</span> <span class='ocrx_word' id='word_1_5' title='bbox 760 590 844 672; x_wconf 86' lang='lat' dir='ltr'><strong>iunii,</strong></span> <span class='ocrx_word' id='word_1_6' title='bbox 876 611 958 651; x_wconf 88' lang='lat' dir='ltr'><strong>auno</strong></span> <span class='ocrx_word' id='word_1_7' title='bbox 990 589 1106 651; x_wconf 90' lang='lat' dir='ltr'><strong>domini</strong></span> <span class='ocrx_word' id='word_1_8' title='bbox 1130 588 1296 651; x_wconf 85' lang='lat' dir='ltr'><strong>millesimo</strong></span> <span class='ocrx_word' id='word_1_9' title='bbox 1328 587 1580 672; x_wconf 84' lang='lat' dir='ltr'><strong>quingentesimo</strong></span> <span class='ocrx_word' id='word_1_10' title='bbox 1614 593 1703 652; x_wconf 75' lang='lat' dir='ltr'><strong>sexa·</strong></span> 
     </span>
     <span class='ocr_line' id='line_1_3' title="bbox 428 700 1708 780; baseline 0.001 -21"><span class='ocrx_word' id='word_1_11' title='bbox 428 700 550 779; x_wconf 86' lang='lat' dir='ltr'>gesimo</span> <span class='ocrx_word' id='word_1_12' title='bbox 574 700 682 778; x_wconf 91' lang='lat' dir='ltr'><strong>primo,</strong></span> <span class='ocrx_word' id='word_1_13' title='bbox 708 719 876 780; x_wconf 81' lang='lat' dir='ltr'><strong>regnorum</strong></span> <span class='ocrx_word' id='word_1_14' title='bbox 901 709 1078 760; x_wconf 89' lang='lat' dir='ltr'><strong>nostrorum</strong></span> <span class='ocrx_word' id='word_1_15' title='bbox 1105 701 1236 760; x_wconf 88' lang='lat' dir='ltr'><strong>Romani</strong></span> <span class='ocrx_word' id='word_1_16' title='bbox 1259 701 1417 761; x_wconf 91' lang='lat' dir='ltr'><strong>tricesimo</strong></span> <span class='ocrx_word' id='word_1_17' title='bbox 1441 701 1550 780; x_wconf 91' lang='lat' dir='ltr'><strong>primo,</strong></span> <span class='ocrx_word' id='word_1_18' title='bbox 1575 700 1708 761; x_wconf 90' lang='lat' dir='ltr'><strong>aliorum</strong></span> 
     </span>
     <span class='ocr_line' id='line_1_4' title="bbox 425 808 1660 888; baseline 0.003 -22"><span class='ocrx_word' id='word_1_19' title='bbox 425 808 583 868; x_wconf 87' lang='lat' dir='ltr'><strong>tricesimo</strong></span> <span class='ocrx_word' id='word_1_20' title='bbox 607 809 723 888; x_wconf 88' lang='lat' dir='ltr'><strong>quinto,</strong></span> <span class='ocrx_word' id='word_1_21' title='bbox 757 808 917 868; x_wconf 85' lang='lat' dir='ltr'><strong>electionis</strong></span> <span class='ocrx_word' id='word_1_22' title='bbox 941 827 1016 868; x_wconf 89' lang='lat' dir='ltr'><strong>vero</strong></span> <span class='ocrx_word' id='word_1_23' title='bbox 1041 818 1167 867; x_wconf 88' lang='lat' dir='ltr'><strong>nostrae</strong></span> <span class='ocrx_word' id='word_1_24' title='bbox 1191 808 1411 886; x_wconf 81' lang='lat' dir='ltr'>imperatoriae</span> <span class='ocrx_word' id='word_1_25' title='bbox 1435 827 1517 869; x_wconf 90' lang='lat' dir='ltr'><strong>anno</strong></span> <span class='ocrx_word' id='word_1_26' title='bbox 1541 818 1660 887; x_wconf 85' lang='lat' dir='ltr'><strong>quarto.</strong></span> 
     </span>
    </p>
   </div>
   <div class='ocr_carea' id='block_1_3' title="bbox 534 955 1546 1105">
    <p class='ocr_par' dir='ltr' id='par_1_3' title="bbox 534 955 1546 1105">
     <span class='ocr_line' id='line_1_5' title="bbox 534 955 1546 1105; baseline 0.088 -95"><span class='ocrx_word' id='word_1_27' title='bbox 534 955 749 1014; x_wconf 83' lang='lat' dir='ltr'><strong>Ferdmandus</strong></span> <span class='ocrx_word' id='word_1_28' title='bbox 778 974 818 1015; x_wconf 81' lang='lat' dir='ltr'><strong>m·</strong></span> <span class='ocrx_word' id='word_1_29' title='bbox 842 974 870 1032; x_wconf 84' lang='lat' dir='ltr'><strong>P·</strong></span> <span class='ocrx_word' id='word_1_30' title='bbox 1253 1045 1401 1104; x_wconf 65' lang='lat' dir='ltr'>Nicolaus</span> <span class='ocrx_word' id='word_1_31' title='bbox 1425 1043 1546 1105; x_wconf 65' lang='lat' dir='ltr'><strong>olahus</strong></span> 
     </span>
    </p>
   </div>
   <div class='ocr_carea' id='block_1_4' title="bbox 1152 1150 1662 1463">
    <p class='ocr_par' dir='ltr' id='par_1_4' title="bbox 1152 1150 1662 1463">
     <span class='ocr_line' id='line_1_6' title="bbox 1229 1150 1569 1230; baseline 0 -20"><span class='ocrx_word' id='word_1_32' title='bbox 1229 1150 1452 1230; x_wconf 87' lang='lat' dir='ltr'><strong>Strigoniensis</strong></span> <span class='ocrx_word' id='word_1_33' title='bbox 1476 1172 1516 1212; x_wconf 92' lang='lat' dir='ltr'><strong>m.</strong></span> <span class='ocrx_word' id='word_1_34' title='bbox 1541 1172 1569 1228; x_wconf 90' lang='lat' dir='ltr'><strong>p.</strong></span> 
     </span>
     <span class='ocr_line' id='line_1_7' title="bbox 1226 1278 1588 1358; baseline -0.003 -21"><span class='ocrx_word' id='word_1_35' title='bbox 1226 1278 1410 1338; x_wconf 86' lang='lat' dir='ltr'><strong>Franciscus</strong></span> <span class='ocrx_word' id='word_1_36' title='bbox 1434 1279 1588 1358; x_wconf 82' lang='lat' dir='ltr'><strong>Forgacb,</strong></span> 
     </span>
     <span class='ocr_line' id='line_1_8' title="bbox 1152 1385 1662 1463; baseline 0.004 -19"><span class='ocrx_word' id='word_1_37' title='bbox 1152 1385 1317 1463; x_wconf 90' lang='lat' dir='ltr'><strong>episcopus</strong></span> <span class='ocrx_word' id='word_1_38' title='bbox 1341 1386 1544 1445; x_wconf 88' lang='lat' dir='ltr'><strong>Varadiensis</strong></span> <span class='ocrx_word' id='word_1_39' title='bbox 1568 1405 1608 1446; x_wconf 93' lang='lat' dir='ltr'><strong>m.</strong></span> <span class='ocrx_word' id='word_1_40' title='bbox 1633 1406 1662 1463; x_wconf 89' lang='lat' dir='ltr'><strong>p.</strong></span> 
     </span>
    </p>
   </div>
   <div class='ocr_carea' id='block_1_5' title="bbox 422 1526 1706 1690">
    <p class='ocr_par' dir='ltr' id='par_1_5' title="bbox 422 1526 1706 1690">
     <span class='ocr_line' id='line_1_9' title="bbox 491 1526 1706 1600; baseline -0.004 -16"><span class='ocrx_word' id='word_1_41' title='bbox 491 1565 492 1568; x_wconf 56' lang='lat'><em>=</em></span> <span class='ocrx_word' id='word_1_42' title='bbox 529 1528 673 1600; x_wconf 84' lang='lat' dir='ltr'><strong>Originale</strong></span> <span class='ocrx_word' id='word_1_43' title='bbox 703 1530 925 1596; x_wconf 76' lang='lat' dir='ltr'><strong>membraneum,</strong></span> <span class='ocrx_word' id='word_1_44' title='bbox 951 1545 967 1582; x_wconf 85' lang='lat' dir='ltr'><strong>a</strong></span> <span class='ocrx_word' id='word_1_45' title='bbox 993 1543 1064 1581; x_wconf 87' lang='lat' dir='ltr'><strong>zona</strong></span> <span class='ocrx_word' id='word_1_46' title='bbox 1089 1527 1199 1580; x_wconf 87' lang='lat' dir='ltr'><strong>sericea</strong></span> <span class='ocrx_word' id='word_1_47' title='bbox 1223 1527 1308 1593; x_wconf 76' lang='lat' dir='ltr'><strong>nibri,</strong></span> <span class='ocrx_word' id='word_1_48' title='bbox 1334 1528 1432 1580; x_wconf 89' lang='lat' dir='ltr'><strong>viridis</strong></span> <span class='ocrx_word' id='word_1_49' title='bbox 1457 1534 1486 1582; x_wconf 85' lang='lat' dir='ltr'><strong>et</strong></span> <span class='ocrx_word' id='word_1_50' title='bbox 1511 1527 1574 1581; x_wconf 85' lang='lat' dir='ltr'><strong>flavi</strong></span> <span class='ocrx_word' id='word_1_51' title='bbox 1601 1526 1706 1580; x_wconf 84' lang='lat' dir='ltr'><strong>coloris</strong></span> 
     </span>
     <span class='ocr_line' id='line_1_10' title="bbox 422 1615 1370 1690; baseline -0.004 -18"><span class='ocrx_word' id='word_1_52' title='bbox 422 1621 529 1688; x_wconf 81' lang='lat' dir='ltr'><strong>pendet</strong></span> <span class='ocrx_word' id='word_1_53' title='bbox 549 1619 679 1690; x_wconf 85' lang='lat' dir='ltr'><strong>sigillum.</strong></span> <span class='ocrx_word' id='word_1_54' title='bbox 699 1621 730 1672; x_wconf 91' lang='lat' dir='ltr'><strong>ln</strong></span> <span class='ocrx_word' id='word_1_55' title='bbox 749 1619 863 1675; x_wconf 86' lang='lat' dir='ltr'><strong>archivo</strong></span> <span class='ocrx_word' id='word_1_56' title='bbox 883 1635 1025 1672; x_wconf 90' lang='lat' dir='ltr'><strong>commun.</strong></span> <span class='ocrx_word' id='word_1_57' title='bbox 1046 1617 1131 1670; x_wconf 90' lang='lat' dir='ltr'><strong>nobil.</strong></span> <span class='ocrx_word' id='word_1_58' title='bbox 1151 1618 1188 1669; x_wconf 88' lang='lat' dir='ltr'><strong>de</strong></span> <span class='ocrx_word' id='word_1_59' title='bbox 1207 1615 1370 1685; x_wconf 82' lang='lat' dir='ltr'><strong>TuropolJ&#39;e.</strong></span> 
     </span>
    </p>
   </div>
   <div class='ocr_carea' id='block_1_6' title="bbox 426 1760 1764 1923">
    <p class='ocr_par' dir='ltr' id='par_1_6' title="bbox 426 1760 1764 1923">
     <span class='ocr_line' id='line_1_11' title="bbox 534 1760 1764 1837; baseline 0 -23"><span class='ocrx_word' id='word_1_60' title='bbox 534 1763 869 1817; x_wconf 78' lang='lat' dir='ltr'><strong>¹Vided0c.298.v01.</strong></span> <span class='ocrx_word' id='word_1_61' title='bbox 895 1763 926 1816; x_wconf 88' lang='lat'><strong>11.</strong></span> <span class='ocrx_word' id='word_1_62' title='bbox 953 1779 977 1817; x_wconf 86' lang='lat' dir='ltr'><strong>a.</strong></span> <span class='ocrx_word' id='word_1_63' title='bbox 1005 1763 1076 1816; x_wconf 75' lang='lat'>1524</span> <span class='ocrx_word' id='word_1_64' title='bbox 1093 1763 1118 1815; x_wconf 77' lang='lat'><strong>4.</strong></span> <span class='ocrx_word' id='word_1_65' title='bbox 1139 1762 1200 1814; x_wconf 86' lang='lat' dir='ltr'><strong>dec.</strong></span> <span class='ocrx_word' id='word_1_66' title='bbox 1248 1760 1349 1814; x_wconf 85' lang='lat' dir='ltr'><strong>²Vidc</strong></span> <span class='ocrx_word' id='word_1_67' title='bbox 1368 1763 1431 1816; x_wconf 90' lang='lat' dir='ltr'><strong>doc.</strong></span> <span class='ocrx_word' id='word_1_68' title='bbox 1451 1762 1511 1816; x_wconf 80' lang='lat'>258.</span> <span class='ocrx_word' id='word_1_69' title='bbox 1541 1761 1596 1816; x_wconf 87' lang='lat' dir='ltr'><strong>vol.</strong></span> <span class='ocrx_word' id='word_1_70' title='bbox 1620 1763 1651 1815; x_wconf 91' lang='lat' dir='ltr'><strong>ll.</strong></span> <span class='ocrx_word' id='word_1_71' title='bbox 1681 1779 1704 1814; x_wconf 83' lang='lat' dir='ltr'><strong>a.</strong></span> <span class='ocrx_word' id='word_1_72' title='bbox 1760 1831 1764 1837; x_wconf 29' lang='grc' dir='ltr'>Ι</span> 
     </span>
     <span class='ocr_line' id='line_1_12' title="bbox 426 1850 1483 1923; baseline 0 -18"><span class='ocrx_word' id='word_1_73' title='bbox 426 1853 501 1906; x_wconf 78' lang='grc'><strong>1519.</strong></span> <span class='ocrx_word' id='word_1_74' title='bbox 523 1854 547 1908; x_wconf 92' lang='grc'><strong>1.</strong></span> <span class='ocrx_word' id='word_1_75' title='bbox 566 1869 629 1923; x_wconf 83' lang='lat' dir='ltr'><strong>aug.</strong></span> <span class='ocrx_word' id='word_1_76' title='bbox 668 1853 770 1906; x_wconf 72' lang='lat' dir='ltr'><strong>’Vide</strong></span> <span class='ocrx_word' id='word_1_77' title='bbox 790 1855 854 1908; x_wconf 92' lang='lat' dir='ltr'><strong>doc.</strong></span> <span class='ocrx_word' id='word_1_78' title='bbox 872 1853 933 1908; x_wconf 79' lang='lat'><strong>256.</strong></span> <span class='ocrx_word' id='word_1_79' title='bbox 953 1854 1007 1908; x_wconf 90' lang='lat' dir='ltr'><strong>vol.</strong></span> <span class='ocrx_word' id='word_1_80' title='bbox 1034 1854 1065 1906; x_wconf 91' lang='lat'><strong>11.</strong></span> <span class='ocrx_word' id='word_1_81' title='bbox 1085 1869 1109 1906; x_wconf 87' lang='lat' dir='ltr'><strong>a.</strong></span> <span class='ocrx_word' id='word_1_82' title='bbox 1130 1851 1207 1906; x_wconf 77' lang='lat'>1519.</span> <span class='ocrx_word' id='word_1_83' title='bbox 1229 1850 1270 1904; x_wconf 79' lang='lat'><strong>18.</strong></span> <span class='ocrx_word' id='word_1_84' title='bbox 1291 1853 1367 1905; x_wconf 89' lang='lat' dir='ltr'><strong>iunii.</strong></span> <span class='ocrx_word' id='word_1_85' title='bbox 1406 1853 1483 1906; x_wconf 76' lang='lat' dir='ltr'><strong>‘sic</strong></span> 
     </span>
    </p>
   </div>
   <div class='ocr_carea' id='block_1_7' title="bbox 531 2159 1091 2420">
    <p class='ocr_par' dir='ltr' id='par_1_7' title="bbox 531 2159 1091 2420">
     <span class='ocr_line' id='line_1_13' title="bbox 1039 2159 1082 2226; baseline 0 0"><span class='ocrx_word' id='word_1_86' title='bbox 1039 2159 1082 2226; x_wconf 88' lang='lat'><strong>4.</strong></span> 
     </span>
     <span class='ocr_line' id='line_1_14' title="bbox 531 2355 1091 2420; baseline 0 -3"><span class='ocrx_word' id='word_1_87' title='bbox 531 2358 622 2417; x_wconf 85' lang='lat' dir='ltr'><strong>Anno</strong></span> <span class='ocrx_word' id='word_1_88' title='bbox 650 2355 742 2419; x_wconf 87' lang='grc'>1561.</span> <span class='ocrx_word' id='word_1_89' title='bbox 768 2356 819 2419; x_wconf 89' lang='grc'><strong>30.</strong></span> <span class='ocrx_word' id='word_1_90' title='bbox 844 2359 914 2419; x_wconf 85' lang='grc' dir='ltr'>ἰιιΙίἰ.</span> <span class='ocrx_word' id='word_1_91' title='bbox 939 2359 1091 2420; x_wconf 80' lang='lat' dir='ltr'><strong>Viennae.</strong></span> 
     </span>
    </p>
   </div>
   <div class='ocr_carea' id='block_1_8' title="bbox 424 2539 1705 3491">
    <p class='ocr_par' dir='ltr' id='par_1_8' title="bbox 424 2539 1705 3491">
     <span class='ocr_line' id='line_1_15' title="bbox 533 2539 1704 2634; baseline -0.002 -22"><span class='ocrx_word' id='word_1_92' title='bbox 533 2553 748 2614; x_wconf 89' lang='lat' dir='ltr'><strong>Ferdinandus</strong></span> <span class='ocrx_word' id='word_1_93' title='bbox 781 2555 800 2614; x_wconf 91' lang='lat' dir='ltr'><strong>l.</strong></span> <span class='ocrx_word' id='word_1_94' title='bbox 833 2539 1017 2634; x_wconf 83' lang='lat' dir='ltr'><strong>Hungariae</strong></span> <span class='ocrx_word' id='word_1_95' title='bbox 1050 2562 1098 2612; x_wconf 86' lang='lat' dir='ltr'><strong>etc</strong></span> <span class='ocrx_word' id='word_1_96' title='bbox 1138 2571 1201 2625; x_wconf 84' lang='lat' dir='ltr'><strong>rex,</strong></span> <span class='ocrx_word' id='word_1_97' title='bbox 1232 2552 1352 2612; x_wconf 87' lang='lat' dir='ltr'><strong>nobiles</strong></span> <span class='ocrx_word' id='word_1_98' title='bbox 1378 2553 1571 2631; x_wconf 89' lang='lat' dir='ltr'><strong>Stephanum</strong></span> <span class='ocrx_word' id='word_1_99' title='bbox 1603 2552 1704 2611; x_wconf 88' lang='lat' dir='ltr'><strong>Lado-</strong></span> 
     </span>
     <span class='ocr_line' id='line_1_16' title="bbox 424 2655 1702 2737; baseline -0.001 -19"><span class='ocrx_word' id='word_1_100' title='bbox 424 2661 554 2720; x_wconf 89' lang='lat' dir='ltr'><strong>men&#39;um</strong></span> <span class='ocrx_word' id='word_1_101' title='bbox 570 2661 608 2720; x_wconf 89' lang='lat' dir='ltr'><strong>de</strong></span> <span class='ocrx_word' id='word_1_102' title='bbox 626 2661 828 2737; x_wconf 89' lang='lat' dir='ltr'><strong>Brysynduor</strong></span> <span class='ocrx_word' id='word_1_103' title='bbox 844 2661 940 2720; x_wconf 87' lang='lat' dir='ltr'><strong>filium</strong></span> <span class='ocrx_word' id='word_1_104' title='bbox 965 2655 1116 2735; x_wconf 80' lang='lat' dir='ltr'><strong>Thomae‚</strong></span> <span class='ocrx_word' id='word_1_105' title='bbox 1141 2678 1179 2719; x_wconf 92' lang='lat' dir='ltr'><strong>ac</strong></span> <span class='ocrx_word' id='word_1_106' title='bbox 1202 2679 1258 2737; x_wconf 91' lang='lat' dir='ltr'><strong>per</strong></span> <span class='ocrx_word' id='word_1_107' title='bbox 1282 2679 1352 2718; x_wconf 87' lang='lat' dir='ltr'><strong>eum</strong></span> <span class='ocrx_word' id='word_1_108' title='bbox 1376 2661 1526 2719; x_wconf 88' lang='lat' dir='ltr'><strong>honestas</strong></span> <span class='ocrx_word' id='word_1_109' title='bbox 1541 2667 1702 2718; x_wconf 87' lang='lat' dir='ltr'><strong>matronas</strong></span> 
     </span>
     <span class='ocr_line' id='line_1_17' title="bbox 425 2766 1699 2848; baseline -0.002 -20"><span class='ocrx_word' id='word_1_110' title='bbox 425 2768 629 2829; x_wconf 89' lang='lat' dir='ltr'><strong>Catherinam</strong></span> <span class='ocrx_word' id='word_1_111' title='bbox 654 2779 684 2828; x_wconf 90' lang='lat' dir='ltr'><strong>et</strong></span> <span class='ocrx_word' id='word_1_112' title='bbox 707 2768 933 2848; x_wconf 85' lang='lat' dir='ltr'><strong>Magdalenam</strong></span> <span class='ocrx_word' id='word_1_113' title='bbox 949 2768 1117 2845; x_wconf 83' lang='lat' dir='ltr'><strong>Lokarych</strong></span> <span class='ocrx_word' id='word_1_114' title='bbox 1140 2776 1325 2828; x_wconf 82' lang='lat' dir='ltr'><strong>materteras</strong></span> <span class='ocrx_word' id='word_1_115' title='bbox 1352 2766 1428 2843; x_wconf 87' lang='lat' dir='ltr'><strong>eius,</strong></span> <span class='ocrx_word' id='word_1_116' title='bbox 1445 2787 1482 2827; x_wconf 91' lang='lat' dir='ltr'><strong>ac</strong></span> <span class='ocrx_word' id='word_1_117' title='bbox 1499 2766 1699 2827; x_wconf 85' lang='lat' dir='ltr'><strong>Laurentium</strong></span> 
     </span>
     <span class='ocr_line' id='line_1_18' title="bbox 424 2875 1698 2956; baseline -0.002 -20"><span class='ocrx_word' id='word_1_118' title='bbox 424 2878 618 2953; x_wconf 89' lang='lat' dir='ltr'><strong>Kerwarych</strong></span> <span class='ocrx_word' id='word_1_119' title='bbox 651 2877 928 2956; x_wconf 80' lang='lat' dir='ltr'><strong>consanguineum,</strong></span> <span class='ocrx_word' id='word_1_120' title='bbox 953 2895 1082 2935; x_wconf 86' lang='lat' dir='ltr'><strong>necnon</strong></span> <span class='ocrx_word' id='word_1_121' title='bbox 1117 2875 1255 2935; x_wconf 88' lang='lat' dir='ltr'><strong>Blasium</strong></span> <span class='ocrx_word' id='word_1_122' title='bbox 1279 2884 1310 2935; x_wconf 90' lang='lat' dir='ltr'><strong>et</strong></span> <span class='ocrx_word' id='word_1_123' title='bbox 1333 2876 1480 2935; x_wconf 87' lang='lat' dir='ltr'><strong>loannem</strong></span> <span class='ocrx_word' id='word_1_124' title='bbox 1506 2876 1698 2952; x_wconf 89' lang='lat' dir='ltr'><strong>Kerwarych</strong></span> 
     </span>
     <span class='ocr_line' id='line_1_19' title="bbox 425 2982 1700 3062; baseline -0.003 -18"><span class='ocrx_word' id='word_1_125' title='bbox 425 2986 464 3044; x_wconf 70' lang='lat' dir='ltr'><strong>cle</strong></span> <span class='ocrx_word' id='word_1_126' title='bbox 488 2986 624 3061; x_wconf 88' lang='lat' dir='ltr'><strong>Roycbe‚</strong></span> <span class='ocrx_word' id='word_1_127' title='bbox 655 2985 735 3043; x_wconf 88' lang='lat' dir='ltr'><strong>filios</strong></span> <span class='ocrx_word' id='word_1_128' title='bbox 766 2985 906 3044; x_wconf 88' lang='lat' dir='ltr'><strong>eiusdem</strong></span> <span class='ocrx_word' id='word_1_129' title='bbox 938 2984 1097 3043; x_wconf 89' lang='lat' dir='ltr'><strong>Laurentii</strong></span> <span class='ocrx_word' id='word_1_130' title='bbox 1131 3002 1169 3043; x_wconf 86' lang='lat' dir='ltr'><strong>ex</strong></span> <span class='ocrx_word' id='word_1_131' title='bbox 1199 2984 1281 3043; x_wconf 85' lang='lat' dir='ltr'><strong>dicta</strong></span> <span class='ocrx_word' id='word_1_132' title='bbox 1314 2983 1486 3043; x_wconf 87' lang='lat' dir='ltr'><strong>Catberina</strong></span> <span class='ocrx_word' id='word_1_133' title='bbox 1509 2982 1700 3062; x_wconf 61' lang='lat' dir='ltr'><strong>progenitosj</strong></span> 
     </span>
     <span class='ocr_line' id='line_1_20' title="bbox 425 3090 1699 3171; baseline -0.002 -21"><span class='ocrx_word' id='word_1_134' title='bbox 425 3092 627 3151; x_wconf 88' lang='lat' dir='ltr'><strong>consobrinos</strong></span> <span class='ocrx_word' id='word_1_135' title='bbox 658 3092 734 3167; x_wconf 91' lang='lat' dir='ltr'><strong>eius,</strong></span> <span class='ocrx_word' id='word_1_136' title='bbox 759 3092 898 3170; x_wconf 85' lang='lat' dir='ltr'><strong>aliosque</strong></span> <span class='ocrx_word' id='word_1_137' title='bbox 914 3090 1027 3151; x_wconf 88' lang='lat' dir='ltr'><strong>fratres</strong></span> <span class='ocrx_word' id='word_1_138' title='bbox 1051 3101 1082 3151; x_wconf 92' lang='lat' dir='ltr'><strong>et</strong></span> <span class='ocrx_word' id='word_1_139' title='bbox 1106 3091 1217 3151; x_wconf 88' lang='lat' dir='ltr'><strong>alfines</strong></span> <span class='ocrx_word' id='word_1_140' title='bbox 1242 3110 1279 3150; x_wconf 92' lang='lat' dir='ltr'><strong>ac</strong></span> <span class='ocrx_word' id='word_1_141' title='bbox 1303 3091 1565 3171; x_wconf 84' lang='lat' dir='ltr'><strong>consangvineos,</strong></span> <span class='ocrx_word' id='word_1_142' title='bbox 1590 3091 1699 3149; x_wconf 90' lang='lat' dir='ltr'><strong>haere·</strong></span> 
     </span>
     <span class='ocr_line' id='line_1_21' title="bbox 425 3198 1705 3278; baseline -0.004 -18"><span class='ocrx_word' id='word_1_143' title='bbox 425 3202 543 3278; x_wconf 88' lang='lat' dir='ltr'><strong>desque</strong></span> <span class='ocrx_word' id='word_1_144' title='bbox 569 3210 599 3259; x_wconf 90' lang='lat' dir='ltr'><strong>et</strong></span> <span class='ocrx_word' id='word_1_145' title='bbox 630 3200 827 3277; x_wconf 89' lang='lat' dir='ltr'><strong>posteritates</strong></span> <span class='ocrx_word' id='word_1_146' title='bbox 859 3198 955 3276; x_wconf 90' lang='lat' dir='ltr'><strong>ipsius</strong></span> <span class='ocrx_word' id='word_1_147' title='bbox 987 3208 1017 3258; x_wconf 89' lang='lat' dir='ltr'><strong>et</strong></span> <span class='ocrx_word' id='word_1_148' title='bbox 1049 3200 1228 3273; x_wconf 89' lang='lat' dir='ltr'><strong>eorundem,</strong></span> <span class='ocrx_word' id='word_1_149' title='bbox 1259 3198 1289 3256; x_wconf 91' lang='lat' dir='ltr'><strong>in</strong></span> <span class='ocrx_word' id='word_1_150' title='bbox 1323 3206 1446 3257; x_wconf 88' lang='lat' dir='ltr'><strong>coetum</strong></span> <span class='ocrx_word' id='word_1_151' title='bbox 1479 3205 1510 3257; x_wconf 92' lang='lat' dir='ltr'><strong>et</strong></span> <span class='ocrx_word' id='word_1_152' title='bbox 1542 3216 1705 3256; x_wconf 89' lang='lat' dir='ltr'><strong>numerum</strong></span> 
     </span>
     <span class='ocr_line' id='line_1_22' title="bbox 426 3304 1704 3386; baseline -0.003 -20"><span class='ocrx_word' id='word_1_153' title='bbox 426 3326 569 3366; x_wconf 88' lang='lat' dir='ltr'><strong>verorum</strong></span> <span class='ocrx_word' id='word_1_154' title='bbox 601 3325 770 3386; x_wconf 81' lang='lat' dir='ltr'><strong>regnorum</strong></span> <span class='ocrx_word' id='word_1_155' title='bbox 805 3307 988 3386; x_wconf 83' lang='lat' dir='ltr'><strong>Hungariac</strong></span> <span class='ocrx_word' id='word_1_156' title='bbox 1013 3316 1043 3365; x_wconf 89' lang='lat' dir='ltr'><strong>et</strong></span> <span class='ocrx_word' id='word_1_157' title='bbox 1067 3306 1262 3378; x_wconf 89' lang='lat' dir='ltr'><strong>Sclauoniae,</strong></span> <span class='ocrx_word' id='word_1_158' title='bbox 1293 3306 1490 3383; x_wconf 87' lang='lat' dir='ltr'><strong>partiumque</strong></span> <span class='ocrx_word' id='word_1_159' title='bbox 1514 3305 1559 3364; x_wconf 89' lang='lat' dir='ltr'><strong>eis</strong></span> <span class='ocrx_word' id='word_1_160' title='bbox 1584 3304 1704 3363; x_wconf 90' lang='lat' dir='ltr'><strong>subiec-</strong></span> 
     </span>
     <span class='ocr_line' id='line_1_23' title="bbox 425 3408 1703 3491; baseline -0.002 -17"><span class='ocrx_word' id='word_1_161' title='bbox 425 3425 526 3475; x_wconf 90' lang='lat' dir='ltr'><strong>tarum</strong></span> <span class='ocrx_word' id='word_1_162' title='bbox 552 3414 700 3473; x_wconf 86' lang='lat' dir='ltr'><strong>nobilium</strong></span> <span class='ocrx_word' id='word_1_163' title='bbox 724 3408 863 3489; x_wconf 86' lang='lat' dir='ltr'><strong>assumit,</strong></span> <span class='ocrx_word' id='word_1_164' title='bbox 881 3413 989 3491; x_wconf 85' lang='lat' dir='ltr'><strong>eisquc</strong></span> <span class='ocrx_word' id='word_1_165' title='bbox 1014 3432 1100 3472; x_wconf 87' lang='lat' dir='ltr'><strong>arma</strong></span> <span class='ocrx_word' id='word_1_166' title='bbox 1126 3432 1181 3473; x_wconf 88' lang='lat' dir='ltr'><strong>seu</strong></span> <span class='ocrx_word' id='word_1_167' title='bbox 1205 3412 1372 3471; x_wconf 84' lang='lat' dir='ltr'><strong>nobilitatis</strong></span> <span class='ocrx_word' id='word_1_168' title='bbox 1400 3412 1536 3491; x_wconf 85' lang='lat' dir='ltr'><strong>insignia</strong></span> <span class='ocrx_word' id='word_1_169' title='bbox 1552 3411 1703 3471; x_wconf 90' lang='lat' dir='ltr'><strong>concedit.</strong></span> 
     </span>
    </p>
   </div>
   <div class='ocr_carea' id='block_1_9' title="bbox 422 3533 1704 3785">
    <p class='ocr_par' dir='ltr' id='par_1_9' title="bbox 422 3533 1704 3785">
     <span class='ocr_line' id='line_1_24' title="bbox 529 3533 1704 3605; baseline -0.003 -15"><span class='ocrx_word' id='word_1_170' title='bbox 529 3534 674 3605; x_wconf 79' lang='lat' dir='ltr'><strong>Originale</strong></span> <span class='ocrx_word' id='word_1_171' title='bbox 688 3536 910 3603; x_wconf 77' lang='lat' dir='ltr'><strong>membraneum,</strong></span> <span class='ocrx_word' id='word_1_172' title='bbox 924 3535 1068 3603; x_wconf 85' lang='lat' dir='ltr'><strong>appendet</strong></span> <span class='ocrx_word' id='word_1_173' title='bbox 1088 3535 1209 3605; x_wconf 84' lang='lat' dir='ltr'><strong>sigillum</strong></span> <span class='ocrx_word' id='word_1_174' title='bbox 1229 3533 1356 3601; x_wconf 88' lang='lat' dir='ltr'><strong>dupplex</strong></span> <span class='ocrx_word' id='word_1_175' title='bbox 1370 3533 1520 3600; x_wconf 79' lang='lat' dir='ltr'><strong>(fractum).</strong></span> <span class='ocrx_word' id='word_1_176' title='bbox 1540 3536 1570 3587; x_wconf 90' lang='lat' dir='ltr'><strong>ln</strong></span> <span class='ocrx_word' id='word_1_177' title='bbox 1590 3534 1704 3587; x_wconf 86' lang='lat' dir='ltr'><strong>archivo</strong></span> 
     </span>
     <span class='ocr_line' id='line_1_25' title="bbox 422 3623 1703 3695; baseline -0.003 -16"><span class='ocrx_word' id='word_1_178' title='bbox 422 3642 564 3679; x_wconf 89' lang='lat' dir='ltr'><strong>commun.</strong></span> <span class='ocrx_word' id='word_1_179' title='bbox 578 3626 643 3677; x_wconf 90' lang='lat' dir='ltr'><strong>nob.</strong></span> <span class='ocrx_word' id='word_1_180' title='bbox 664 3626 700 3677; x_wconf 88' lang='lat' dir='ltr'><strong>dc</strong></span> <span class='ocrx_word' id='word_1_181' title='bbox 719 3624 880 3695; x_wconf 87' lang='lat' dir='ltr'><strong>Turopoljc.</strong></span> <span class='ocrx_word' id='word_1_182' title='bbox 898 3652 928 3664; x_wconf 88' lang='lat'><strong>-</strong></span> <span class='ocrx_word' id='word_1_183' title='bbox 944 3625 1096 3690; x_wconf 84' lang='lat' dir='ltr'><strong>Vitezovic&#39;‚</strong></span> <span class='ocrx_word' id='word_1_184' title='bbox 1111 3623 1267 3694; x_wconf 67' lang='lat' dir='ltr'><strong>mjeseinik</strong></span> <span class='ocrx_word' id='word_1_185' title='bbox 1286 3639 1319 3675; x_wconf 86' lang='lat' dir='ltr'><strong>za</strong></span> <span class='ocrx_word' id='word_1_186' title='bbox 1337 3624 1524 3693; x_wconf 74' lang='lat' dir='ltr'><strong>genealogiju</strong></span> <span class='ocrx_word' id='word_1_187' title='bbox 1544 3623 1703 3693; x_wconf 70' lang='lat' dir='ltr'><strong>biografiju</strong></span> 
     </span>
     <span class='ocr_line' id='line_1_26' title="bbox 423 3713 973 3785; baseline -0.002 -17"><span class='ocrx_word' id='word_1_188' title='bbox 423 3716 569 3769; x_wconf 84' lang='lat' dir='ltr'><strong>heraldiku</strong></span> <span class='ocrx_word' id='word_1_189' title='bbox 589 3716 596 3766; x_wconf 93' lang='lat' dir='ltr'><strong>i</strong></span> <span class='ocrx_word' id='word_1_190' title='bbox 616 3713 788 3783; x_wconf 83' lang='lat' dir='ltr'><strong>slragistiku.</strong></span> <span class='ocrx_word' id='word_1_191' title='bbox 809 3716 828 3769; x_wconf 92' lang='lat' dir='ltr'><strong>l.</strong></span> <span class='ocrx_word' id='word_1_192' title='bbox 847 3731 910 3785; x_wconf 81' lang='lat' dir='ltr'><strong>pag.</strong></span> <span class='ocrx_word' id='word_1_193' title='bbox 931 3715 973 3768; x_wconf 82' lang='lat'><strong>55.</strong></span> 
     </span>
    </p>
   </div>
   <div class='ocr_carea' id='block_1_10' title="bbox 532 4144 925 4208">
    <p class='ocr_par' dir='ltr' id='par_1_10' title="bbox 532 4144 925 4208">
     <span class='ocr_line' id='line_1_27' title="bbox 532 4144 925 4208; baseline 0.005 -3"><span class='ocrx_word' id='word_1_194' title='bbox 532 4147 623 4206; x_wconf 71' lang='lat' dir='ltr'><strong>,luno</strong></span> <span class='ocrx_word' id='word_1_195' title='bbox 652 4144 743 4208; x_wconf 79' lang='lat'>1562.</span> <span class='ocrx_word' id='word_1_196' title='bbox 769 4144 819 4207; x_wconf 84' lang='lat'><strong>29.</strong></span> <span class='ocrx_word' id='word_1_197' title='bbox 844 4148 925 4208; x_wconf 86' lang='lat' dir='ltr'><strong>maii.</strong></span> 
     </span>
    </p>
   </div>
   <div class='ocr_carea' id='block_1_11' title="bbox 422 4302 1703 4604">
    <p class='ocr_par' dir='ltr' id='par_1_11' title="bbox 422 4302 1703 4604">
     <span class='ocr_line' id='line_1_28' title="bbox 427 4302 1703 4392; baseline -0.002 -22"><span class='ocrx_word' id='word_1_198' title='bbox 427 4306 628 4391; x_wconf 80' lang='lat' dir='ltr'><strong>Capitulum</strong></span> <span class='ocrx_word' id='word_1_199' title='bbox 651 4306 882 4392; x_wconf 76' lang='lat' dir='ltr'><strong>Zagr‘abiense</strong></span> <span class='ocrx_word' id='word_1_200' title='bbox 912 4306 1138 4371; x_wconf 75' lang='lat' dir='ltr'><strong>statutionem</strong></span> <span class='ocrx_word' id='word_1_201' title='bbox 1170 4304 1340 4369; x_wconf 82' lang='lat' dir='ltr'><strong>nobilium</strong></span> <span class='ocrx_word' id='word_1_202' title='bbox 1367 4302 1640 4389; x_wconf 73' lang='lat' dir='ltr'><strong>C&#39;zwethkowych</strong></span> <span class='ocrx_word' id='word_1_203' title='bbox 1664 4304 1703 4367; x_wconf 82' lang='lat' dir='ltr'><strong>in</strong></span> 
     </span>
     <span class='ocr_line' id='line_1_29' title="bbox 422 4410 1701 4499; baseline -0.003 -20"><span class='ocrx_word' id='word_1_204' title='bbox 422 4414 670 4499; x_wconf 72' lang='lat' dir='ltr'><strong>possessionem</strong></span> <span class='ocrx_word' id='word_1_205' title='bbox 702 4412 893 4497; x_wconf 68' lang='lat' dir='ltr'><strong>Woynosca</strong></span> <span class='ocrx_word' id='word_1_206' title='bbox 916 4435 1006 4479; x_wconf 81' lang='lat' dir='ltr'><strong>nova</strong></span> <span class='ocrx_word' id='word_1_207' title='bbox 1029 4414 1215 4479; x_wconf 81' lang='lat' dir='ltr'><strong>donatione</strong></span> <span class='ocrx_word' id='word_1_208' title='bbox 1239 4412 1338 4498; x_wconf 75' lang='lat' dir='ltr'><strong>regia</strong></span> <span class='ocrx_word' id='word_1_209' title='bbox 1369 4411 1497 4475; x_wconf 76' lang='lat' dir='ltr'><strong>eisdam</strong></span> <span class='ocrx_word' id='word_1_210' title='bbox 1528 4410 1701 4476; x_wconf 84' lang='lat' dir='ltr'><strong>nobilibus</strong></span> 
     </span>
     <span class='ocr_line' id='line_1_30' title="bbox 885 4519 1244 4604; baseline -0.003 -20"><span class='ocrx_word' id='word_1_211' title='bbox 885 4521 1053 4601; x_wconf 82' lang='lat' dir='ltr'><strong>collatam,</strong></span> <span class='ocrx_word' id='word_1_212' title='bbox 1077 4519 1244 4604; x_wconf 79' lang='lat' dir='ltr'><strong>notificat.</strong></span> 
     </span>
    </p>
   </div>
   <div class='ocr_carea' id='block_1_12' title="bbox 425 4684 1699 4981">
    <p class='ocr_par' dir='ltr' id='par_1_12' title="bbox 425 4684 1699 4981">
     <span class='ocr_line' id='line_1_31' title="bbox 531 4684 1698 4765; baseline 0 -21"><span class='ocrx_word' id='word_1_213' title='bbox 531 4686 710 4764; x_wconf 86' lang='lat' dir='ltr'><strong>Capitulum</strong></span> <span class='ocrx_word' id='word_1_214' title='bbox 735 4686 886 4746; x_wconf 88' lang='lat' dir='ltr'><strong>ecclesiae</strong></span> <span class='ocrx_word' id='word_1_215' title='bbox 909 4686 1132 4765; x_wconf 82' lang='lat' dir='ltr'><strong>Zagrabiensis</strong></span> <span class='ocrx_word' id='word_1_216' title='bbox 1157 4686 1300 4744; x_wconf 90' lang='lat' dir='ltr'><strong>omnibus</strong></span> <span class='ocrx_word' id='word_1_217' title='bbox 1317 4684 1434 4744; x_wconf 90' lang='lat' dir='ltr'><strong>Christi</strong></span> <span class='ocrx_word' id='word_1_218' title='bbox 1450 4684 1593 4743; x_wconf 86' lang='lat' dir='ltr'><strong>fidelibus</strong></span> <span class='ocrx_word' id='word_1_219' title='bbox 1608 4703 1698 4762; x_wconf 88' lang='lat' dir='ltr'><strong>prae-</strong></span> 
     </span>
     <span class='ocr_line' id='line_1_32' title="bbox 427 4791 1699 4873; baseline -0.003 -20"><span class='ocrx_word' id='word_1_220' title='bbox 427 4795 566 4853; x_wconf 79' lang='lat' dir='ltr'><strong>sentibus</strong></span> <span class='ocrx_word' id='word_1_221' title='bbox 590 4794 706 4872; x_wconf 83' lang='lat' dir='ltr'><strong>pariter</strong></span> <span class='ocrx_word' id='word_1_222' title='bbox 730 4803 760 4853; x_wconf 89' lang='lat' dir='ltr'><strong>et</strong></span> <span class='ocrx_word' id='word_1_223' title='bbox 783 4795 902 4867; x_wconf 76' lang='lat' dir='ltr'><strong>futuris,</strong></span> <span class='ocrx_word' id='word_1_224' title='bbox 927 4794 1139 4873; x_wconf 88' lang='lat' dir='ltr'><strong>praesentium</strong></span> <span class='ocrx_word' id='word_1_225' title='bbox 1162 4793 1302 4852; x_wconf 89' lang='lat' dir='ltr'><strong>notitiam</strong></span> <span class='ocrx_word' id='word_1_226' title='bbox 1328 4792 1487 4865; x_wconf 85' lang='lat' dir='ltr'><strong>habituris,</strong></span> <span class='ocrx_word' id='word_1_227' title='bbox 1512 4793 1645 4851; x_wconf 88' lang='lat' dir='ltr'><strong>salutem</strong></span> <span class='ocrx_word' id='word_1_228' title='bbox 1669 4791 1699 4849; x_wconf 95' lang='lat' dir='ltr'><strong>in</strong></span> 
     </span>
     <span class='ocr_line' id='line_1_33' title="bbox 425 4897 1694 4981; baseline -0.002 -22"><span class='ocrx_word' id='word_1_229' title='bbox 425 4902 562 4961; x_wconf 90' lang='lat' dir='ltr'><strong>omnium</strong></span> <span class='ocrx_word' id='word_1_230' title='bbox 586 4902 694 4961; x_wconf 83' lang='lat' dir='ltr'><strong>salutis</strong></span> <span class='ocrx_word' id='word_1_231' title='bbox 725 4902 881 4981; x_wconf 79' lang='lat' dir='ltr'><strong>largitore.</strong></span> <span class='ocrx_word' id='word_1_232' title='bbox 915 4902 963 4959; x_wconf 80' lang='lat' dir='ltr'><strong>Ad</strong></span> <span class='ocrx_word' id='word_1_233' title='bbox 996 4903 1213 4961; x_wconf 90' lang='lat' dir='ltr'><strong>universorum</strong></span> <span class='ocrx_word' id='word_1_234' title='bbox 1244 4900 1349 4979; x_wconf 90' lang='lat' dir='ltr'><strong>itaque</strong></span> <span class='ocrx_word' id='word_1_235' title='bbox 1386 4907 1451 4958; x_wconf 88' lang='lat' dir='ltr'><strong>tarn</strong></span> <span class='ocrx_word' id='word_1_236' title='bbox 1483 4897 1694 4975; x_wconf 87' lang='lat' dir='ltr'><strong>praesentium</strong></span> 
     </span>
    </p>
   </div>
   <div class='ocr_carea' id='block_1_13' title="bbox 0 0 1972 5550">
    <p class='ocr_par' dir='ltr' id='par_1_13' title="bbox 0 0 1972 5550">
     <span class='ocr_line' id='line_1_34' title="bbox 0 0 1972 5550; baseline 0 0"><span class='ocrx_word' id='word_1_237' title='bbox 0 0 1972 5550; x_wconf 95' lang='lat' dir='ltr'><strong> </strong></span> 
     </span>
    </p>
   </div>
  </div>
 </body>
</html>
