3934 5550
1519 422 1556 497 4'l

276 645 391 736 gistris,
414 648 527 716 eodem
563 653 692 717 Nicolao
723 654 844 732 Pallffy,
876 656 989 715 comite
1014 654 1207 730 Posoniensi,
1232 654 1427 732 caeterisque
1463 672 1559 731 quam

276 764 414 842 plurimis
439 765 528 841 regni
551 764 649 824 nostri
673 763 840 822 comitatus
864 762 1042 822 tenentibus
1067 771 1097 821 et
1120 762 1265 821 honores.

319 907 501 988 liudolphus
522 928 562 966 m.
588 928 616 986 p.
966 906 1092 965 Electus
1116 904 1299 965 Colocensis
1326 923 1363 963 ac
1388 903 1553 983 episcopus

1102 1014 1268 1073 lauriensis
1292 1032 1332 1075 m.
1356 1033 1386 1091 p.

497 1136 510 1169 ⁹
1098 1124 1230 1182 loannes
1257 1123 1307 1181 loo
1333 1141 1371 1181 m.
1395 1141 1424 1198 p.

378 1265 524 1335 Originale
544 1267 767 1331 membraneum,
788 1282 804 1319 a
823 1282 893 1319 zona
912 1265 1021 1318 sericea
1040 1265 1125 1329 rubri,
1144 1262 1207 1317 tlavl
1234 1270 1263 1315 et
1282 1262 1429 1317 coelestini
1449 1262 1553 1316 coloris

271 1355 378 1422 pendet
405 1354 535 1425 sigillum.
563 1355 593 1407 ln
623 1356 737 1409 archivo
756 1370 898 1408 commun.
918 1355 984 1407 nob.
1011 1354 1048 1407 de
1075 1352 1237 1422 Turopolje.
1260 1382 1291 1391 -
1313 1352 1461 1423 Palugyay,
1491 1352 1560 1406 Tur·

272 1447 354 1496 mdzb
372 1460 436 1514 pag.
455 1443 500 1497 29.

382 1606 392 1637 ¹
411 1610 460 1661 sic.
500 1606 511 1636 ²
530 1609 579 1662 sic.

882 1892 954 1962 2⁷.

381 2092 474 2153 Anno
502 2090 594 2154 1582.
619 2102 690 2171 post
713 2094 795 2152 diem
819 2090 849 2153 6.
873 2094 1069 2171 septembris.
1093 2093 1279 2173 Zagrabiae.

280 2288 550 2375 Chrislophorus
592 2289 757 2376 Wagnod,
791 2288 911 2364 banus,
944 2288 1195 2373 possessionem
1231 2286 1492 2353 Alsolwkuwecz
1526 2292 1558 2352 et

276 2397 454 2461 castellum
469 2397 668 2461 kaawecz
693 2396 742 2459 ibi
764 2400 969 2474 extructum,
986 2395 1175 2481 dequibus,
1201 2395 1332 2460 scilicet
1343 2395 1558 2480 possessione

276 2508 308 2569 et
330 2504 468 2569 castello
491 2524 597 2568 causa
622 2504 716 2567 inter
738 2502 868 2567 nobiles
894 2502 1019 2587 Campi
1051 2502 1195 2588 Zagrab.
1227 2505 1260 2566 et
1297 2502 1463 2566 Thomam
1486 2502 1556 2567 Na·

277 2610 391 2695 dasdy,
402 2614 519 2696 expost
525 2609 647 2694 filium
661 2611 740 2674 eius
751 2610 981 2675 Franciscum
1000 2608 1204 2685 vertebatur,
1219 2608 1390 2694 Stephano
1411 2608 1556 2695 Myxyclr

824 2716 1015 2782 adiudicat.

383 2923 450 2982 Nos
474 2921 718 2999 Christophorus
742 2921 892 3000 annad
915 2920 994 2980 liber
1016 2921 1094 2980 baro
1117 2921 1149 2979 in
1179 2920 1338 3000 Sonnegh,
1371 2939 1478 2980 comes
1507 2939 1559 2980 co-

278 3031 404 3091 mitatus
428 3029 669 3102 Warasdiensis,
694 3047 731 3088 nc
754 3027 945 3087 serenissimi
968 3027 1116 3106 principis
1149 3036 1181 3088 et
1204 3027 1321 3087 domini
1354 3027 1471 3088 domini
1495 3029 1557 3088 Ru·

279 3139 383 3216 dolphi
408 3137 545 3210 secundi,
569 3137 676 3195 divina
702 3135 829 3196 favente
861 3135 1026 3194 clementia
1057 3135 1268 3194 Romanorum
1300 3135 1392 3195 electi
1422 3135 1555 3213 impera·

278 3255 353 3306 tons
376 3263 502 3324 semper
525 3243 660 3324 augusti,
684 3262 722 3302 ac
744 3242 943 3318 Germaniae,
968 3241 1161 3322 Hungariae,
1186 3243 1355 3302 Bohemiae
1381 3250 1438 3304 etc.
1463 3243 1558 3322 regis

279 3353 453 3414 archiducis
478 3351 633 3425 Austriae,
657 3351 745 3410 ducis
770 3350 971 3430 Burgundiae
997 3359 1054 3409 etc.
1079 3349 1281 3424 consiliarius
1305 3369 1427 3409 necnon
1444 3349 1570 3428 regno?

280 3482 346 3522 rum
372 3461 557 3536 Dalmatiae,
580 3458 729 3519 Croatiae
754 3467 785 3518 et
807 3459 994 3521 Sclauoniae
1026 3459 1136 3533 banus,
1167 3459 1280 3518 damus
1309 3476 1366 3536 pro
1398 3459 1559 3532 memoria,

278 3570 456 3648 quodcum
480 3568 520 3627 ob
553 3567 825 3627 contradictoriam
857 3565 1071 3625 inhibitionem
1103 3565 1339 3625 introductionis
1370 3565 1474 3625 totalis
1506 3585 1558 3625 ca·

279 3677 359 3736 stelli
391 3676 577 3736 kaawecz
608 3675 721 3749 vocati,
753 3674 784 3733 in
816 3674 965 3733 comitatu
996 3673 1203 3753 Zagrabiensi
1235 3674 1404 3750 existentis,
1437 3683 1558 3752 specta-

277 3784 369 3844 bilem
394 3793 426 3843 et
448 3783 650 3864 magnificum
674 3783 832 3860 quondam
856 3781 1015 3841 dominum
1040 3781 1195 3840 Thomam
1212 3781 1251 3840 de
1268 3781 1407 3856 Nadasd,
1422 3781 1556 3860 primum

278 3892 412 3952 iudicem
437 3890 542 3951 curiae
566 3889 674 3969 regiae
698 3887 880 3958 maiestatis,
905 3888 1018 3948 deinde
1042 3905 1118 3946 vero
1143 3889 1231 3967 regni
1257 3888 1440 3968 Hungariae
1471 3889 1557 3967 pala·

277 4000 374 4059 tinum
408 4007 440 4059 et
475 3998 608 4058 iudicem
643 3996 866 4070 Cumanorum,
901 4014 939 4055 ac
973 3997 1234 4055 locumtenentem
1271 3995 1411 4056 eiusdem
1448 3996 1556 4075 regiae

277 4106 458 4179 malestatis,
493 4106 606 4165 virtute
631 4105 806 4164 donationis
842 4103 1095 4163 reverendissimi
1133 4103 1290 4182 quondam
1328 4104 1484 4164 Francisci
1517 4105 1556 4163 ab

278 4215 402 4290 Wylak,
425 4212 564 4291 episcopi
588 4212 739 4271 ecclesiae
771 4210 944 4290 signensis,
976 4218 1008 4269 et
1040 4210 1117 4270 alias
1147 4211 1384 4270 locumtenentis
1416 4211 1555 4270 eiusdem

277 4322 385 4402 regiae
420 4321 602 4395 maiestatis,
638 4320 737 4379 eidem
774 4319 932 4398 quondam
968 4319 1095 4378 domino
1130 4320 1271 4378 Thomae
1308 4319 1468 4395 Nadasdy,
1500 4337 1555 4397 per

278 4439 408 4490 mortem
432 4439 465 4488 et
487 4428 642 4489 defectum
675 4427 803 4487 seminis
834 4427 1031 4487 illustrissimi
1063 4437 1093 4486 et
1126 4427 1365 4507 magnificorum
1397 4427 1555 4505 quondam

278 4538 393 4598 domini
416 4536 541 4596 loannis
564 4536 702 4610 Coruini,
726 4535 813 4595 ducis
837 4534 1012 4613 Oppauiae,
1037 4553 1073 4594 ac
1098 4534 1314 4612 Christophori
1337 4534 1389 4593 lilii
1415 4535 1555 4593 eiusdem

278 4646 380 4705 factae
403 4644 628 4717 concementis‚
659 4643 741 4704 idem
766 4644 923 4722 quondam
948 4642 1094 4702 dominus
1118 4642 1257 4701 Thomas
1282 4642 1442 4717 Nadasdy,
1466 4643 1552 4720 pala-

278 4755 359 4813 tinus
383 4765 414 4813 et
437 4754 651 4813 locumtenens
674 4761 748 4810 tunc
773 4752 875 4811 adhuc
898 4751 929 4810 in
953 4751 1098 4810 humanis
1123 4769 1232 4830 agens
1256 4749 1407 4828 legittime
1439 4768 1551 4809 evoca-

277 4861 370 4921 tionis
392 4862 517 4921 modum
542 4858 749 4935 observando,
772 4859 892 4918 nobiles
915 4858 1054 4918 Blasium
1078 4857 1261 4936 Pogledych
1285 4857 1323 4916 de
1348 4857 1554 4932 Koryllowcz,

282 4987 318 5028 ac
342 4967 578 5027 universitatem
600 4966 749 5026 nobilium
773 4965 887 5043 Campi
909 4965 1140 5044 ZagrabiensiS,
1165 4973 1274 5024 contra
1298 4983 1332 5022 se
1357 4964 1396 5022 ad
1414 4963 1555 5042 quintum
