3934 5550
1515 408 1560 481 53

275 633 434 698 contactas
456 644 489 699 et
511 642 685 710 emanatas,
708 632 812 696 eidem
835 634 929 695 Petro
960 633 1128 711 Erdewdy‚
1152 634 1230 694 alias
1252 634 1344 707 bano,
1377 634 1418 693 ad
1451 634 1554 695 litera-

274 746 388 807 toriurn
410 745 594 805 mandatum
617 762 709 803 suurn
732 743 910 822 rescriptas,
922 761 1045 803 necnon
1069 740 1158 821 paria
1181 743 1379 821 quarundam
1396 742 1561 803 literarum

274 860 517 913 memoratorum
542 850 739 911 dominorum
753 850 884 930 Georgii
908 849 1134 925 Draslrowych‚
1158 857 1190 909 et
1213 850 1372 927 quondam
1396 850 1555 911 Francisci

280 962 399 1037 leny,
423 960 502 1023 alias
523 960 687 1036 banorum,
710 957 968 1031 inhibitoriarum,
992 957 1280 1017 ammonitoriarum
1311 966 1343 1016 et
1373 957 1558 1017 certificato-

282 1070 406 1142 riarum‚
431 1087 469 1129 ac
492 1067 622 1128 antelati
645 1066 773 1147 capituli
805 1064 958 1127 ecclesiae
992 1065 1215 1145 Zagrabiensis
1247 1065 1415 1143 superinde
1446 1066 1558 1125 relato·

281 1177 406 1251 riam,
429 1177 488 1240 sub
512 1176 614 1256 sigillo
637 1174 711 1235 dicti
727 1173 863 1253 ‘capituli
885 1173 917 1233 in
941 1192 1062 1253 papyro
1079 1174 1184 1233 clause
1201 1173 1423 1247 conlectarum,
1440 1172 1558 1233 eisdem

281 1285 323 1345 ad
344 1283 548 1345 literatorium
580 1282 764 1343 mandatum
793 1281 935 1360 ipsorum
961 1281 1192 1359 rescriptamm,
1216 1299 1348 1360 quarum
1372 1280 1491 1341 scilicet
1513 1280 1558 1341 vi·

280 1412 358 1473 gore
381 1392 474 1453 iidem
505 1390 627 1451 nobiles
656 1389 772 1468 Campi
803 1389 1027 1470 Zagrabiensis
1058 1388 1089 1448 in
1121 1406 1250 1448 causam
1283 1388 1416 1461 attracti,
1443 1388 1559 1449 dictum

281 1499 441 1561 dominum
465 1497 667 1560 Franciscum
701 1497 862 1574 Nadasdy,
886 1504 1034 1569 actorem,
1059 1496 1098 1555 ab
1123 1495 1332 1573 exequutione
1364 1496 1560 1575 quarundam

282 1607 441 1667 literarum
477 1606 649 1665 eorundem
683 1604 882 1665 dominorum
916 1604 1047 1684 Georgii
1083 1604 1310 1681 Draskowyeh‚
1336 1614 1367 1663 et
1401 1604 1560 1685 quondam

281 1712 440 1778 Francisci
471 1713 590 1788 leny,
622 1712 701 1771 alias
731 1712 894 1785 banorum,
921 1711 1217 1772 adiudicatoriarum
1240 1710 1358 1789 pariter
1382 1720 1413 1771 et
1436 1720 1558 1772 senten·

279 1820 449 1892 tienaliurn,
480 1838 538 1897 pro
568 1826 658 1897 parte
690 1820 855 1879 memorati
886 1818 1002 1879 domini
1035 1820 1058 1877 F
1060 1818 1191 1879 rancisci
1216 1819 1255 1878 de
1279 1818 1419 1891 Nadasd,
1451 1826 1560 1879 contra

284 1927 443 2007 praelatos
466 1926 605 1987 Blasiurn
621 1926 804 2005 Pogledych
827 1926 868 1986 de
891 1926 1087 2002 Korylowcz,
1104 1933 1136 1985 et
1151 1924 1387 1986 universitatem
1410 1925 1559 1986 nobilium

281 2036 314 2094 in
337 2052 466 2096 causam
490 2040 649 2107 attractos,
671 2032 859 2113 Zagrabiae,
890 2032 922 2092 in
952 2032 1085 2093 termino
1118 2032 1336 2097 celebrationis
1365 2034 1560 2114 generalium

281 2140 466 2204 indiciorum
500 2140 572 2201 testi
606 2140 852 2218 Epiphaniamrn
888 2140 1014 2217 domnii,
1044 2140 1075 2199 in
1108 2158 1190 2200 anno
1221 2140 1363 2201 eiusdem
1397 2140 1560 2201 millesimo

282 2247 533 2329 quingentesimo
557 2248 793 2327 septuagesimo
815 2256 976 2321 hansacto
999 2243 1208 2327 praeterito²¹,
1232 2248 1273 2309 ad
1297 2266 1391 2328 quem
1416 2248 1561 2310 videlicet

281 2356 448 2421 terminum
470 2354 639 2417 universae
656 2373 772 2415 causae
784 2356 1023 2437 regnicolarum,
1040 2364 1105 2416 tam
1129 2363 1202 2417 ante
1226 2375 1321 2435 quam
1344 2364 1416 2435 post
1439 2357 1560 2419 cladem

282 2463 541 2528 Mohachiensem
564 2469 670 2523 motae
692 2463 743 2523 vel
770 2464 956 2537 mouendae,
980 2481 1018 2523 ea
1043 2462 1133 2523 novis
1164 2464 1335 2523 eorundem
1368 2463 1560 2525 constitutio·

279 2572 372 2634 nibm
395 2569 566 2633 adiudicari
590 2570 710 2642 solitae,
741 2589 799 2650 per
828 2570 1004 2650 praelatam
1035 2571 1194 2650 quondam
1224 2570 1384 2633 dominum
1417 2572 1560 2631 Maximi·

282 2679 397 2743 lanum
421 2678 643 2757 imperatorem
659 2687 691 2738 et
712 2696 832 2759 regem,
843 2678 1035 2759 generaliter
1056 2678 1180 2741 luerent
1195 2689 1394 2759 prorogatae,
1411 2698 1468 2759 per
1484 2699 1559 2739 non·

283 2784 474 2854 senientiam
497 2794 530 2846 et
552 2785 884 2865 aoncomparationem
907 2785 1079 2860 sonandam
1094 2785 1126 2846 in
1142 2787 1354 2866 superioribus
1376 2787 1560 2848 iudiciorum

278 2891 420 2955 terminia
449 2910 547 2956 causa
576 2891 608 2953 in
640 2892 834 2971 praescripta
863 2894 1077 2954 conlectarum
1109 2901 1140 2952 et
1171 2902 1396 2973 emanatarum,
1428 2914 1560 2974 praeno·

280 3008 348 3060 tato
378 2999 514 3077 capitulo
545 2999 699 3060 ecclesiae
730 2999 955 3080 Zagrabiensis
982 3000 1162 3060 sonantium
1193 3009 1224 3060 et
1256 3003 1454 3078 directarum,
1478 3003 1563 3064 idem

282 3107 461 3186 capitulum,
485 3106 601 3186 pariter
624 3114 656 3168 et
678 3107 781 3186 ipsum
805 3114 944 3168 actorem
974 3106 1155 3182 inhibuisse,
1190 3109 1388 3190 eundemque
1419 3131 1476 3190 pro
1506 3112 1562 3171 ha·

280 3215 385 3284 hendo
409 3233 506 3279 causa
528 3214 561 3275 in
582 3213 759 3293 praemissa
781 3233 864 3275 novo
891 3214 1016 3292 iudicio,
1039 3233 1096 3294 per
1118 3215 1333 3277 testimonium
1356 3217 1453 3297 ipsius
1477 3219 1561 3298 capi-

279 3322 336 3393 tuli
359 3321 400 3390 ad
423 3321 581 3392 &simum
603 3320 745 3400 quintum
768 3321 853 3382 diem
873 3321 1026 3402 legittime
1041 3322 1167 3382 evocari
1190 3322 1303 3384 fecisse
1328 3324 1560 3402 dinoscebatur,

281 3429 465 3501 exhibuerat
487 3435 519 3488 et
541 3435 808 3506 praesentaverat,
832 3447 964 3507 quarum
980 3428 1108 3509 quidem
1124 3429 1282 3492 literarum
1306 3432 1559 3512 repulsionalium

280 3543 370 3596 tenor
404 3535 476 3606 talis
509 3542 567 3597 est.
592 3535 708 3611 (Vide
742 3534 826 3596 doc.
862 3555 890 3598 a
930 3534 1023 3602 1566.
1059 3535 1110 3596 29.
1146 3537 1286 3598 martii
1321 3539 1391 3599 sub
1425 3540 1487 3604 Nr.
1520 3537 1562 3616 8.)

281 3643 424 3720 Quarum
445 3641 531 3708 tacta
553 3642 742 3705 exhibitione
766 3642 923 3704 antelatus
939 3644 1119 3722 Stephanus
1135 3645 1254 3721 Akach,
1270 3656 1453 3725 procurator
1467 3665 1559 3728 prae·

279 3751 366 3822 libati
390 3751 507 3818 domiui
532 3749 692 3812 Francisci
715 3751 877 3828 Naaasdy,
901 3751 1025 3826 actoris,
1049 3771 1129 3812 onus
1163 3753 1376 3832 praescriptae
1403 3755 1561 3816 violentae

281 3858 475 3938 reptdsionis,
497 3877 620 3922 necnon
643 3858 798 3938 praetium
821 3860 996 3921 sententiae
1020 3879 1076 3938 per
1093 3855 1366 3922 nonvenientiaa²²
1380 3863 1471 3922 solito
1487 3862 1557 3940 hyr-

223 4039 234 4061 ·
280 3968 373 4048 sagio
395 3967 512 4045 deponi
533 3967 677 4046 primum,
701 3987 739 4028 ac
761 3969 891 4029 tandem
913 3968 1067 4028 rationem
1098 3976 1279 4047 praetactae
1310 3970 1496 4048 repulsionis
1530 3978 1561 4031 et

281 4093 344 4134 non
378 4073 537 4140 attulisses
571 4073 765 4136 executionis
799 4075 1013 4154 praescriptae
1048 4073 1230 4135 iudiciariae
1262 4075 1493 4136 deliberationis
1530 4083 1561 4136 et

281 4179 511 4255 commissionis
533 4181 738 4262 praeallegati
762 4183 923 4261 quondam
946 4181 1065 4242 domini
1088 4181 1172 4242 Petri
1195 4181 1361 4259 Erdewdy,
1379 4183 1457 4242 alias
1478 4182 1561 4256 bani,

281 4288 350 4354 dari
380 4297 412 4350 et
443 4288 600 4369 assignari
629 4289 845 4368 postulaverat
872 4309 930 4368 per
960 4289 992 4349 in
1023 4307 1153 4350 causam
1178 4297 1328 4353 attractos
1350 4297 1562 4367 praenotatos,

281 4395 445 4475 dicttlsqus
478 4395 659 4474 Stephanus
681 4395 887 4456 Ladomerius
910 4396 1065 4474 praetium
1098 4396 1288 4456 eiuscemodi
1316 4395 1475 4456 literarum
1508 4397 1561 4456 ad·

281 4503 535 4572 iudicandarum
567 4510 599 4564 et
629 4502 903 4576 sententionalium
931 4503 1239 4582 praenominatorum
1272 4503 1466 4564 dominorum
1499 4503 1560 4564 Ge-

281 4611 361 4692 orgii
385 4611 604 4689 Draskowych
626 4620 658 4674 et
682 4611 841 4691 quondam
863 4612 1024 4672 Francisci
1046 4612 1165 4689 leny‚
1190 4631 1259 4671 cum
1277 4612 1367 4671 solito
1383 4605 1562 4692 birsagio²³‚

281 4718 374 4787 iudici
397 4725 429 4779 et
451 4719 533 4797 parti
566 4719 721 4784 adversae
753 4720 953 4798 deposuerat,
984 4720 1166 4798 aedemque
1196 4719 1228 4779 in
1259 4738 1388 4780 causam
1422 4719 1562 4780 attractis

280 4843 337 4904 pst
359 4825 446 4904 ipses
470 4825 614 4897 domim
638 4826 739 4888 banos
762 4826 931 4905 superinde
956 4825 1143 4886 authoritate
1167 4844 1276 4886 eorum
1300 4825 1460 4886 iudiciaria
1476 4827 1561 4906 quie·

281 4930 363 5006 tatis,
386 4931 547 5010 literisque
571 4932 727 4996 eiusmodi
749 4931 1029 4994 sententionalibus
1053 4931 1128 5010 ipsis
1152 4933 1183 4992 in
1209 4951 1337 4992 causam
1369 4932 1507 4992 attractis
1531 4933 1562 4992 in
