3934 5550
423 419 488 480 588

368 637 371 640 ’
423 633 591 712 Turopolia
624 637 789 698 substituto
821 614 933 698 comite
968 635 1106 696 terrestri
1131 624 1162 695 et
1185 635 1275 694 simul
1304 635 1477 714 capitane0,
1507 637 1700 714 caeterisque

422 741 497 802 iuris
520 746 731 806 assessoribus
756 746 884 818 etiuris
908 745 1014 824 peritis
1030 744 1114 819 viriS,
1134 744 1299 803 occasione
1315 751 1345 802 et
1359 752 1522 822 praetextu
1547 737 1706 804 certorum'

422 857 453 907 et
477 850 672 912 diversorum
697 863 822 913 actuum
838 854 1034 934 magicorum
1057 871 1114 930 per
1138 851 1269 911 eandem
1295 858 1544 930 perpetratorum
1569 860 1599 912 et
1623 853 1701 912 intra

421 957 546 1018 uberius
571 963 825 1038 exponendorum
850 968 935 1020 mota
960 970 991 1019 et
1015 968 1128 1022 erecta.

528 1067 672 1144 Qualiter
693 1069 838 1128 nimirum
857 1068 1133 1147 'praementionata
1156 1067 1186 1128 in
1211 1086 1339 1126 causam
1364 1076 1505 1142 attracta,
1537 1067 1700 1148 ignoratur

423 1175 504 1232 unde
529 1186 622 1251 mota,
646 1197 749 1257 quove
767 1153 926 1238 'diabolico
951 1187 982 1236 et
1004 1176 1143 1256 maligno
1168 1176 1277 1254 spiritu
1301 1176 1341 1235 ad
1366 1175 1396 1235 id
1421 1176 1548 1236 inducta
1572 1185 1604 1234 et
1628 1195 1699 1235 con·

423 1280 528 1356 citata,
551 1285 725 1362 postposito
757 1286 807 1345 dei
838 1286 1061 1363 hominumque
1092 1285 1202 1343 timore
1236 1283 1433 1360 iustitiaeque
1458 1302 1494 1342 ac
1518 1284 1623 1363 legum
1648 1303 1700 1361 pa·

422 1387 550 1449 triarum
575 1392 687 1472 rigore,
719 1394 881 1453 immemor
905 1391 1050 1472 imaginis
1075 1399 1106 1450 et
1128 1392 1247 1451 formae
1273 1391 1396 1450 divinae
1421 1392 1462 1450 ad
1486 1391 1573 1450 cuius
1599 1391 1700 1452 simili·

421 1497 559 1557 tudinem
594 1518 719 1579 quoque
756 1503 867 1561 eadem
898 1501 929 1559 in
961 1519 1089 1560 causam
1123 1506 1255 1558 attracta
1287 1506 1393 1558 creata
1428 1509 1520 1571 esset,
1548 1498 1699 1576 vilipenso

423 1604 655 1680 preciosissimo
680 1609 845 1668 salvatoris
877 1607 974 1667 nostri
1004 1607 1167 1688 sangvine,
1202 1625 1258 1685 pro
1294 1607 1392 1666 salute
1427 1617 1457 1666 et
1488 1607 1700 1684 redemptione

422 1712 550 1772 humani
580 1714 707 1794 generis
738 1717 874 1795 profuso,
905 1713 1110 1793 foederisque
1127 1715 1156 1772 in
1182 1734 1272 1774 sacro
1296 1711 1492 1792 baptismatis
1515 1713 1601 1772 tonte
1626 1733 1699 1773 cum

422 1828 562 1898 creatore
594 1843 651 1882 suo
683 1824 755 1898 initi,
788 1834 853 1884 tum
887 1843 969 1884 anno
997 1823 1091 1883 modo
1115 1830 1257 1881 currente
1282 1821 1486 1900 infrascripta
1510 1840 1580 1880 curn
1606 1819 1699 1881 etiam
1742 1831 1743 1834 ’

421 1927 559 2005 pluribus
584 1930 645 1989 iarn
679 1932 811 1991 evolutis
832 1933 924 1994 annis
948 1940 979 1990 et
1003 1915 1205 2008 temporibus,
1229 1929 1320 2008 idque
1344 1929 1476 1989 diversis
1500 1929 1576 1988 locis
1600 1937 1630 1988 et
1654 1929 1697 1988 vi-

422 2035 518 2110 cibus,
547 2037 657 2115 relicto
687 2059 750 2098 uno
779 2059 855 2100 vero
885 2045 916 2098 et
948 2038 1137 2116 sempiterno
1169 2036 1246 2111 de0,
1282 2037 1382 2115 ipsum
1418 2037 1514 2095 tilium
1549 2037 1600 2096 dei
1635 2036 1699 2095 vivi

393 2209 398 2220 ,
422 2142 614 2222 unigenitum
645 2154 818 2206 memorata
848 2147 879 2205 in
911 2163 1040 2205 causam
1071 2153 1204 2204 attracta
1237 2145 1436 2224 abnegasset,
1468 2143 1573 2204 omnia
1608 2143 1697 2203 Chri·

421 2249 542 2310 stianae
573 2252 645 2312 fidei
678 2255 865 2313 documenta
894 2253 1092 2325 deseruisset,
1118 2262 1315 2312 sacramenta
1339 2251 1491 2311 ecclesiae
1515 2271 1571 2329 per
1595 2251 1696 2328 ipsum

422 2344 581 2417 Christum
613 2359 751 2420 instituta
783 2360 1005 2440 vilipendisset,
1038 2379 1151 2420 nomen
1184 2360 1242 2433 dei,
1274 2361 1308 2420 B.
1333 2361 1369 2420 V.
1402 2358 1531 2433 Mariae,
1562 2357 1623 2418 imo
1655 2358 1698 2435 ip-

424 2464 553 2525 siusmet
584 2469 800 2532 sanctissimae
832 2469 992 2528 Trinitatis
1030 2487 1066 2527 ac
1097 2476 1276 2527 sanctorum
1306 2467 1356 2526 dei
1380 2465 1550 2526 blasfemiis
1573 2453 1605 2525 et
1628 2485 1699 2525 con-

427 2571 514 2632 viciis
537 2575 699 2635 horrendis
723 2576 901 2654 sprevisset,
925 2577 1057 2655 talisque
1080 2575 1228 2634 salvatori
1252 2595 1309 2634 suo
1334 2574 1455 2634 rebellis
1477 2574 1561 2633 facta
1585 2574 1700 2647 luisset,

394 2723 398 2730 1
426 2699 539 2739 nomen
572 2702 662 2741 suum
694 2684 819 2744 demoni
850 2683 1067 2762 inscripsisset,
1100 2684 1262 2766 eidemque
1286 2692 1469 2762 perpetuam
1493 2683 1587 2742 fidem
1611 2699 1699 2741 suam

425 2789 566 2863 iurasset,
598 2792 660 2851 imo
693 2800 725 2852 et
756 2794 796 2852 ad
827 2793 1066 2852 contestandam
1097 2792 1199 2851 eidem
1231 2790 1410 2851 fidelitatem
1435 2790 1569 2871 sigillum
1593 2789 1699 2849 diabo-

425 2897 517 2957 licum
541 2900 663 2977 corpori
687 2922 743 2960 suo
767 2902 884 2980 imponi
910 2901 1096 2974 admisisset,
1121 2900 1227 2978 sicque
1252 2900 1376 2959 demoni
1400 2908 1585 2977 perpetuum
1609 2916 1698 2957 vasa-

425 3005 542 3085 logium
573 3009 787 3085 praestitisset,
819 3009 945 3087 saepius
976 3028 1099 3087 quoque
1132 3027 1201 3067 cum
1235 3009 1345 3067 eodem
1378 3008 1510 3067 demone
1535 3006 1700 3066 carnaliter

425 3113 621 3186 convixisset,
653 3115 715 3174 imo
751 3135 822 3176 cum
854 3116 921 3176 aliis
952 3116 1154 3193 complicibus
1187 3114 1251 3174 suis
1284 3116 1324 3173 ad
1348 3114 1487 3173 eiusdem
1516 3112 1699 3173 detestantis

337 3288 341 3301 ἱ
425 3220 551 3279 sceleris
584 3220 645 3281 reis
676 3222 734 3281 sibi
764 3223 937 3301 peroptime
968 3221 1059 3295 notiS,
1092 3242 1129 3281 ac
1160 3242 1217 3281 suo
1240 3223 1317 3294 loc0,
1341 3230 1482 3299 ternpore
1506 3228 1536 3279 et
1557 3220 1611 3279 via
1634 3219 1699 3278 iure

424 3326 591 3405 superinde
608 3330 838 3405 conveniendis,
855 3330 994 3389 adhibita
1017 3329 1158 3389 demonis
1182 3348 1241 3407 ope
1265 3348 1321 3408 per
1345 3348 1428 3405 aera,
1450 3334 1581 3402 montes,
1596 3328 1699 3399 colles,

424 3435 521 3494 valles
555 3443 585 3493 et
616 3437 741 3496 deserta
773 3438 912 3497 volasset
935 3446 966 3496 et
990 3437 1189 3510 ambulasset,
1218 3436 1431 3515 eiusmodique
1456 3435 1609 3495 diabolica
1633 3442 1699 3494 arte

425 3550 636 3620 tempestates,
666 3544 809 3621 pruinam
833 3553 864 3603 et
887 3544 1073 3624 grandinem
1098 3564 1169 3604 cum
1193 3544 1393 3622 complicibus
1417 3544 1481 3603 suis
1506 3542 1698 3615 coniecisset,

425 3648 542 3707 fructus
572 3659 675 3710 terrae
707 3652 873 3711 mandatos
907 3650 1141 3731 absumpsisset,
1166 3652 1329 3729 taliterque
1353 3650 1533 3711 modalitate
1555 3649 1698 3709 homines

425 3758 610 3817 necessariis
647 3754 737 3819 vitae
764 3760 875 3821 mediis
906 3760 1069 3838 privasset,
1102 3761 1265 3833 consortia,
1300 3760 1399 3831 ludos,
1435 3760 1697 3839 congregationes

425 3847 603 3920 diabolicas,
636 3848 827 3928 aliarumque
861 3869 1011 3930 sagarum
1035 3858 1273 3928 trequentasset,
1297 3857 1461 3927 praeterea
1482 3846 1620 3927 pluribus
1645 3850 1698 3907 bo·

424 3948 566 4030 minibus,
589 3956 710 4016 tenellis
726 3958 863 4035 prolibus
888 3966 919 4018 et
941 3959 1124 4036 peccoribus
1149 3977 1205 4037 per
1228 3958 1381 4017 eiusmodi
1397 3954 1583 4016 diabolicam
1600 3964 1697 4015 artem

424 4069 456 4121 et
465 4062 716 4124 infascinationes
729 4066 895 4139 nocuisset,
907 4066 1045 4145 quinimo
1054 4065 1179 4143 saepius
1193 4066 1287 4125 etiam
1300 4085 1317 4125 e
1330 4064 1409 4125 vivis
1419 4063 1602 4138 sustulisset,
1616 4072 1647 4124 et
1660 4082 1698 4122 ne

426 4170 488 4229 lors
510 4171 615 4249 plures
639 4174 806 4252 complices
823 4194 896 4233 suas
914 4193 1010 4253 sagas
1035 4173 1076 4233 ad
1099 4174 1232 4234 eandem
1249 4174 1456 4233 exercendam
1473 4172 1698 4250 prolessionem

426 4287 457 4336 ct
490 4279 591 4337 scelus
623 4280 858 4358 practicandum
892 4282 1060 4361 adegisset,
1092 4281 1300 4359 compulisset,
1324 4281 1539 4359 persuasisset,
1562 4280 1697 4339 induxis-

425 4394 543 4464 setque,
556 4386 690 4464 denique
704 4388 839 4449 animam
852 4409 941 4447 suam
954 4398 984 4448 et
998 4408 1110 4467 corpus
1122 4389 1330 4449 intensissimo
1343 4389 1470 4449 humani
1480 4387 1605 4468 generis
1617 4388 1698 4447 hosti

429 4493 552 4553 diabolo
576 4494 776 4570 immolasset,
800 4497 962 4574 taliterque
987 4516 1152 4556 severam
1177 4507 1208 4554 et
1231 4496 1427 4556 manilestam
1452 4514 1564 4575 sagam
1587 4496 1697 4555 eadem

424 4602 455 4660 in
479 4621 607 4661 causam
639 4613 771 4664 attracta
802 4606 965 4682 effecisset,
995 4625 1129 4683 poenam
1153 4607 1223 4686 lege
1248 4598 1354 4665 divina
1377 4614 1408 4664 et
1430 4604 1568 4664 humana
1592 4622 1697 4681 super·

425 4709 496 4768 inde
521 4710 672 4769 sancitam
697 4712 854 4771 incurrere
878 4714 962 4773 haud
986 4712 1190 4776 formidando.
1271 4708 1276 4721 '
1672 4700 1673 4705 ἵ

531 4818 656 4875 Peteret
671 4818 801 4895 proinde
817 4820 1026 4879 mentionatus
1051 4820 1164 4878 fiscalis
1188 4828 1220 4879 et
1243 4828 1337 4893 actor,
1372 4821 1402 4878 vi
1427 4838 1503 4899 gore
1527 4819 1615 4899 regni
1640 4837 1697 4897 ge·

424 4924 537 4985 neralis
562 4924 687 5002 decreti,
717 4926 907 5006 aliarumque
940 4928 1045 5004 legum
1079 4946 1171 5005 super
1207 4920 1359 4987 eiusmodi
1395 4927 1550 4988 atrocibus
1578 4916 1697 4986 delictis
