3934 5550
396 427 461 491 500

511 645 660 704 Famulus
692 641 923 704 communitatis
955 643 1013 702 erit
1043 641 1125 702 idem
1157 643 1209 721 qui
1240 643 1402 716 hactenus,
1438 642 1582 703 videlicet
1616 646 1685 706 Ste-

404 753 527 832 phanus
550 751 706 828 Kannych
730 752 769 810 de
792 751 887 830 Nagh
911 750 1027 812 Mlaka.

508 859 644 919 Vitricus
669 858 822 918 ecclesiae
845 858 1046 917 beatissimae
1072 856 1200 936 virginis
1224 857 1347 918 Mariae
1364 859 1395 917 in
1411 859 1526 918 Maion'
1540 859 1685 936 Gorycza

402 967 551 1026 lundatae
584 961 722 1046 eligitur⁴
754 965 933 1044 Stephanus
964 965 1143 1042 Sydanych,
1168 983 1267 1043 penes
1281 966 1424 1026 Marcum
1441 967 1610 1044 Pepelych,
1634 968 1685 1045 qui

399 1075 580 1153 Stephanus
604 1075 811 1133 iuramentum
836 1071 990 1151 praestitit
1013 1073 1052 1131 de
1075 1071 1166 1135 facto.

506 1182 559 1240 Ad
591 1182 770 1241 instantiam
801 1179 999 1239 illustrissimi
1023 1179 1138 1239 domini
1162 1179 1284 1239 comitis
1308 1188 1340 1240 et
1363 1181 1436 1240 bani
1460 1181 1602 1242 Thomae
1628 1182 1683 1240 Er·

399 1289 503 1365 deody
527 1298 585 1350 etc.
607 1307 665 1368 per
687 1288 793 1347 literas
808 1287 957 1362 eiusdem,
981 1288 1022 1346 ad
1046 1295 1182 1346 castrum
1206 1287 1302 1364 Selyn
1326 1289 1438 1348 dantur
1462 1289 1576 1348 robora
1601 1299 1681 1360 oct0‚

401 1397 531 1456 arbores
553 1415 630 1456 vero
650 1395 807 1472 jezenova
830 1403 861 1454 et
885 1395 1045 1454 breztowa
1069 1395 1197 1455 arbores
1221 1405 1354 1455 centum.

511 1522 719 1582 Accedeudus
752 1520 810 1580 erit
842 1520 986 1580 dominus
1018 1520 1166 1580 Nicolaus
1198 1521 1367 1598 Maleuych
1397 1522 1517 1581 ratione
1544 1523 1682 1582 vulnera·

404 1628 498 1689 tionis
521 1629 606 1688 Petri
629 1628 772 1688 Kowach
795 1629 834 1687 de
858 1627 1053 1703 Czerowzky
1073 1628 1171 1686 Werh
1195 1646 1251 1706 per
1273 1629 1437 1707 providum
1462 1630 1593 1688 Paulum
1617 1631 1683 1689 lan-

403 1735 522 1812 setych
546 1754 678 1813 spanum
703 1736 842 1797 eiusdem
857 1735 982 1794 “domini
1015 1735 1183 1811 Malenych
1215 1735 1246 1794 in
1269 1736 1445 1812 Kotyloucz
1477 1744 1627 1814 patratae,
1650 1747 1684 1796 ut

403 1861 475 1901 eum
498 1842 557 1901 iuri
573 1851 706 1917 statuat3
730 1843 919 1921 deputantur
942 1841 1086 1901 dominus
1119 1861 1234 1914 comes
1265 1843 1443 1921 Stephanus
1476 1844 1621 1903 Arbanaz
1653 1854 1684 1904 et

400 1947 557 2028 Georgius
584 1950 774 2030 Pogledych.

506 2106 653 2178 Originale
672 2107 863 2161 chartaceum.
884 2108 915 2160 ln
934 2107 1049 2160 archivo
1068 2123 1201 2160 commun
1231 2109 1297 2161 nob.
1317 2110 1354 2161 de
1373 2067 1683 2181 TuropoljeaCongre·

355 2255 359 2262 ,
399 2196 552 2267 gationalia
570 2195 638 2250 fasc.
657 2196 682 2248 5.
1334 2217 1336 2220 ·

507 2377 515 2406 ¹
534 2376 576 2430 13.
595 2377 739 2430 decembr.
774 2377 783 2406 ²
802 2395 826 2431 a
847 2378 924 2430 1614.
944 2377 968 2431 6.
989 2378 1094 2432 ianuar.
1128 2378 1137 2406 ³
1156 2378 1284 2448 sequitur
1303 2379 1443 2433 deletum:
1458 2381 1594 2435 »loannes
1608 2380 1682 2435 Cho·

402 2467 487 2538 szych
506 2466 588 2520 aliter
606 2465 771 2537 Wranych‹
812 2466 969 2535 ⁴sequitur
994 2467 1133 2520 deletum:
1155 2471 1291 2521 »loannes
1310 2467 1485 2538 Czekowych
1504 2471 1630 2523 manebit
1656 2471 1682 2523 in

400 2555 495 2610 officio
513 2555 684 2627 lugaratus‹.
