3934 5550
1552 451 1618 519 405

339 669 431 741 tecto,
462 685 519 746 per
542 660 692 727 malitiam
725 676 837 745 puteus
861 662 977 727 ibidem
1008 664 1040 727 in
1071 674 1161 747 prato
1184 686 1247 729 non
1270 666 1363 745 valet,
1397 671 1544 732 horreum
1568 692 1623 732 an·

338 774 458 854 tiquum
482 774 578 835 habet
601 774 709 834 ruinae
733 775 916 853 proximum.

445 878 475 944 9.
498 880 619 942 Nobilis
642 880 800 962 Georgius
831 882 986 943 Szuchich
1010 883 1105 943 habet
1128 884 1256 945 domum
1280 887 1471 948 mediocrem
1494 886 1622 947 basibus

336 982 539 1069 indigentem,
556 998 587 1047 et
602 988 706 1066 paries
721 987 829 1049 ultima
852 988 1051 1067 reparatione
1066 1008 1104 1050 ex
1119 990 1261 1071 integro;
1274 994 1419 1054 horreum
1436 1014 1534 1053 unum
1550 994 1618 1054 sine

335 1096 464 1156 basibus
487 1094 586 1167 bonis,
608 1093 690 1154 aliud
714 1094 781 1155 sine
804 1103 895 1175 porta
909 1114 1002 1156 secus
1025 1097 1119 1156 ambo
1134 1097 1166 1157 in
1190 1107 1272 1158 statu
1304 1100 1395 1176 bono,
1429 1101 1524 1160 haras
1559 1100 1625 1179 pul·

335 1222 406 1263 cras
429 1203 529 1264 bonas
563 1203 603 1263 ad
639 1202 800 1263 clausuras
827 1201 857 1276 4,
884 1212 954 1281 post
978 1203 1096 1282 aliquot
1119 1224 1219 1265 annos
1252 1208 1432 1285 pavimento
1455 1207 1625 1287 indigebit;

336 1312 410 1372 item
444 1311 539 1371 haras
574 1311 734 1371 maialium
768 1312 808 1369 ad
840 1308 859 1369 3
892 1312 1054 1371 clausuras
1087 1311 1232 1390 antiquas
1263 1313 1293 1373 in
1325 1314 1408 1373 bono
1441 1321 1535 1392 statu,
1571 1334 1621 1374 ca·

337 1438 456 1478 meram
480 1419 626 1478 frumenti
649 1419 689 1479 ad
714 1419 794 1478 duas
818 1428 924 1496 portas
948 1437 1048 1479 novas
1071 1419 1189 1494 bonas;
1214 1420 1288 1480 item
1312 1440 1455 1481 cameras
1475 1422 1515 1481 ad
1543 1422 1622 1481 duas

339 1534 445 1605 portas
478 1526 624 1605 antiquas
655 1544 717 1586 una
749 1526 818 1585 basi
843 1526 1035 1605 indigentes;
1068 1527 1142 1586 item
1166 1528 1259 1587 aliam
1282 1546 1441 1589 cameram
1466 1529 1626 1609 antiquam

341 1634 466 1707 bonam,
498 1634 659 1695 fornacem
691 1634 861 1713 pistoream
886 1652 957 1693 cum
981 1634 1085 1693 culina
1107 1635 1191 1694 bono
1214 1644 1298 1695 tecto
1321 1655 1377 1715 per
1400 1636 1625 1717 negligentiam

340 1761 400 1801 non
425 1742 594 1820 provisam,
617 1748 730 1820 puteus
753 1760 864 1820 parurn
889 1743 1007 1803 valens.

449 1847 496 1909 10.
527 1848 646 1908 Nobilis
678 1848 834 1929 Georgius
869 1848 1024 1909 Szuchich
1056 1849 1152 1908 habet
1182 1849 1310 1909 domum
1334 1850 1457 1923 bonam,
1483 1850 1621 1909 ambitus

340 1956 491 2035 indigebit
514 1963 597 2016 tecto
621 1956 787 2028 asserice0,
811 1957 958 2015 borreum
979 1956 1140 2035 antiquum
1164 1956 1231 2016 sine
1255 1957 1339 2017 bona
1362 1967 1452 2036 porta
1476 1977 1568 2017 secus
1592 1959 1624 2017 in

339 2063 422 2123 bono
446 2072 537 2131 statu,
569 2064 663 2123 haras
694 2063 874 2123 animalium
906 2064 945 2124 ad
970 2062 991 2122 4
1019 2064 1181 2124 clausuras
1212 2064 1311 2125 bonas
1341 2065 1530 2143 pavimentis
1553 2074 1627 2143 post

343 2169 459 2248 aliquot
476 2189 575 2230 annos
591 2169 787 2230 inferioribus
799 2170 986 2249 indigentes
1003 2189 1161 2231 cameram
1177 2171 1323 2231 frumenti
1339 2191 1454 2231 novam
1471 2174 1512 2231 ad
1528 2191 1623 2232 unam

338 2278 524 2352 clausuram,
549 2278 642 2337 haras
667 2276 825 2337 maialium
850 2278 889 2337 ad
914 2298 1009 2337 unam
1031 2279 1208 2340 clausuram
1231 2281 1348 2353 bonas;
1380 2279 1456 2340 item
1479 2280 1621 2339 harulam

341 2384 489 2445 alatilium
514 2385 555 2444 ad
579 2404 673 2445 unam
697 2385 873 2444 clausuram
902 2385 1102 2461 mediocrem,
1126 2405 1269 2446 cameras
1293 2388 1334 2445 ad
1357 2386 1437 2446 duas
1460 2387 1622 2446 clausuras

341 2492 372 2552 in
396 2493 478 2552 bono
512 2500 595 2552 statu
627 2492 781 2570 antiquae,
808 2492 969 2551 fornacem
993 2491 1162 2570 pistoream
1187 2492 1346 2571 antiquam
1371 2492 1401 2552 in
1425 2493 1508 2553 bono
1531 2500 1626 2571 statu,

343 2607 471 2677 puteum
494 2601 590 2659 habet
614 2620 684 2659 cum
709 2600 811 2660 vicino
840 2600 1039 2662 mediocrem.

454 2706 501 2768 ll.
533 2707 652 2767 Nobilis
684 2709 817 2767 Ioannes
841 2708 930 2787 bapt
961 2707 1101 2787 Spissich
1135 2709 1230 2768 habet
1256 2709 1384 2769 domum
1409 2710 1569 2789 antiquam
1593 2710 1625 2768 in

339 2815 424 2876 bono
447 2825 541 2888 statu,
564 2814 631 2875 sine
656 2823 738 2875 tecto
761 2816 844 2875 bono
868 2816 899 2876 in
924 2816 1060 2890 ambitu,
1084 2817 1229 2876 horreum
1253 2835 1324 2876 cum
1348 2834 1473 2876 camera
1497 2816 1623 2889 bonum,

337 2942 463 2998 novum,
487 2923 622 2984 inferiori
638 2923 818 3002 pavimento
842 2923 873 2983 in
896 2942 1023 2984 camera
1044 2923 1204 3003 indigebit,
1231 2924 1326 2984 haras
1349 2923 1391 2983 ad
1413 2920 1434 2982 3
1458 2923 1621 2983 clausuras

339 3030 406 3090 sine
438 3030 529 3090 bonis
559 3029 764 3108 pavimentis;
798 3030 871 3090 item
907 3031 1001 3090 haras
1033 3030 1192 3090 maialium
1228 3050 1299 3090 cum
1329 3029 1437 3109 pojata
1466 3030 1499 3090 in
1530 3038 1621 3102 statu

337 3146 450 3214 puteus
472 3155 582 3216 parum
608 3138 699 3210 valet,
725 3137 885 3197 fornacem
908 3137 1079 3216 pistoream
1103 3138 1170 3197 sine
1193 3145 1277 3198 tecto
1300 3137 1393 3200 bono,

450 3243 497 3306 12.
522 3245 676 3304 Providus
692 3245 827 3304 Michael
853 3244 1030 3320 Humeljak,
1054 3245 1201 3306 dominae
1224 3246 1384 3305 Barbarae
1400 3245 1546 3305 Slrerlecz
1570 3264 1620 3304 co·

335 3353 438 3430 lonuS,
470 3353 566 3412 habet
596 3353 723 3412 domurn
757 3353 916 3432 antiquam
949 3353 1146 3431 reparatione
1182 3353 1383 3432 indigentem,
1418 3354 1512 3412 baras
1536 3352 1576 3412 ad
1600 3349 1620 3410 3

339 3461 501 3520 clausuras
525 3461 624 3520 bonas
649 3461 715 3520 sine
739 3460 822 3520 bono
839 3459 1204 3538 paviment0,ca1neram
1222 3460 1358 3520 adduas
1382 3469 1489 3538 portas
1505 3460 1621 3519 bonam

337 3567 404 3627 sine
428 3569 623 3646 pavimentis,
647 3568 806 3629 fornacem
837 3568 1007 3646 pistoream
1030 3568 1098 3627 sine
1121 3568 1204 3628 bono
1228 3576 1319 3633 tecto.

450 3673 498 3739 l3.
530 3675 649 3735 Nobilis
680 3677 859 3755 Stephanus
892 3675 1050 3736 Marlrulin
1073 3675 1169 3735 habet
1192 3675 1318 3735 domum
1343 3674 1505 3755 antiquam
1529 3693 1620 3735 secus

338 3784 370 3844 in
401 3783 549 3844 mediocri
588 3790 679 3858 statu,
711 3784 767 3844 sed
801 3791 978 3864 angustam,
1013 3782 1158 3842 nimirum
1194 3782 1334 3842 ultimum
1373 3783 1550 3843 cubiculum
1580 3783 1621 3843 de

338 3911 421 3952 novo
445 3891 470 3951 si
494 3891 628 3966 faceret;
644 3891 790 3950 borreum
816 3891 976 3971 antiquum
1001 3890 1168 3963 mediocre,
1185 3908 1344 3949 cameram
1367 3892 1408 3949 ad
1432 3891 1512 3950 duas
1535 3891 1622 3950 clau-

338 4019 429 4059 suras
460 3999 584 4072 bonam,
616 3999 683 4058 sine
714 3998 902 4077 pavimento,
936 3998 1031 4058 haras
1055 3998 1096 4057 ad
1128 3996 1149 4056 4
1182 3998 1344 4056 clausuras
1377 3997 1523 4077 antiquas
1553 3998 1620 4058 sine

332 4097 518 4185 ¹pavimento
541 4106 634 4178 bono,
657 4107 752 4165 haras
776 4105 934 4165 maialium
966 4105 1033 4165 sine
1058 4104 1239 4183 pavimento
1262 4123 1372 4178 novas,
1395 4105 1554 4165 fornacem
1578 4105 1623 4183 pi·

340 4222 477 4274 stoream
502 4232 558 4291 per
580 4213 805 4293 negligentiam
831 4212 912 4272 bono
936 4220 1020 4272 tecto
1043 4231 1106 4272 non
1130 4212 1298 4290 provisam,
1321 4220 1434 4289 puteus
1458 4232 1521 4271 non
1543 4213 1623 4272 adeo

337 4321 438 4380 bonus
463 4329 520 4381 est.

449 4426 496 4488 14.
520 4427 641 4487 Nobilis
670 4426 827 4506 Georgius
859 4426 1021 4486 Pavissich
1053 4428 1148 4487 habet
1179 4428 1306 4487 domum
1338 4427 1454 4487 bonam
1477 4427 1622 4488 omnibus

337 4535 523 4595 necessariis
556 4534 724 4612 provisam,
757 4545 881 4613 praeter
912 4543 1029 4595 tectum
1061 4536 1092 4594 in
1126 4535 1253 4609 ambitu,
1284 4535 1430 4594 horreum
1460 4535 1622 4615 antiquum

335 4643 532 4722 reparatione
557 4642 713 4722 indigem,
737 4661 895 4703 cameram
919 4645 959 4704 ad
983 4643 1063 4703 duas
1087 4644 1249 4703 clausuras
1272 4643 1372 4703 bonas
1395 4662 1504 4719 novas,
1526 4644 1622 4704 haras

336 4751 479 4830 antiquas
511 4752 551 4811 ad
585 4752 664 4811 duas
697 4751 858 4812 clausuras
892 4752 959 4812 sine
992 4752 1076 4812 bono
1103 4752 1284 4830 pavimento
1307 4751 1452 4828 inferiori,
1476 4769 1568 4812 secus
1591 4751 1622 4811 in

335 4859 482 4919 mediocri
518 4866 609 4931 statu,
645 4859 740 4918 haras
777 4859 935 4919 maialium
968 4860 1010 4919 ad
1043 4879 1138 4919 unam
1165 4867 1288 4938 portam
1320 4860 1430 4932 bonas,
1461 4857 1622 4917 fornacem

338 4967 507 5049 pistoream
531 4983 586 5044 per
610 4966 836 5046 negligentiam
863 4969 946 5027 malo
969 4974 1054 5027 tecto
1078 4967 1245 5045 provisam.
