3934 5550
1009 691 1116 761 288.

528 902 619 958 Anno
649 895 740 959 1831.
764 896 794 959 4.
818 894 1005 955 novembris.
1034 894 1184 951 Viennae.

425 1094 634 1159 Franciscns
661 1090 701 1156 ll.
725 1087 933 1175 Hungoriaa
956 1090 1015 1151 etc.
1038 1106 1107 1165 rex,
1131 1083 1285 1168 duplices
1309 1077 1489 1144 nundinas
1512 1073 1614 1161 Nagy
1635 1073 1702 1139 Go-

625 1198 740 1263 riczaa
764 1200 795 1260 ei
819 1196 856 1261 in
880 1194 1088 1259 Dubranecz
1112 1189 1331 1256 celebrandos
1353 1182 1499 1272 confert.

519 1396 623 1460 11525

483 1674 486 1679 ·
527 1651 592 1710 Nos
624 1648 808 1708 Franciscus
839 1646 956 1726 primus
987 1644 1094 1704 divina
1123 1644 1249 1703 favente
1277 1636 1443 1699 clementia
1465 1633 1612 1694 Austriae
1644 1630 1699 1689 im·

422 1770 552 1835 perator,
591 1757 835 1832 Hierosolymae,
871 1754 1062 1833 Hungariae,
1098 1750 1278 1821 Bohemiae,
1316 1746 1504 1820 Dalmatiae,
1541 1739 1700 1814 Croatiae,

421 1864 596 1937 Slavoniae,
620 1862 769 1923 Gallio-iae
793 1871 825 1921 et
848 1860 1054 1921 Lodomeriae
1081 1877 1134 1918 rex
1155 1856 1353 1936 apostolicus,
1378 1852 1526 1913 archidux
1545 1846 1700 1917 Austriae‚

421 1973 482 2032 dux
514 1969 744 2049 Lotharingiae‚
779 1968 961 2048 Salisburgi,
995 1966 1181 2045 Vireeburgi
1212 1975 1244 2025 et
1278 1964 1309 2023 in
1342 1953 1534 2031 Franconia';
1566 1971 1702 2034 magnus

420 2078 483 2139 dux
513 2076 705 2149 Cracoviae3
738 2096 872 2155 magnus
906 2077 1051 2154 princeps
1082 2068 1346 2149 Transylvaniae;
1379 2070 1441 2130 dux
1473 2066 1606 2142 Styriae,
1636 2061 1700 2121 Ca·

420 2186 552 2247 rinthiae
576 2195 607 2244 et
630 2184 817 2257 Carnioliae,
837 2184 1013 2261 Superioris
1030 2193 1062 2244 et
1077 2182 1234 2244 Inferioris
1250 2179 1396 2252 Silesiae;
1421 2176 1567 2253 princeps
1584 2169 1700 2230 Berch·

422 2294 648 2374 toldsgadenae
669 2302 701 2353 et
723 2292 969 2372 Mergenthenii3
1003 2312 1110 2353 comes
1142 2286 1334 2368 Habsburgii
1367 2294 1425 2347 etc.
1450 2291 1508 2345 etc.
1531 2278 1703 2341 memoriae

420 2401 677 2463 commendamus
709 2409 817 2460 tenore
849 2401 1061 2479 praesentium
1094 2399 1310 2479 significantes
1340 2393 1453 2473 quibus
1481 2386 1607 2467 expedit
1630 2386 1702 2445 uni-

422 2510 530 2585 versis,
553 2510 637 2589 quod
661 2528 717 2569 nos
741 2526 811 2569 curn
836 2509 877 2568 ad
900 2508 1104 2568 humillimam
1127 2504 1265 2569 fidelium
1288 2510 1466 2592 nostrorum
1489 2494 1702 2577 egregiorum,

422 2617 632 2677 universitatis
655 2615 804 2677 nobilium
827 2614 941 2694 Campi
965 2616 1146 2694 Turopolya
1168 2610 1437 2691 supplicationem,
1460 2615 1527 2666 tum
1550 2620 1628 2663 vero
1642 2600 1701 2659 uti-

421 2724 515 2787 litatis
550 2734 581 2785 et
615 2724 771 2786 commodi
802 2732 866 2784 tam
899 2723 956 2784 lori
987 2724 1125 2804 ipsorum
1154 2722 1249 2802 Nagy
1272 2718 1407 2780 Goricza
1430 2714 1513 2791 dicti,
1537 2706 1698 2771 comitatui

423 2833 628 2914 Zagrabiensi
659 2832 845 2912 ingremiati,
879 2840 970 2911 prout
1004 2841 1035 2891 et
1066 2831 1193 2892 alterius
1225 2831 1256 2889 in
1290 2825 1490 2908 possessione
1521 2819 1707 2879 Dubranecz

423 2942 464 3002 ad
488 2941 653 3002 ecclesiam
684 2939 896 3019 parochialem
916 2940 1089 3024 ,existentis
1122 2939 1207 2999 latae
1234 2934 1446 2998 universitatis
1468 2929 1536 3002 lori,
1559 2945 1654 3006 quam
1678 2933 1710 2983 et

424 3049 491 3110 aliis
523 3047 750 3108 circumvicinis
783 3047 859 3107 locis
892 3047 1086 3125 procurandi
1118 3065 1224 3122 causa,
1246 3046 1278 3105 id
1302 3039 1488 3131 supplicanti
1516 3029 1711 3097 universitati

426 3155 573 3216 nobilium
591 3153 741 3234 praedicti
762 3154 875 3234 Campi
893 3156 1082 3235 Turopolya,
1098 3157 1137 3216 de
1154 3155 1261 3235 regiae
1285 3150 1449 3232 potestatis
1465 3153 1591 3207 nostrae
1614 3139 1711 3220 pleni-

425 3263 531 3324 tudine
550 3271 581 3323 et
600 3261 702 3342 gratia
722 3261 849 3339 speciali
869 3253 1040 3323 clementer
1059 3263 1260 3323 annuendum
1277 3269 1308 3320 et
1323 3258 1459 3338 benigne
1476 3248 1711 3315 eoncedendum

425 3370 621 3431 duxerimus:
647 3379 680 3428 ut
697 3388 717 3429 a
733 3369 827 3429 modo
843 3369 875 3428 in
888 3377 1050 3448 posterum
1067 3367 1179 3432 futuris
1194 3379 1226 3430 et
1241 3366 1401 3448 perpetuis
1417 3378 1542 3441 semper
1565 3350 1711 3433 tempori·

426 3479 527 3538 busin
540 3483 796 3557 praenuncupato
813 3479 987 3538 eorundem
997 3479 1064 3539 loro
1081 3479 1175 3559 Nagy
1189 3477 1323 3538 Goricza
1335 3475 1427 3548 dieto,
1451 3467 1582 3548 duplicis
1594 3460 1712 3524 ordinis

427 3587 578 3647 annuales
590 3587 757 3659 nundinae,
769 3592 800 3646 et
812 3586 939 3666 quidem
958 3587 1050 3665 primi
1062 3587 1179 3648 ordinis
1201 3587 1252 3648 die
1262 3587 1385 3648 decima
1400 3582 1508 3664 quinta
1525 3573 1642 3638 mensis
1658 3589 1710 3631 oc-

423 3695 521 3774 g'obris
534 3713 590 3755 seu
600 3693 680 3754 festo
692 3701 820 3754 sanctae
831 3694 1010 3768 Theresiae,
1020 3695 1147 3754 alterius
1158 3683 1262 3756 autem
1275 3696 1391 3756 ordinis
1404 3693 1455 3754 die
1465 3691 1588 3752 decima
1597 3687 1710 3763 quarta

427 3801 543 3862 mensis
556 3800 739 3875 decembris,
756 3800 785 3860 id
802 3809 850 3861 est
866 3800 916 3861 die
929 3802 1043 3862 lestum
1060 3809 1188 3863 sanctae
1204 3803 1321 3864 Luciae
1337 3809 1498 3881 sequente,
1512 3815 1604 3878 porro
1621 3795 1652 3854 in
1667 3786 1710 3852 al·

424 3919 491 3970 tero
523 3908 555 3968 in
579 3909 777 3988 possessione
802 3909 989 3970 Dubranecz
1013 3910 1053 3970 ad
1077 3910 1191 3971 eiatem
1220 3911 1385 3972 ecclesiam
1413 3899 1623 3988 parochialem
1648 3904 1710 3965 exi-

427 4025 545 4092 stente3
569 4025 783 4095 praeattactae
807 4016 955 4078 nobilium
973 4017 1184 4078 universitatis
1200 4018 1277 4092 loro,
1293 4018 1401 4079 itidem
1425 4017 1578 4098 dupplicis
1594 4015 1712 4076 ordinis

426 4127 577 4186 annuales
601 4125 768 4199 nundinae,
791 4124 954 4205 signanter
969 4125 1062 4204 primi
1083 4127 1201 4188 ordinis
1224 4127 1275 4188 die
1299 4126 1462 4207 trigesima
1485 4124 1602 4186 mensis
1625 4123 1711 4196 iunii,

422 4252 479 4294 seu
502 4232 553 4293 die
586 4232 699 4294 festum
728 4241 909 4293 sanctorum
943 4232 1028 4292 Petri
1051 4241 1083 4292 et
1105 4233 1195 4294 Pauli
1233 4236 1446 4313 apostolorum
1477 4241 1638 4313 sequente,
1662 4250 1710 4290 se·

422 4339 515 4402 cundi
546 4339 662 4400 ordinis
695 4357 769 4399 vero
801 4340 957 4420 vigesimo
987 4341 1097 4422 quinta
1129 4341 1246 4400 mensis
1279 4341 1467 4416 novembris,
1492 4360 1549 4402 seu
1573 4339 1604 4399 in
1629 4339 1709 4400 sesto

424 4438 554 4508 sanctae
571 4439 771 4523 Catharinae,
792 4448 849 4507 sub
871 4448 1015 4508 omnibus
1031 4448 1069 4508 iis
1085 4448 1279 4510 libertatibus
1296 4459 1327 4509 et
1343 4449 1582 4529 praerogativis,
1599 4448 1711 4528 quibus

425 4554 556 4616 aliarum
591 4552 758 4614 liberarum
791 4563 823 4616 et
857 4553 1018 4636 regiarum
1053 4555 1214 4616 civitatum
1247 4565 1435 4632 nostrarum,
1463 4557 1711 4637 oppidorumque

424 4671 455 4722 et
486 4661 628 4722 villarum
660 4661 777 4722 liberae
813 4662 980 4736 nundinae,
1015 4683 1071 4723 seu
1102 4663 1171 4724 lora
1202 4664 1351 4726 annualia
1372 4665 1482 4748 ¹libera
1504 4665 1712 4740 celebrantur,

424 4768 574 4829 celebrari
607 4769 726 4846 possint
757 4789 795 4830 ac
826 4771 959 4842 valeant,
995 4789 1035 4830 ea
1066 4779 1175 4831 tamen
1199 4791 1256 4851 per
1284 4791 1468 4851 expressum
1493 4769 1712 4833 adiecta'‘eum

427 4875 646 4950 declaratione,
663 4885 696 4934 ut
712 4876 764 4935 ubi
780 4875 847 4954 ipsa
869 4895 1022 4938 annorum
1038 4879 1119 4938 serie
1135 4879 1327 4957 praemissae
1344 4879 1544 4940 celebrationi
1560 4881 1711 4940 nundina·

426 5004 492 5043 rum
518 4982 647 5061 praefixi
670 4983 745 5058 dies,
769 4983 798 5043 in
824 4985 906 5044 diem
923 4985 1122 5063 dominicum,
1140 4995 1194 5045 aut
1209 4985 1268 5045 lori
1284 4987 1398 5047 festum
1416 4987 1587 5064 inciderint,
1604 5008 1711 5048 casum
