3934 5550
391 418 457 481 348

391 637 516 696 modam
541 633 670 694 basibus
693 641 724 692 et
746 633 836 692 trabe
857 643 891 691 et
914 640 998 691 tecto
1021 631 1223 710 indigentem,
1255 631 1401 691 horreum
1424 629 1550 700 bonum,
1575 628 1669 688 haras

393 744 433 803 ad
459 743 540 802 duas
562 742 723 802 clausuras
747 741 855 813 bonas,
871 740 1021 798 ambitum
1039 738 1151 798 nullius
1168 738 1284 797 valoris
1299 738 1498 816 reparatione
1513 744 1670 815 egentem.

502 866 554 928 4l.
578 867 718 926 Thomas
742 867 765 925 F
768 865 953 941 abjanchich
976 865 1072 924 habet
1102 865 1228 924 domum
1259 865 1375 924 bonam
1411 863 1442 922 id
1466 871 1514 922 est
1537 861 1669 940 primum

396 975 582 1048 cubiculum,
613 973 753 1034 ultimum
778 973 845 1034 siue
869 973 1020 1052 superiori
1044 973 1233 1050 pavimento,
1263 973 1358 1032 haras
1390 972 1430 1031 ad
1461 988 1556 1030 unam
1588 971 1670 1029 clau·

392 1101 498 1142 suram
524 1083 633 1156 bonas,
657 1100 713 1160 pro
738 1081 798 1140 alia
823 1083 966 1140 clausura
990 1079 1110 1159 indiget
1133 1079 1303 1154 roboribus,
1328 1080 1389 1138 alia
1412 1078 1496 1138 nulla
1520 1077 1670 1141 aedificia.

500 1205 552 1266 42.
577 1207 714 1266 Mathias
737 1205 949 1282 Fabjanchich
981 1206 1076 1267 habet
1107 1207 1233 1265 domum
1265 1207 1390 1281 bonam,
1414 1204 1564 1264 ambitum
1601 1221 1669 1281 per·

393 1317 509 1394 pluum,
527 1333 652 1375 camera
675 1333 773 1393 penes
797 1314 924 1374 domum
949 1314 1007 1372 sub
1031 1332 1093 1372 uuo
1116 1322 1199 1372 tecto
1223 1313 1343 1392 indiget
1365 1313 1553 1391 paviment0,
1577 1311 1671 1369 haras

393 1423 537 1502 antiquas
562 1423 602 1482 ad
626 1442 719 1482 unam
744 1423 930 1494 clausuram,
954 1440 1011 1500 pro
1034 1422 1095 1481 alia
1119 1423 1262 1481 clausura
1287 1421 1391 1480 adhuc
1415 1419 1542 1500 indiget.

499 1545 551 1609 43.
587 1547 724 1607 Mathias
749 1545 935 1607 Chunchich
959 1548 1107 1607 Blasinko
1142 1547 1243 1620 zvani,
1278 1547 1373 1606 habet
1396 1546 1523 1606 domum
1547 1546 1671 1620 bonam,

394 1673 491 1734 penes
516 1655 650 1714 eandem
676 1655 833 1713 camerula
859 1661 907 1713 est
929 1655 1084 1732 privativa
1099 1654 1240 1713 Mathiae
1255 1653 1399 1733 antiqua,
1422 1653 1496 1713 item
1513 1653 1671 1712 camerula

394 1761 516 1840 losephi
540 1780 624 1821 nova
647 1761 730 1820 bona
755 1761 821 1820 sine
845 1768 937 1836 tecto,
960 1761 1055 1820 haras
1087 1760 1231 1839 antiquas
1262 1779 1386 1840 magna·
1403 1759 1601 1837 reparatione
1625 1759 1668 1816 in-

392 1868 545 1948 digentes,
569 1868 745 1928 horreolum
770 1867 930 1947 antiquum
955 1868 1022 1927 sine
1046 1877 1144 1947 porta

500 1999 551 2062 44.
576 2002 693 2061 Paulus
716 2000 901 2062 Chunchich
916 2003 1126 2078 Szmilyanich
1150 2001 1260 2075 dictus,
1280 2001 1407 2060 domum
1434 2001 1529 2059 habet
1555 2000 1668 2059 bonam

393 2110 521 2170 basibus
545 2109 746 2189 indigentem,
771 2109 919 2169 ambitum
944 2110 1038 2170 etiam
1062 2110 1226 2187 perpluum
1249 2109 1345 2168 habet
1370 2117 1401 2168 et
1429 2107 1589 2168 fornacem
1623 2107 1666 2184 pi·

394 2225 540 2303 stoream,
565 2216 684 2298 indiget
708 2217 874 2292 asseribus,
891 2217 1036 2277 horreum
1052 2217 1168 2277 bonum
1192 2216 1260 2276 sine
1283 2225 1382 2294 porta,
1406 2224 1437 2275 et
1461 2234 1558 2295 penes
1572 2214 1669 2274 loeui·

393 2325 510 2406 legium
533 2325 659 2400 bonum,
681 2325 792 2410 barras
815 2325 915 2385 bonas
939 2325 1119 2404 pavimento
1143 2324 1279 2384 interiori
1303 2323 1499 2385 necessarias
1523 2324 1601 2402 plus.

498 2457 551 2520 45.
575 2459 691 2517 Paulus
707 2456 890 2517 Chunchich
914 2457 1028 2532 Zajecz
1053 2459 1161 2530 dictus,
1185 2458 1280 2517 habet
1304 2458 1431 2517 domum
1448 2457 1563 2516 bonam
1586 2455 1672 2534 pavi·

393 2574 499 2626 mento
520 2566 552 2626 in
576 2565 684 2626 ultimo
700 2565 842 2625 cubiculo
862 2565 1065 2644 indigentem,
1081 2567 1226 2625 horreum
1240 2566 1356 2625 bonum
1373 2565 1500 2625 basibus
1518 2564 1671 2644 indigens,

393 2692 551 2734 cameram
572 2673 775 2732 domesticam
800 2692 894 2732 unam
920 2673 1043 2746 bonam,
1066 2673 1162 2732 haras
1194 2673 1367 2732 mediocres
1391 2671 1571 2750 pavimento
1593 2670 1671 2730 inle-

394 2783 466 2842 riori
500 2781 706 2855 necessarias
740 2801 897 2841 cameram
936 2782 1061 2840 novitus
1083 2782 1198 2842 factam
1235 2782 1302 2841 sine
1332 2790 1416 2841 tecto
1450 2780 1670 2852 domesticam3

392 2890 464 2951 item
499 2890 689 2951 camerulam
727 2890 886 2968 antiquam
921 2888 1125 2949 domesticam
1161 2889 1367 2963 mediocrem;
1402 2888 1476 2947 item
1511 2887 1669 2947 camerula

394 2998 524 3077 Georgii
548 2997 671 3075 privata
696 2996 832 3075 antiqua,
868 2996 1027 3055 chardaka
1051 2996 1235 3075 inspectoris
1259 2997 1382 3055 Ioannis
1405 2996 1527 3074 Evang.
1544 2995 1668 3054 novitus

393 3113 558 3165 exstructa.
666 3136 670 3145 ·=

500 3228 552 3292 46.
575 3231 726 3308 Iosephus
750 3228 1130 3288 Chunchich'lvanchecz
1154 3230 1264 3304 dictus,
1288 3230 1414 3287 domum
1431 3229 1526 3288 habet
1545 3228 1669 3300 bonam,

392 3340 538 3398 horreum
564 3337 723 3415 antiquum
748 3348 837 3414 porta
861 3336 1014 3416 indigem,
1037 3329 1132 3396 haras
1156 3337 1299 3415 antiquas
1331 3337 1430 3394 bonas
1466 3336 1506 3395 ad
1530 3334 1551 3393 4
1587 3336 1668 3395 clau-

391 3465 489 3518 suras,
514 3445 647 3503 culinam
671 3442 857 3503 forinsecam
881 3443 1005 3517 bonam,
1028 3444 1098 3522 plus
1121 3444 1193 3502 nihil
1217 3444 1313 3503 habet

497 3567 550 3631 47.
575 3570 718 3629 Andreas
742 3568 924 3629 Chunchich
958 3569 1129 3629 lvanchecz
1152 3569 1261 3642 dictus,
1290 3570 1386 3629 habet
1410 3570 1584 3628 cubiculum
1609 3570 1670 3647 pri·

398 3695 481 3737 mum
506 3676 621 3735 bonum
646 3685 676 3734 et
700 3676 842 3737 culinam.
867 3685 938 3753 post
960 3676 1095 3735 culinam
1118 3676 1212 3737 habet
1236 3675 1267 3735 in
1291 3675 1442 3736 columnis
1468 3675 1670 3755 foenilegium

393 3802 507 3843 novum
531 3784 655 3856 bonum,
680 3784 869 3841 camerulam
893 3802 1017 3854 novam,
1041 3792 1139 3841 totum
1164 3783 1221 3842 sub
1245 3802 1308 3842 uno
1331 3791 1423 3857 tecto,
1446 3784 1588 3843 harulam
1613 3803 1670 3862 pro

392 3890 513 3949 duabus
545 3890 666 3962 vaccis;
699 3890 773 3947 item
790 3878 935 3950 'harulas
967 3908 1082 3967 parvas
1118 3908 1174 3967 pro
1204 3890 1368 3949 maialibus
1396 3902 1521 3963 novae,
1538 3890 1670 3967 amplius

391 3996 472 4056 nihil.
858 4000 861 4005 '

497 4118 549 4181 48.
573 4120 729 4197 Georgius
753 4120 936 4182 Chunchich
953 4122 1065 4200 Spolar
1089 4122 1197 4198 dictus,
1221 4122 1316 4181 habet
1331 4122 1458 4182 domum
1482 4123 1597 4182 bonam
1613 4123 1667 4183 ba·

393 4229 479 4289 sibus
503 4228 704 4309 indigentem,
721 4248 877 4289 cameram
903 4248 997 4289 unam
1022 4248 1091 4289 cum
1120 4230 1285 4310 foenilegio
1308 4230 1367 4289 sub
1382 4249 1445 4289 uno
1460 4238 1552 4304 tecto,
1575 4231 1669 4291 haras

393 4336 537 4415 antiquas
561 4336 743 4411 mediocres,
768 4335 849 4395 aliud
874 4336 947 4394 uihil
971 4337 1074 4395 habet.

497 4461 549 4523 49.
581 4462 715 4521 Michael
745 4462 927 4524 Chunchich
960 4464 1149 4523 Mihachlmv
1178 4464 1289 4539 dictus,
1312 4465 1407 4525 habet
1430 4465 1556 4523 domum
1591 4466 1668 4523 auti-

391 4589 484 4649 quam
510 4589 649 4649 parvam,
673 4580 741 4648 post
774 4571 867 4661 hancv
891 4572 1054 4649 parvulum
1086 4571 1296 4651 foenilegium,
1319 4572 1414 4631 haras
1439 4574 1547 4647 bonas,
1571 4592 1669 4650 penes

392 4678 573 4757 contiguum
597 4677 796 4757 foenilegium
822 4679 973 4739 columnis
997 4680 1156 4757 provisum
1171 4680 1296 4750 bonum,
1321 4681 1453 4759 amplius
1477 4681 1551 4740 nihil
1566 4682 1669 4739 habet

498 4801 549 4865 50.
573 4802 711 4863 Mathias
735 4804 871 4863 l.uchicl1
895 4806 1029 4880 Zrelyak
1053 4806 1163 4879 dictuS,
1187 4806 1281 4865 habet
1304 4806 1430 4865 domum
1465 4807 1579 4867 bonam
1614 4807 1668 4865 ba·

395 4910 479 4971 sibus
513 4910 703 4989 indigentem
745 4920 774 4969 et
807 4920 887 4971 tecto
921 4913 1025 4990 aliqua
1056 4934 1093 4972 ex
1126 4924 1224 4991 parte,
1255 4914 1349 4973 haras
1381 4915 1420 4973 ad
1454 4912 1473 4971 3
1507 4914 1668 4973 clausuras
