3934 5550
391 396 455 465 266

390 626 577 680 trecentos«.
600 613 736 702 (ceteris
758 614 917 701 emissus).
956 618 1053 680 »Item
1084 628 1168 679 totus
1192 625 1297 679 autern
1328 616 1493 679 comitatus
1516 617 1667 699 Zagrabi·

390 724 483 798 ensis,
507 732 638 802 excepto
662 724 785 804 Campo
810 727 999 805 Turopolya,
1023 726 1104 785 intra
1134 725 1366 786 Carlostadium
1402 735 1433 786 et
1466 725 1667 799 Szredichlro,

387 831 555 893 Crisiensis
584 850 659 893 vero
695 852 765 891 cum
789 832 912 913 Campo
936 833 1117 912 Turopolya
1141 835 1181 893 ad
1205 832 1299 907 Gore,
1322 834 1563 894 Varasdinensis
1588 851 1663 893 vero

387 941 428 1001 ad
451 939 637 1000 Farkassich
663 949 766 1001 castra
790 941 959 1015 metabunt,
983 941 1146 1001 ulteriores
1169 940 1283 1001 ibidem
1308 960 1385 1002 suae
1408 942 1515 1003 excell.
1538 940 1659 1001 banalis

389 1046 515 1108 ordines
538 1048 787 1125 praestolaturi«.

493 1168 693 1238 Eprotocollo
714 1172 791 1241 regni
811 1187 944 1241 congreg.
965 1186 989 1225 a.
1009 1170 1087 1226 17³7.
1101 1188 1127 1240 p.
1147 1172 1209 1227 too.
1228 1172 1290 1227 451.
1319 1172 1350 1227 ln
1369 1172 1483 1227 archivo
1512 1186 1664 1243 regnorum

387 1254 428 1323 C,
447 1258 474 1312 S.
494 1264 523 1311 ct
541 1258 575 1311 D.
595 1259 756 1329 Zagrabiae.

501 1691 594 1752 Anno
622 1687 714 1751 1737.
743 1689 791 1771 11.
815 1689 899 1754 iunii.
922 1691 1109 1773 Zagrabiae.

498 1886 615 1949 Comes
639 1886 790 1965 losepbus
821 1888 1024 1965 Eszterhazy,
1055 1888 1164 1961 banus,
1196 1888 1399 1970 Sigismundo
1429 1890 1576 1950 Skerlecz
1608 1890 1671 1949 tab.

389 1996 578 2071 iudiciariae,
593 2014 716 2075 regnor.
734 1995 918 2069 Dalmatiae,
936 1995 1084 2056 Croatiae
1101 2005 1132 2056 et
1147 1997 1333 2058 Sclavoniae
1350 1998 1550 2059 subalternae
1566 2016 1668 2057 asses-

390 2105 462 2180 sori,
486 2114 516 2165 et
540 2104 655 2183 Campi
677 2105 857 2183 Turopolya
874 2104 978 2164 comiti
1003 2102 1225 2181 (Lomniczae),
1249 2106 1288 2165 de
1312 2105 1498 2165 stationibus
1513 2104 1673 2185 Zagrabia

389 2233 488 2292 usque
505 2212 589 2273 Gore
605 2212 637 2272 in
652 2212 794 2289 Mrazlin,
809 2210 920 2273 Czerie
938 2220 969 2273 et
985 2213 1172 2273 Farkassicb
1189 2212 1363 2274 constitutis
1380 2214 1495 2288 scribit,
1519 2232 1537 2273 e
1559 2212 1673 2293 quibus

390 2320 481 2399 pagis
505 2320 625 2380 incolae
641 2320 681 2379 ad
696 2319 908 2399 deportandas
923 2319 1029 2381 literas
1047 2320 1253 2399 undecunque
1278 2340 1315 2381 ex
1340 2329 1559 2400 campamento
1576 2319 1670 2379 adve-

391 2427 513 2487 nientes
536 2426 721 2507 obligantur,
754 2437 787 2486 ut
822 2446 860 2487 eo
884 2426 1005 2488 lacilius
1039 2427 1219 2507 regnicolas
1249 2428 1332 2488 circa
1364 2427 1566 2488 oeconomias
1595 2444 1670 2487 suas

392 2535 612 2615 dispositiones
645 2535 749 2596 lacere
781 2535 910 2615 possint,
941 2536 1132 2614 mandatque
1165 2534 1232 2614 ipsi,
1264 2542 1420 2614 quatenus
1450 2532 1673 2613 dispositiones

394 2642 498 2717 iaciat,
521 2650 555 2703 ut
586 2618 694 2704 literae
724 2642 883 2724 Zagrabia
906 2643 936 2703 in
968 2651 1220 2723 campamentum
1244 2642 1391 2717 directae,
1424 2644 1465 2703 ad
1496 2642 1608 2703 Czerie
1639 2652 1670 2702 et

393 2750 530 2813 vicissim
555 2770 593 2813 ex
617 2750 729 2812 Caerie
754 2751 947 2812 adventurae
979 2752 1080 2813 isthuc
1103 2750 1302 2833 Zagrabiam,
1333 2750 1414 2812 illico
1444 2750 1674 2825 tansmitantur,

394 2859 509 2939 detque
533 2859 626 2919 iudici
650 2857 868 2918 lllraczlinensi
885 2859 1026 2918 strictum
1050 2859 1241 2934 mandatum,
1265 2867 1420 2938 quatenus
1435 2857 1487 2918 illa
1501 2857 1673 2918 attentione

393 2966 547 3027 eiusmodi
570 2967 676 3027 literas
700 2965 835 3044 excipiat
858 2974 890 3025 et
913 2973 1106 3044 promoveat,
1128 2985 1168 3025 ne
1193 2965 1303 3044 aliquis
1326 2966 1468 3026 defectus
1503 2973 1674 3046 emergeat,

394 3083 623 3153 consequenter
646 3093 735 3135 mora
759 3073 852 3133 etiam
878 3091 917 3132 ne
942 3072 1076 3150 eveniat,
1099 3073 1239 3133 eiusdem
1264 3073 1401 3133 incuriae
1425 3072 1493 3133 sive
1511 3071 1673 3153 negligen-

394 3183 456 3244 tiae
492 3183 670 3262 imputetur,
707 3181 841 3261 hincque
876 3199 1009 3242 severae
1032 3181 1295 3242 animadversioni
1329 3179 1414 3242 idem
1448 3181 1542 3242 iudex
1578 3179 1671 3241 subii·

395 3291 502 3351 ciatur.

499 3394 645 3466 Originale
671 3395 861 3460 chartaceum,
886 3411 903 3448 a
930 3401 1013 3466 tergo
1037 3411 1205 3463 appressum
1231 3393 1363 3465 sigillum,
1387 3410 1445 3463 quo
1469 3394 1551 3448 litera
1578 3392 1675 3447 clausa

392 3491 460 3539 erat.
480 3485 510 3538 ln
531 3485 645 3540 archivo
664 3500 804 3539 commun.
825 3486 891 3539 nob.
911 3485 948 3538 de
966 3483 1128 3554 Turopolje.

983 3767 1088 3838 21³.

500 3969 592 4029 Anno
619 3966 711 4029 1737.
740 3965 787 4032 19.
811 3967 994 4029 decembris.

395 4161 516 4227 Cernes
546 4159 711 4247 Iosephus
740 4160 962 4246 Eszlerlruzy,
996 4159 1160 4226 vaivodae
1191 4159 1325 4226 Mixich
1344 4162 1521 4248 praecipit,
1551 4166 1592 4228 ul
1621 4161 1675 4228 vel

392 4268 615 4333 vaivodatum
640 4271 703 4334 aut
729 4269 989 4352 capitoneatum
1020 4267 1144 4354 Campi
1179 4267 1366 4354 Turopolia
1393 4269 1563 4352 resignet,
1590 4291 1672 4335 nam

721 4375 820 4441 ambo
843 4373 963 4460 officia
983 4395 1107 4460 gerere
1130 4396 1200 4442 non
1220 4377 1340 4462 potest.
1415 4424 1420 4434 .

607 4573 742 4634 Domino
765 4571 919 4634 vaivodae
943 4573 1060 4634 Mixich
1085 4573 1298 4634 intimandum.

409 4677 412 4684 ¹
501 4699 673 4778 Fidedigne
704 4699 794 4760 nobis
822 4700 963 4776 relatum,
994 4699 1249 4760 communitatem
1273 4698 1387 4778 Campi
1418 4701 1597 4779 Turopolya
1625 4718 1673 4760 re·

394 4808 617 4868 staurationem
642 4807 844 4886 magistratus
875 4807 922 4866 sui
950 4807 1001 4866 die
1037 4804 1084 4870 13.
1117 4806 1249 4866 labentis
1284 4807 1385 4882 modo⁴
1409 4808 1611 4867 tumultuario
1643 4816 1675 4867 et

394 4915 581 4978 scandaloso
604 4923 697 4993 atque
722 4915 802 4974 adeo
825 4933 895 4974 cum
921 4915 1002 4974 iusta
1025 4913 1250 4993 disciplinentia
1280 4923 1387 4974 nostra
1417 4922 1449 4976 et
1480 4914 1511 4974 in
1542 4914 1672 4975 manile·
