3934 5550
1499 436 1565 501 213

284 649 420 709 nandam
445 648 540 722 obire,
560 656 713 728 pactoque
739 650 792 709 tali
816 658 996 710 constanter
1019 654 1051 716 et
1073 649 1269 710 contiuanter
1285 650 1562 723 indiscriminatim,

283 766 489 835 respectuque
513 756 579 815 sine
604 757 688 815 omni
712 756 923 817 castrensibus
946 756 1060 819 muniis
1084 757 1267 817 satisfacere
1291 759 1441 837 possint«.

389 862 531 942 Denique
555 862 614 941 ipsi
638 865 781 924 mandat:
809 884 890 925 »non
914 864 1009 924 modo
1033 864 1207 945 praemisso
1223 866 1478 946 congregationis
1501 876 1561 928 ter·

281 970 366 1029 mino
389 971 593 1048 personaliter
625 972 746 1047 adesse,
771 972 826 1031 sed
850 971 944 1032 etiam
968 972 1012 1031 ita
1035 979 1067 1038 et
1089 990 1156 1048 sua,
1188 991 1378 1051 suorumque
1401 974 1563 1034 hominum

282 1078 340 1137 sibi
363 1074 573 1139 subiectorum
597 1078 771 1156 disponere,
795 1096 857 1157 quo
881 1078 1044 1138 nobiscum
1067 1079 1098 1138 in
1123 1078 1234 1139 castris
1257 1077 1452 1156 decursura¹,
1476 1082 1561 1141 beni·

281 1204 378 1265 gnam
413 1205 490 1245 suae
525 1185 698 1245 maiestatis
734 1204 844 1245 sacrae
876 1194 1012 1245 mentem
1043 1185 1223 1264 adimplere,
1258 1205 1398 1266 suaeque
1432 1197 1563 1248 eatenus

281 1294 450 1374 homagiali
473 1294 504 1354 in
528 1292 802 1353 clementissimum
827 1294 988 1353 dominum
1011 1292 1195 1353 subiectioni
1219 1294 1409 1370 satisfacere,
1434 1305 1466 1355 et
1489 1316 1560 1356 exe-

280 1401 438 1460 cutionum
473 1401 673 1461 incommoda
705 1419 761 1479 per
797 1400 950 1461 eiusmodi
984 1410 1163 1480 promptam
1197 1400 1401 1461 intimationis
1436 1414 1562 1464 nostrae

280 1508 477 1569 affectionem
510 1527 529 1568 a
560 1529 593 1569 se
625 1517 656 1568 et
687 1508 751 1597 suis
783 1508 873 1569 bonis
907 1517 1050 1569 avertere
1083 1507 1190 1586 possit,
1215 1528 1309 1587 quam
1332 1509 1365 1568 in
1389 1528 1464 1569 casu
1488 1530 1563 1571 con·

278 1616 373 1675 trario
397 1635 467 1676 sese
492 1624 690 1695 experturam
714 1616 890 1675 nullatenus
914 1615 1067 1676 diffidat«.

383 1755 529 1827 Originale
557 1757 748 1822 chartaceum,
767 1772 783 1809 a
802 1762 884 1826 tergo
913 1772 1081 1824 appressum
1110 1755 1242 1826 sigillum,
1270 1772 1328 1824 quo
1356 1757 1437 1810 litera
1465 1758 1562 1811 clausa

277 1852 345 1898 erat.
366 1847 395 1899 ln
416 1846 530 1899 archivo
549 1862 691 1899 commun.
710 1846 776 1899 nob.
797 1846 834 1899 de
853 1846 1016 1915 Turopolje.

386 1972 395 2001 ¹
415 1972 536 2027 scilicet:
555 1973 712 2027 dominatio
731 1980 834 2027 vestra.

868 2274 972 2351 109.

380 2478 473 2537 Anno
503 2474 595 2541 1695.
618 2474 647 2537 3.
673 2477 866 2555 septembris.
890 2477 924 2536 ln
950 2476 1180 2538 Keresztinecz.

271 2672 431 2735 Adamas
454 2670 494 2734 da
519 2670 679 2755 Batiyan,
702 2668 822 2749 banus,
853 2668 975 2733 comiti
1002 2672 1082 2733 tarr.
1111 2668 1235 2755 Campi
1255 2670 1441 2755 Turopolia
1465 2692 1554 2735 com·

439 2779 559 2858 mittit,
582 2780 622 2842 ui
642 2783 708 2862 pro
730 2778 974 2864 assignatione
997 2777 1258 2863 quarteriorum
1282 2782 1387 2844 earet.

377 2979 539 3040 Generosa
569 2979 694 3038 domine
727 2979 816 3040 nobis
846 2977 1051 3039 observande.
1075 2977 1216 3037 Salutem
1239 2984 1271 3037 et
1294 2977 1392 3037 nostri
1414 2979 1550 3038 benevo-

270 3089 405 3149 lentiam.

376 3194 458 3256 Cum
482 3195 522 3254 ob
546 3202 737 3274 pregnantes
773 3193 909 3253 rationes
933 3193 1020 3252 locus
1044 3200 1216 3252 castrorum
1239 3201 1271 3253 et
1293 3193 1550 3274 congregationis

270 3305 383 3364 mutari
414 3303 563 3378 debuerit,
594 3301 646 3376 ita,
671 3311 705 3360 ut
738 3320 794 3380 pro
826 3301 1073 3380 congregatione
1096 3301 1236 3379 generali
1261 3300 1387 3360 Tissina
1410 3301 1549 3360 denomi-

269 3421 344 3472 nata
367 3412 415 3488 sit,
438 3411 548 3490 copiae
573 3419 678 3470 autem
702 3409 743 3468 ad
766 3408 924 3487 quarteria
947 3407 1089 3467 distribui
1109 3407 1253 3484 debeant,
1270 3416 1302 3467 et
1317 3407 1348 3466 in
1365 3427 1436 3466 eum
1453 3408 1548 3467 finem

269 3523 364 3581 etiam
395 3520 457 3580 iam
490 3518 648 3598 repartitio
679 3517 771 3592 iacta,
803 3515 929 3575 domino
952 3514 1063 3575 baroni
1086 3515 1361 3574 Dellisimonoviclr
1385 3515 1549 3595 assignata

270 3631 317 3704 sit,
340 3629 393 3708 qui
417 3629 501 3709 apud
524 3626 681 3687 Tissinam
708 3625 758 3685 vel
782 3625 813 3684 in
837 3624 889 3683 illa
920 3622 1079 3683 vicinitate
1102 3641 1137 3682 se
1161 3623 1326 3697 detinebit;
1359 3623 1464 3702 itaque
1496 3624 1550 3684 do-

267 3737 396 3797 minatio
421 3744 526 3796 vestra
549 3753 605 3814 pro
630 3733 844 3813 assignatione
877 3731 1106 3812 quarteriorum
1130 3749 1169 3790 eo
1191 3730 1314 3790 mittere
1338 3732 1420 3805 velit,
1443 3730 1548 3809 illique

269 3845 474 3926 assignationi
505 3863 539 3904 se
571 3842 764 3915 accomodet,
795 3841 951 3919 talemque
983 3847 1089 3899 servet
1112 3838 1316 3916 disciplinam,
1348 3858 1388 3898 ne
1420 3857 1548 3898 causam

268 3956 386 4032 absque
418 3955 478 4012 hoc
509 3952 572 4010 iam
605 3949 761 4010 enervatis
789 3948 965 4007 hominibus
990 3947 1030 4006 ad
1054 3947 1280 4025 querulandum
1305 3947 1365 4006 det.
1389 3948 1488 4007 Secus
1513 3965 1547 4004 se

266 4061 372 4122 omnia
394 4062 478 4121 illata
503 4080 522 4120 a
545 4057 692 4118 militibus
716 4057 831 4116 (lamna
862 4074 900 4115 ex
932 4055 1058 4132 propria
1080 4055 1177 4114 bursa
1199 4055 1375 4114 refusuram
1398 4054 1485 4118 sciat.
1512 4054 1546 4113 ln

267 4171 384 4250 reliquo
400 4171 506 4229 valeat
528 4165 686 4227 foeliciter.
710 4165 825 4223 Datum
843 4163 1073 4236 Keresztinecz,
1090 4159 1120 4224 3.
1137 4161 1333 4240 septembris,
1351 4181 1432 4221 anno
1453 4159 1549 4224 1695.

369 4315 551 4376 Generosae
576 4311 795 4373 dominationis
821 4317 943 4368 vestrae
966 4308 1141 4368 benevolus

719 4453 836 4513 Comes
859 4452 1001 4511 Adamas
1025 4451 1064 4510 de
1089 4452 1256 4526 Batthyan,
1279 4449 1380 4507 banus
1404 4469 1444 4510 m.
1468 4468 1497 4526 p.

370 4605 411 4663 ln
435 4605 579 4663 dorso:
603 4601 766 4660 Generosa
791 4598 917 4657 domino
938 4597 1031 4655 Petro
1048 4596 1184 4668 Valicza,
1202 4591 1412 4652 univcrsitatis
1429 4591 1546 4670 Campl

261 4711 449 4789 Turopoliae
474 4709 577 4768 comiti
596 4694 741 4767 ⁴terrestri
766 4716 833 4779 etc,
857 4705 946 4764 nobis
970 4701 1265 4762 observandissime.

367 4832 511 4902 Originale
532 4832 721 4894 chartaceum,
741 4847 757 4881 a
776 4835 857 4897 tergo
877 4843 1044 4894 appressum
1065 4833 1110 4878 est
1129 4825 1260 4894 sigillum,
1279 4840 1337 4892 quo
1356 4822 1437 4874 litera
1447 4820 1544 4873 clausa

260 4931 328 4976 erat.
348 4923 377 4976 ln
398 4922 513 4974 archivo
532 4936 673 4974 commun.
694 4921 760 4974 nob.
780 4919 815 4970 de
835 4917 997 4984 Turopolje.
