3934 5550
918 581 961 662 θ.

404 778 497 842 Anno
526 779 618 844 1561.
647 779 694 845 17.
719 784 802 850 iunii.
825 787 976 847 Viennae.

294 993 539 1082 Ferdlnundus
569 1011 594 1061 1.
625 997 836 1084 Hungorioe
867 1003 925 1064 etc.
958 1020 1027 1078 rex,
1058 1000 1179 1066 literas
1210 1002 1382 1067 Ludoviei
1414 1004 1458 1072 ll.
1481 1005 1580 1092 regis

294 1100 510 1187 Hungarioe,
534 1103 664 1188 quibus
695 1127 801 1170 causo
833 1107 926 1171 inter
954 1107 1084 1173 nobiles
1117 1107 1241 1193 Campi
1263 1111 1511 1196 lug-robiensis
1540 1134 1582 1177 uc

298 1207 490 1296 Georgium
514 1212 643 1276 moreh.
660 1212 1044 1300 Brondomburgrensem
1070 1217 1109 1280 in
1135 1215 1290 1290 fauorem
1312 1219 1500 1283 eorundem
1523 1240 1581 1284 no·

643 1320 766 1386 dilium
790 1321 982 1400 iudicatur,
1006 1327 1105 1389 ratos
1127 1323 1234 1394 moer.
1362 1303 1365 1310 Ι

404 1541 469 1602 Nos
493 1542 517 1602 F
519 1542 710 1604 erdinandus
742 1541 849 1602 divina
880 1542 1007 1603 favente
1037 1544 1202 1606 clementia
1226 1547 1344 1606 electus
1367 1548 1579 1609 Romanorum

297 1649 466 1727 imperator
489 1669 613 1728 semper
637 1657 800 1730 augustus,
826 1669 864 1710 ac
889 1650 1088 1727 Germaniae,
1112 1652 1306 1734 Hungariae,
1326 1655 1497 1738 Bohemiae
1520 1666 1577 1718 etc.

298 1775 360 1829 rex,
384 1757 487 1836 inians
510 1757 742 1835 Hispaniarum,
768 1757 918 1818 archidux
934 1758 1091 1832 Austriae,
1115 1760 1177 1842 dux
1202 1760 1404 1840 Burgundiae
1429 1771 1487 1826 etc.
1511 1765 1578 1824 Me-

297 1864 414 1924 moriae
439 1866 696 1925 commendamus
718 1874 827 1925 tenore
855 1865 1047 1944 presentium
1079 1867 1295 1946 significantes
1317 1869 1430 1948 quibus
1453 1873 1579 1950 expedit

296 1973 458 2046 universis,
475 1973 558 2051 quod
581 1973 680 2033 fidelis
703 1982 808 2033 noster
824 1973 935 2032 nobilis
959 1974 1139 2034 Matthaeus
1155 1975 1296 2035 literatus
1318 1978 1514 2055 Zalathnolry
1538 1981 1578 2040 de

296 2079 458 2157 Kobilyeh,
491 2080 521 2138 in
556 2098 614 2139 sua
646 2099 683 2140 ac
713 2080 863 2140 nobilium
895 2081 1000 2140 lacobi
1025 2089 1056 2141 et
1081 2081 1176 2142 Blasii
1208 2082 1390 2164 Pogledych
1414 2086 1453 2145 de
1477 2087 1577 2164 Kory-

295 2189 402 2261 lowcz,
432 2206 555 2247 necnon
586 2188 680 2248 totius
704 2188 915 2248 universitatis
947 2189 1095 2250 nobilium
1128 2190 1242 2269 Campi
1274 2192 1498 2272 Zagrabiensis
1521 2213 1576 2254 no-

296 2295 430 2355 minibus
462 2303 494 2355 et
524 2296 556 2354 in
586 2295 729 2374 personis
753 2305 892 2356 nostram
921 2298 1127 2375 personaliter
1149 2298 1280 2358 veniens
1302 2299 1334 2358 in
1358 2302 1576 2378 praesentiam,

296 2403 433 2462 exhibuit
465 2411 496 2463 et
526 2403 741 2481 praesentavit
765 2403 855 2464 nobis
879 2405 1035 2483 quasdam
1067 2405 1173 2464 literas
1204 2406 1395 2466 serenissimi
1418 2410 1577 2486 quondam

295 2510 441 2589 principis
464 2511 581 2570 domini
605 2512 756 2572 Ludouici
786 2512 880 2592 regis,
916 2513 1128 2591 praecessoris
1153 2521 1184 2573 et
1207 2513 1317 2573 sororii
1340 2497 1437 2586 nostri
1460 2515 1577 2579 charis-

295 2617 364 2676 simi
392 2618 633 2680 adiudicatorias
657 2627 687 2679 et
705 2620 964 2694 sententionales,
996 2621 1028 2678 in
1051 2621 1186 2699 quadam
1204 2639 1302 2682 causa
1324 2623 1405 2682 inter
1428 2632 1576 2701 parentes

295 2737 325 2785 et
350 2745 568 2805 praecessores
592 2728 745 2789 dictorum
759 2727 865 2789 lacobi
889 2735 920 2788 et
943 2728 1039 2806 Blasy
1062 2729 1254 2810 Pogledych,
1269 2750 1393 2792 necnon
1415 2732 1577 2811 praefatae

295 2834 505 2894 universitatis
529 2837 678 2897 nobilium
702 2837 775 2897 dicti
800 2836 914 2916 Campi
938 2837 1161 2916 Zagrabiensis
1187 2839 1225 2898 ab
1250 2860 1322 2913 una,
1356 2860 1397 2899 ac.
1424 2841 1576 2918 illustrem

295 2951 326 3003 et
350 2945 552 3023 magnificum
576 2946 735 3024 quondam
763 2945 936 3025 Georgium
968 2945 1182 3008 marchionem
1214 2948 1577 3029 Brandemburgensem

295 3070 509 3111 successorem
541 3052 686 3113 videlicet
724 3054 852 3119 illustris
874 3061 905 3113 et
928 3054 1088 3133 magnifici
1111 3056 1185 3115 olim
1209 3055 1334 3115 Ioannis
1357 3055 1486 3116 Coruini
1511 3055 1576 3135 Op-

294 3159 406 3236 pauiae
431 3167 462 3219 et
485 3161 679 3239 Lypthouiae
712 3162 808 3237 ducis,
833 3171 864 3222 et
886 3162 1047 3242 magnifici
1072 3182 1196 3242 quoque
1227 3163 1300 3221 olim
1332 3162 1471 3241 loannis,¹
1486 3164 1575 3223 Thuz

294 3270 332 3329 de
364 3268 433 3327 Lak
457 3268 496 3327 ab
529 3270 626 3329 altera
654 3270 803 3347 partibus,
827 3290 933 3331 coram
958 3273 1042 3332 dicto
1066 3271 1138 3332 olim
1162 3269 1289 3330 domino
1313 3271 1473 3342 Ludouico
1499 3290 1575 3350 rege

293 3387 378 3436 mota
401 3385 433 3435 et
455 3384 606 3451 vertente,
639 3378 758 3452 Budae,
782 3378 860 3439 teria
893 3388 1006 3458 quarta
1028 3380 1060 3439 in
1082 3379 1163 3452 festo
1195 3379 1307 3438 beatae
1330 3378 1490 3438 Barbarae
1515 3378 1574 3437 vir·

292 3484 375 3564 ginis
405 3492 436 3544 et
467 3485 612 3557 martiris,
645 3485 674 3543 in
711 3505 792 3545 anno
826 3486 971 3547 videlicet
1002 3486 1118 3546 domini
1148 3485 1299 3545 milesimo
1323 3485 1575 3565 quingentesimo

294 3590 446 3671 vigesimo
471 3601 582 3671 quarto
605 3600 767 3653 transacto
776 3588 791 3667 ¹,
816 3595 847 3652 in
871 3613 1067 3674 pergameno
1101 3594 1140 3652 ad
1172 3594 1300 3653 modum
1330 3593 1423 3653 libelli
1454 3593 1575 3671 privile·

294 3699 417 3779 gialiter
441 3700 600 3760 contectas
624 3709 655 3761 et
679 3710 852 3776 emanatas,
877 3703 1042 3783 sigilloque
1063 3722 1120 3761 suo
1138 3702 1273 3761 iudiciali
1287 3702 1477 3781 impendenti
1502 3720 1575 3761 con·

294 3808 444 3888 signatas,
467 3808 548 3867 inter
572 3818 699 3869 coetera
723 3811 877 3887 quasdam
900 3811 1006 3870 literas
1035 3810 1248 3870 attestatorias
1271 3810 1398 3888 capituli
1422 3811 1575 3870 ecclesiae

293 3916 516 3997 Zagrabiensis
549 3937 643 3995 super
674 3919 878 3996 occupatione
920 3926 951 3978 et
990 3919 1168 3980 detentione
1199 3918 1335 3977 fortalitii
1366 3936 1422 3977 seu
1455 3917 1574 3978 castelli

295 4024 557 4099 lukawecz,alias
587 4045 643 4103 per
676 4027 791 4085 dictum
823 4027 1027 4105 magnificum
1059 4026 1217 4103 quondam
1247 4027 1396 4085 loannem
1420 4026 1508 4085 Thuz
1534 4026 1573 4085 de

293 4132 368 4207 Lak,
391 4133 669 4210 praedecessorem
692 4134 810 4193 scilicet
843 4135 915 4194 dicti
947 4134 1020 4193 olim
1052 4134 1177 4193 loannis
1201 4133 1330 4193 Coruini
1354 4133 1450 4205 ducis,
1476 4153 1495 4192 a
1518 4152 1572 4211 pa-

292 4240 430 4299 rentibus
466 4248 497 4299 et
532 4242 782 4300 antecessoribus
818 4241 971 4301 dictorum
1016 4241 1164 4300 nobilium
1199 4240 1311 4318 Campi
1349 4241 1572 4319 Zagrabiensis

291 4345 383 4421 iacta,
407 4366 462 4426 per
487 4348 615 4408 eosdem
639 4350 855 4428 progenitores
872 4356 904 4408 et
927 4357 1144 4408 antecessores
1167 4349 1336 4409 eorundem
1361 4347 1517 4419 nobilium,
1541 4348 1572 4407 in

291 4455 451 4532 praedicta
475 4474 571 4515 causa
603 4457 782 4531 eorundem,
810 4457 891 4515 inter
922 4464 1066 4515 coeteras
1089 4456 1227 4533 ipsorum
1260 4456 1366 4514 literas
1396 4456 1428 4513 in
1459 4454 1572 4514 iudicio

292 4562 443 4622 exhibitas
468 4571 499 4622 et
522 4564 698 4641 productas
731 4564 921 4642 descriptiva
947 4571 978 4623 et
1001 4563 1191 4623 declarative
1223 4562 1425 4637 continentes,
1456 4561 1571 4641 suppli-

291 4689 366 4729 cans
390 4670 478 4729 idem
497 4670 677 4730 Matthaeus
705 4671 846 4731 literatus
870 4672 1077 4747 Zalathnolry,
1094 4690 1151 4731 suo
1176 4689 1213 4730 ac
1236 4670 1388 4731 dictorum
1412 4669 1516 4728 Iacobi
1541 4678 1572 4729 et

292 4778 386 4839 Blasii
409 4778 600 4858 Pogledych,
625 4799 662 4839 ac
687 4779 818 4839 aliorum
841 4798 974 4858 quorum
1000 4798 1097 4858 supra
1119 4778 1296 4838 nominibus
1321 4788 1352 4837 et
1374 4776 1406 4836 in
1429 4775 1571 4855 personis

291 4888 445 4948 maiestati
471 4896 596 4947 nostrae
621 4887 788 4960 humilima
812 4887 856 4946 uti
881 4896 1061 4965 praetactas
1093 4886 1198 4945 literas
1223 4886 1296 4944 dicti
1321 4883 1446 4961 capituli
1472 4884 1570 4963 eccle-
