3934 5550
1517 456 1583 532 389

415 685 462 752 ll.
486 684 640 750 Providus
663 684 798 748 Michael
822 685 1006 764 Brozovich,
1030 687 1159 746 colonus
1192 686 1308 746 domini
1327 686 1421 746 ‘Pauli
1443 685 1583 764 Spissich

303 798 497 872 viceliscalis,
513 798 608 856 habet
623 797 751 856 domum
774 796 898 868 bonam,
913 794 1055 853 ultimum
1075 794 1249 853 cubiculum
1266 813 1329 853 non
1352 793 1454 867 habet,
1470 794 1582 852 horrea

304 909 374 980 duo,
398 926 494 965 unum
517 924 633 963 novum
657 923 696 964 ex
720 903 827 963 solidis
855 901 1026 975 roboribus,
1051 921 1112 961 una
1138 921 1208 960 cum
1233 920 1360 961 camera
1383 900 1486 960 eidem
1509 919 1582 960 con-

302 1014 390 1094 tigua
419 1011 564 1072 frumenti
595 1011 686 1085 facta,
717 1009 801 1070 aliud
832 1009 1007 1088 antiquum;
1042 1009 1118 1069 item
1152 1028 1312 1068 cameram
1349 1027 1406 1088 pro
1441 1008 1581 1068 caulibus

304 1131 335 1182 et
357 1140 439 1200 pane
463 1119 680 1198 componendo
703 1118 911 1192 mediocrem;
935 1117 1010 1177 item
1034 1136 1192 1177 cameram
1225 1117 1385 1195 antiquam
1417 1118 1458 1176 ad
1487 1134 1583 1175 unam

302 1237 424 1308 portam
448 1225 645 1306 reparatione
669 1225 870 1306 indigentem,
886 1225 980 1284 haras
1005 1225 1152 1285 alatilium
1178 1225 1322 1303 antiquas
1346 1225 1387 1284 ad
1408 1233 1473 1284 tres
1497 1242 1582 1284 seor·

303 1338 389 1396 sivas
412 1336 581 1408 clausuras,
613 1334 708 1393 haras
740 1334 780 1392 ad
811 1331 833 1392 4
866 1333 1029 1392 clausuras
1051 1351 1151 1392 novas
1174 1332 1283 1408 bonas,
1315 1340 1346 1391 et
1368 1350 1466 1411 penes
1489 1333 1584 1391 haras

304 1443 448 1522 antiquas
480 1461 551 1500 cum
582 1441 705 1500 stabulo
730 1441 769 1500 ad
793 1441 873 1499 duas
904 1447 1012 1518 portas
1036 1439 1066 1498 in
1091 1438 1241 1499 mediocri
1264 1447 1364 1512 statu;
1390 1439 1466 1499 item
1489 1440 1584 1498 baras

302 1549 460 1610 maialium
493 1549 532 1608 ad
565 1549 643 1610 duas
674 1555 782 1626 portas
813 1546 937 1607 novitus
970 1546 1112 1624 inceptas
1145 1545 1249 1626 errigi,
1272 1564 1329 1624 pro
1353 1546 1464 1624 quibus
1494 1547 1584 1625 tigna

303 1665 393 1716 crunt
422 1655 611 1730 necessaria,
640 1655 801 1714 fornacem
831 1654 1001 1732 pistoream
1032 1673 1094 1712 non
1126 1654 1210 1713 bono
1241 1661 1324 1713 tecto
1347 1653 1505 1732 provisam
1528 1673 1585 1732 per

303 1763 537 1845 negligentiam,
561 1781 618 1842 pro
641 1771 735 1842 puteo
760 1761 879 1842 indiget
904 1757 1024 1822 arbore.

413 1869 461 1932 12.
485 1872 518 1930 ln
543 1871 669 1930 deserta
691 1869 872 1944 Demerecz,
896 1868 998 1928 coloni
1012 1867 1171 1928 comitisse
1194 1868 1371 1943 Mallenich,
1400 1869 1513 1928 domus
1536 1876 1585 1928 est

302 1979 386 2039 bona
409 1979 439 2038 in
464 1985 548 2037 statu
570 1995 627 2056 pro
651 1996 733 2036 nunc
757 1976 883 2054 optimo,
907 1994 1000 2035 secus
1022 1975 1139 2034 nullum
1161 1974 1346 2038 aedificium.

415 2083 462 2148 13,
486 2085 639 2144 Providus
663 2083 820 2163 Georgius
843 2082 1003 2157 Baizman,
1028 2083 1157 2142 colonus
1180 2101 1281 2160 aeque
1304 2082 1465 2160 praefatae
1490 2082 1583 2141 comi·

304 2193 399 2252 tissae
422 2193 599 2269 Mallenicb,
623 2191 718 2251 habet
749 2190 876 2250 domum
901 2190 1062 2268 antiquam
1094 2189 1222 2249 basibus
1249 2196 1321 2268 post
1344 2189 1462 2268 aliquot
1485 2209 1584 2248 annos

306 2307 461 2380 egentem,
496 2299 563 2358 sine
587 2299 670 2357 bono
704 2305 787 2358 tecto
811 2297 843 2356 in
867 2296 993 2370 ambitu,
1029 2297 1176 2356 horreum
1200 2297 1267 2356 sine
1303 2304 1393 2375 porta
1416 2296 1583 2373 mediocre,

304 2409 398 2468 haras
423 2408 463 2467 ad
495 2416 559 2466 tres
583 2407 743 2467 clausuras
767 2405 861 2466 etiam
896 2413 968 2484 post
991 2405 1109 2484 aliquot
1145 2424 1244 2465 annos
1280 2404 1410 2465 basibus
1445 2413 1584 2485 egentes,

303 2515 462 2576 fornacem
486 2514 655 2594 pistoream
679 2514 745 2574 sine
769 2522 860 2576 tectu.

415 2621 462 2686 14.
486 2621 581 2682 Curia
606 2621 722 2681 domini
747 2621 926 2699 spectabilis
949 2621 1034 2680 Petri
1059 2620 1260 2699 Bedekovich
1285 2629 1392 2699 empta
1416 2639 1434 2680 a
1458 2620 1584 2680 domina

302 2730 442 2791 barbara
460 2729 673 2790 Domitrovich
695 2728 727 2788 in
751 2736 834 2788 statu
857 2747 914 2807 pro
937 2748 1021 2788 nunc
1044 2727 1136 2804 bono,
1151 2729 1297 2789 borreum
1320 2747 1436 2789 novum
1459 2729 1586 2818 bonum,

302 2840 397 2898 haras
421 2838 600 2898 animalium
624 2838 723 2896 bonas
748 2838 789 2896 ad
812 2844 875 2896 tres
900 2838 1070 2911 clausuras,
1106 2838 1234 2896 harulas
1265 2838 1416 2897 alatilium
1441 2838 1585 2915 antiquas

301 2945 498 3023 reparatione
511 2945 696 3024 indigentes,
710 2944 812 3004 culina
828 2964 900 3003 cum
916 2945 1044 3004 fornace
1060 2944 1197 3023 pistorea
1214 2945 1266 3022 [in]
1283 2953 1366 3005 statu
1378 2947 1460 3005 bono
1476 2948 1581 3024 quoad

302 3059 418 3111 tectum
443 3052 572 3111 basibus
596 3051 740 3131 indigens
773 3052 998 3113 adinvenimus

415 3156 461 3218 15.
485 3157 605 3217 Nobilis
629 3158 770 3217 Barbara
794 3157 888 3217 vidua
913 3158 1077 3218 Michaelis
1102 3158 1207 3217 Koosz
1231 3158 1327 3218 habet
1350 3159 1381 3218 in
1404 3159 1501 3219 fundo
1525 3180 1587 3219 suo

303 3265 525 3324 domunculam
549 3264 722 3343 parvulam,
746 3264 836 3343 quasi
861 3284 955 3323 unam
979 3266 1172 3325 camerulam
1196 3274 1227 3325 et
1249 3268 1319 3346 plus
1343 3267 1425 3327 nihil.

414 3368 462 3434 16.
494 3372 614 3431 Nobilis
645 3372 794 3432 Nicolaus
828 3372 1014 3445 Kramaricb
1049 3373 1144 3432 habet
1179 3373 1306 3433 domurn
1341 3374 1502 3453 antiquam
1537 3383 1586 3434 sat

303 3480 418 3539 bonam
442 3480 546 3558 quoad
578 3479 700 3553 robora,
732 3480 789 3538 sed
820 3480 911 3539 valde
944 3489 1122 3559 angustam,
1146 3500 1183 3540 ex
1208 3500 1270 3560 qua
1303 3482 1386 3541 aliud
1410 3482 1586 3541 aedilicium

304 3588 362 3646 sibi
385 3586 606 3659 necessarium,
630 3595 737 3664 utpote
770 3588 872 3646 adbuc
905 3588 1051 3647 borreum
1086 3588 1224 3667 errigere
1255 3597 1367 3667 potest,
1399 3590 1472 3667 quia
1502 3610 1586 3650 nunc

304 3714 418 3754 novam
450 3694 564 3772 incepit
597 3694 779 3768 ellaborare,
808 3713 865 3772 pro
897 3712 960 3773 qua
993 3696 1094 3754 adhuc
1127 3696 1268 3773 superior
1298 3714 1372 3773 pars
1400 3704 1466 3756 tota
1489 3697 1587 3783 deest²

305 3801 378 3880 qula
401 3820 483 3859 nunc
507 3800 679 3859 ellaborata
701 3788 813 3860 robora
847 3801 942 3860 babet
965 3821 1065 3880 usque
1088 3801 1194 3861 trabes
1217 3810 1249 3861 et
1272 3804 1351 3861 duas
1385 3804 1479 3863 bases
1502 3804 1588 3873 tecti,

303 3910 384 3969 duae
409 3908 511 3967 adbuc
527 3916 557 3967 et
574 3909 663 3987 tigna
679 3909 800 3969 desunt.
824 3910 981 3968 Horreum
1005 3909 1164 3988 antiquum
1182 3910 1338 3971 mediocre
1355 3911 1484 3971 basibus
1499 3912 1588 3972 bonis

279 4048 280 4053 κ
304 4016 398 4089 caret,
422 4017 516 4075 haras
541 4016 720 4075 animalium
744 4017 785 4075 ad
808 4017 971 4076 clausuras
995 4016 1015 4076 5
1050 4017 1082 4076 in
1105 4017 1188 4076 bono
1211 4037 1268 4095 pro
1292 4037 1374 4077 nunc
1398 4026 1489 4091 statu,
1520 4018 1586 4078 sine

303 4131 408 4183 tamen
439 4124 523 4181 bono
557 4123 736 4201 pavimento
768 4123 903 4183 inferiori
936 4131 966 4182 et
997 4124 1135 4201 basibus,
1177 4143 1335 4183 cameram
1367 4124 1512 4185 frumenti
1545 4127 1586 4185 ad

305 4228 400 4289 unam
431 4238 553 4308 portam
588 4230 736 4290 assericio
768 4238 851 4289 tecto
883 4230 914 4290 in
947 4230 1055 4290 ordine
1080 4250 1141 4289 uno
1166 4230 1301 4291 inferiori
1323 4231 1407 4290 bono
1430 4252 1493 4291 non
1516 4252 1586 4313 pro-

304 4338 423 4412 visam;
455 4337 528 4396 item
561 4332 729 4396 cameram
746 4338 785 4397 ad
810 4338 889 4397 duas
914 4338 1076 4397 clausuras
1102 4338 1218 4397 bonam
1243 4338 1387 4398 omnibus
1421 4339 1583 4418 provisam

304 4444 378 4503 item
394 4444 504 4503 haram
525 4442 683 4503 maialium
701 4444 861 4522 antiquam
878 4444 1078 4517 mediocrem,
1094 4444 1223 4504 basibus
1237 4445 1327 4504 bonis
1344 4454 1438 4520 caret,
1454 4447 1587 4506 culinam

302 4572 373 4611 cum
398 4552 524 4611 fornace
549 4560 579 4611 et
603 4553 731 4612 domum
755 4551 904 4639 fabrilem,
933 4552 1058 4631 singula
1088 4572 1151 4611 una
1181 4552 1250 4611 basi
1283 4553 1366 4612 bona
1397 4562 1492 4625 caret,
1530 4575 1586 4633 pu-

302 4668 387 4719 teum
420 4660 532 4720 nullius
565 4660 696 4735 valoris;
728 4659 802 4720 item
834 4678 961 4719 camera
987 4670 1035 4719 est
1058 4661 1172 4722 viduae
1202 4662 1313 4721 Annae
1338 4662 1476 4722 defuncti
1500 4662 1588 4721 Pauli

301 4768 459 4846 privativa
483 4767 523 4827 ad
547 4768 626 4827 duas
651 4768 812 4829 clausuras
836 4767 866 4826 in
891 4768 973 4827 bono
998 4775 1089 4830 statu.

412 4874 460 4937 17.
485 4875 639 4934 Providus
662 4876 795 4934 loannes
821 4876 910 4953 Bapt.
937 4875 1184 4949 Kurillovschan,
1210 4877 1341 4936 colonus
1365 4876 1482 4935 domini
1505 4876 1590 4935 Petri

300 4982 510 5057 Bedekovicb,
530 4982 623 5041 babet
649 4982 808 5060 antiquam
835 5002 897 5042 non
920 4983 1009 5041 bonis
1036 4983 1165 5041 basibus
1178 4982 1346 5061 provisam,
1362 4985 1508 5042 borreum
1531 5002 1586 5042 no·
