<?xml version="1.0" encoding="UTF-8"?>
<!DOCTYPE html PUBLIC "-//W3C//DTD XHTML 1.0 Transitional//EN"
    "http://www.w3.org/TR/xhtml1/DTD/xhtml1-transitional.dtd">
<html xmlns="http://www.w3.org/1999/xhtml" xml:lang="en" lang="en">
 <head>
  <title>
</title>
<meta http-equiv="Content-Type" content="text/html;charset=utf-8" />
  <meta name='ocr-system' content='tesseract 3.04.00' />
  <meta name='ocr-capabilities' content='ocr_page ocr_carea ocr_par ocr_line ocrx_word'/>
</head>
<body>
  <div class='ocr_page' id='page_1' title='image "./povjesnispomeni00laszgoog_0652.png"; bbox 0 0 3934 5550; ppageno 0'>
   <div class='ocr_carea' id='block_1_1' title="bbox 1485 427 1573 490">
    <p class='ocr_par' dir='ltr' id='par_1_1' title="bbox 1485 427 1573 490">
     <span class='ocr_line' id='line_1_1' title="bbox 1485 427 1573 490; baseline -0.023 0"><span class='ocrx_word' id='word_1_1' title='bbox 1485 446 1488 452; x_wconf 86' lang='grc'><strong>’</strong></span> <span class='ocrx_word' id='word_1_2' title='bbox 1513 427 1573 490; x_wconf 82' lang='grc'><strong>621</strong></span> 
     </span>
    </p>
   </div>
   <div class='ocr_carea' id='block_1_2' title="bbox 301 643 1579 830">
    <p class='ocr_par' dir='ltr' id='par_1_2' title="bbox 301 643 1579 830">
     <span class='ocr_line' id='line_1_2' title="bbox 301 643 1579 726; baseline 0.001 -23"><span class='ocrx_word' id='word_1_3' title='bbox 301 645 430 725; x_wconf 83' lang='lat' dir='ltr'>benigni</span> <span class='ocrx_word' id='word_1_4' title='bbox 447 645 639 706; x_wconf 71' lang='lat' dir='ltr'><strong>celsitudinis</strong></span> <span class='ocrx_word' id='word_1_5' title='bbox 663 653 787 706; x_wconf 90' lang='lat' dir='ltr'><strong>vestrae</strong></span> <span class='ocrx_word' id='word_1_6' title='bbox 812 647 919 726; x_wconf 83' lang='lat' dir='ltr'><strong>regiae</strong></span> <span class='ocrx_word' id='word_1_7' title='bbox 934 645 1066 706; x_wconf 89' lang='lat' dir='ltr'><strong>intimati</strong></span> <span class='ocrx_word' id='word_1_8' title='bbox 1082 646 1245 725; x_wconf 83' lang='lat' dir='ltr'><strong>privilegia</strong></span> <span class='ocrx_word' id='word_1_9' title='bbox 1268 655 1399 704; x_wconf 88' lang='lat' dir='ltr'><strong>eatenus</strong></span> <span class='ocrx_word' id='word_1_10' title='bbox 1422 643 1579 722; x_wconf 81' lang='lat' dir='ltr'><strong>praeexis-</strong></span> 
     </span>
     <span class='ocr_line' id='line_1_3' title="bbox 301 742 1576 830; baseline 0.001 -21"><span class='ocrx_word' id='word_1_11' title='bbox 301 751 399 810; x_wconf 81' lang='lat' dir='ltr'><strong>tentia</strong></span> <span class='ocrx_word' id='word_1_12' title='bbox 429 752 459 809; x_wconf 94' lang='lat' dir='ltr'><strong>in</strong></span> <span class='ocrx_word' id='word_1_13' title='bbox 484 750 669 811; x_wconf 87' lang='lat' dir='ltr'><strong>authenticis</strong></span> <span class='ocrx_word' id='word_1_14' title='bbox 696 752 822 830; x_wconf 86' lang='lat' dir='ltr'><strong>paribus</strong></span> <span class='ocrx_word' id='word_1_15' title='bbox 846 762 1091 830; x_wconf 80' lang='lat' dir='ltr'><strong>praesentemus,</strong></span> <span class='ocrx_word' id='word_1_16' title='bbox 1125 761 1270 830; x_wconf 88' lang='lat' dir='ltr'><strong>putamus</strong></span> <span class='ocrx_word' id='word_1_17' title='bbox 1295 769 1372 811; x_wconf 89' lang='lat' dir='ltr'><strong>sane</strong></span> <span class='ocrx_word' id='word_1_18' title='bbox 1398 769 1415 812; x_wconf 89' lang='lat' dir='ltr'><strong>e</strong></span> <span class='ocrx_word' id='word_1_19' title='bbox 1439 742 1473 811; x_wconf 71' lang='grc' dir='ltr'><strong>τό</strong></span> <span class='ocrx_word' id='word_1_20' title='bbox 1496 769 1576 827; x_wconf 86' lang='lat' dir='ltr'><strong>esse,</strong></span> 
     </span>
    </p>
   </div>
   <div class='ocr_carea' id='block_1_3' title="bbox 201 858 1663 940">
    <p class='ocr_par' dir='ltr' id='par_1_3' title="bbox 201 858 1663 940">
     <span class='ocr_line' id='line_1_4' title="bbox 201 858 1663 940; baseline 0.003 -27"><span class='ocrx_word' id='word_1_21' title='bbox 201 910 203 913; x_wconf 86' lang='lat'>.</span> <span class='ocrx_word' id='word_1_22' title='bbox 302 859 449 918; x_wconf 84' lang='lat' dir='ltr'><strong>nonnulla</strong></span> <span class='ocrx_word' id='word_1_23' title='bbox 481 860 521 917; x_wconf 92' lang='lat' dir='ltr'><strong>de</strong></span> <span class='ocrx_word' id='word_1_24' title='bbox 545 870 623 934; x_wconf 90' lang='lat' dir='ltr'><strong>ortu,</strong></span> <span class='ocrx_word' id='word_1_25' title='bbox 657 877 837 938; x_wconf 86' lang='lat' dir='ltr'><strong>progressu,</strong></span> <span class='ocrx_word' id='word_1_26' title='bbox 870 859 1043 940; x_wconf 88' lang='lat' dir='ltr'><strong>actualique</strong></span> <span class='ocrx_word' id='word_1_27' title='bbox 1077 867 1160 919; x_wconf 90' lang='lat' dir='ltr'><strong>statu</strong></span> <span class='ocrx_word' id='word_1_28' title='bbox 1193 858 1404 920; x_wconf 88' lang='lat' dir='ltr'><strong>universitatis</strong></span> <span class='ocrx_word' id='word_1_29' title='bbox 1428 858 1577 918; x_wconf 88' lang='lat' dir='ltr'><strong>nobilium</strong></span> <span class='ocrx_word' id='word_1_30' title='bbox 1662 863 1663 866; x_wconf 74' lang='grc'>’</span> 
     </span>
    </p>
   </div>
   <div class='ocr_carea' id='block_1_4' title="bbox 292 965 1578 5020">
    <p class='ocr_par' dir='ltr' id='par_1_4' title="bbox 301 965 1578 1474">
     <span class='ocr_line' id='line_1_5' title="bbox 302 965 1574 1046; baseline -0.001 -20"><span class='ocrx_word' id='word_1_31' title='bbox 302 966 413 1044; x_wconf 89' lang='lat' dir='ltr'><strong>Campi</strong></span> <span class='ocrx_word' id='word_1_32' title='bbox 426 966 606 1043; x_wconf 89' lang='lat' dir='ltr'><strong>Turopolya</strong></span> <span class='ocrx_word' id='word_1_33' title='bbox 628 966 690 1026; x_wconf 91' lang='lat' dir='ltr'><strong>line</strong></span> <span class='ocrx_word' id='word_1_34' title='bbox 715 985 753 1027; x_wconf 92' lang='lat' dir='ltr'><strong>eo</strong></span> <span class='ocrx_word' id='word_1_35' title='bbox 776 969 984 1045; x_wconf 80' lang='lat' dir='ltr'><strong>praemittere,</strong></span> <span class='ocrx_word' id='word_1_36' title='bbox 1001 968 1085 1046; x_wconf 93' lang='lat' dir='ltr'><strong>quod</strong></span> <span class='ocrx_word' id='word_1_37' title='bbox 1101 968 1180 1028; x_wconf 87' lang='lat' dir='ltr'><strong>haec</strong></span> <span class='ocrx_word' id='word_1_38' title='bbox 1203 967 1316 1045; x_wconf 88' lang='lat' dir='ltr'><strong>partim</strong></span> <span class='ocrx_word' id='word_1_39' title='bbox 1340 986 1402 1025; x_wconf 88' lang='lat' dir='ltr'><strong>non</strong></span> <span class='ocrx_word' id='word_1_40' title='bbox 1426 965 1574 1046; x_wconf 87' lang='lat' dir='ltr'><strong>exiguum</strong></span> 
     </span>
     <span class='ocr_line' id='line_1_6' title="bbox 302 1072 1578 1154; baseline -0.001 -21"><span class='ocrx_word' id='word_1_41' title='bbox 302 1092 372 1133; x_wconf 92' lang='lat' dir='ltr'><strong>cum</strong></span> <span class='ocrx_word' id='word_1_42' title='bbox 404 1072 576 1153; x_wconf 87' lang='lat' dir='ltr'><strong>privilegiis</strong></span> <span class='ocrx_word' id='word_1_43' title='bbox 607 1075 763 1134; x_wconf 78' lang='lat' dir='ltr'><strong>ant-enatis</strong></span> <span class='ocrx_word' id='word_1_44' title='bbox 797 1074 910 1134; x_wconf 89' lang='lat' dir='ltr'><strong>nostris</strong></span> <span class='ocrx_word' id='word_1_45' title='bbox 941 1074 1024 1133; x_wconf 88' lang='lat' dir='ltr'><strong>circa</strong></span> <span class='ocrx_word' id='word_1_46' title='bbox 1048 1073 1242 1134; x_wconf 89' lang='lat' dir='ltr'><strong>iudiciarium</strong></span> <span class='ocrx_word' id='word_1_47' title='bbox 1266 1073 1408 1134; x_wconf 88' lang='lat' dir='ltr'><strong>ordinem</strong></span> <span class='ocrx_word' id='word_1_48' title='bbox 1439 1073 1578 1154; x_wconf 84' lang='lat' dir='ltr'><strong>elargitis</strong></span> 
     </span>
     <span class='ocr_line' id='line_1_7' title="bbox 301 1178 1578 1261; baseline 0.002 -23"><span class='ocrx_word' id='word_1_49' title='bbox 301 1199 414 1239; x_wconf 87' lang='lat' dir='ltr'><strong>nexum</strong></span> <span class='ocrx_word' id='word_1_50' title='bbox 438 1178 528 1239; x_wconf 91' lang='lat' dir='ltr'><strong>nobis</strong></span> <span class='ocrx_word' id='word_1_51' title='bbox 552 1180 668 1241; x_wconf 87' lang='lat' dir='ltr'><strong>habere</strong></span> <span class='ocrx_word' id='word_1_52' title='bbox 701 1181 875 1255; x_wconf 90' lang='lat' dir='ltr'><strong>videantur,</strong></span> <span class='ocrx_word' id='word_1_53' title='bbox 898 1180 1009 1259; x_wconf 88' lang='lat' dir='ltr'><strong>partim</strong></span> <span class='ocrx_word' id='word_1_54' title='bbox 1036 1189 1148 1257; x_wconf 88' lang='lat' dir='ltr'><strong>autem,</strong></span> <span class='ocrx_word' id='word_1_55' title='bbox 1172 1181 1244 1260; x_wconf 91' lang='lat' dir='ltr'><strong>quia</strong></span> <span class='ocrx_word' id='word_1_56' title='bbox 1270 1180 1336 1242; x_wconf 85' lang='lat' dir='ltr'><strong>sine</strong></span> <span class='ocrx_word' id='word_1_57' title='bbox 1360 1181 1408 1241; x_wconf 93' lang='lat' dir='ltr'><strong>his</strong></span> <span class='ocrx_word' id='word_1_58' title='bbox 1432 1180 1578 1261; x_wconf 87' lang='lat' dir='ltr'><strong>regnico-</strong></span> 
     </span>
     <span class='ocr_line' id='line_1_8' title="bbox 302 1285 1578 1366; baseline 0.002 -22"><span class='ocrx_word' id='word_1_59' title='bbox 302 1288 398 1346; x_wconf 90' lang='lat' dir='ltr'><strong>larem</strong></span> <span class='ocrx_word' id='word_1_60' title='bbox 429 1285 591 1347; x_wconf 89' lang='lat' dir='ltr'><strong>iuridicam</strong></span> <span class='ocrx_word' id='word_1_61' title='bbox 626 1287 860 1365; x_wconf 89' lang='lat' dir='ltr'><strong>deputationem</strong></span> <span class='ocrx_word' id='word_1_62' title='bbox 896 1290 1020 1366; x_wconf 85' lang='lat' dir='ltr'><strong>plenam</strong></span> <span class='ocrx_word' id='word_1_63' title='bbox 1055 1288 1228 1348; x_wconf 86' lang='lat' dir='ltr'><strong>secundum</strong></span> <span class='ocrx_word' id='word_1_64' title='bbox 1263 1287 1394 1366; x_wconf 86' lang='lat' dir='ltr'><strong>quaevis</strong></span> <span class='ocrx_word' id='word_1_65' title='bbox 1431 1288 1578 1348; x_wconf 90' lang='lat' dir='ltr'><strong>adiuncta</strong></span> 
     </span>
     <span class='ocr_line' id='line_1_9' title="bbox 301 1394 1577 1474; baseline 0.002 -23"><span class='ocrx_word' id='word_1_66' title='bbox 301 1402 494 1470; x_wconf 86' lang='lat' dir='ltr'><strong>praeattacto</strong></span> <span class='ocrx_word' id='word_1_67' title='bbox 511 1394 542 1454; x_wconf 87' lang='lat' dir='ltr'><strong>in</strong></span> <span class='ocrx_word' id='word_1_68' title='bbox 558 1395 668 1454; x_wconf 91' lang='lat' dir='ltr'><strong>merito</strong></span> <span class='ocrx_word' id='word_1_69' title='bbox 692 1395 940 1455; x_wconf 88' lang='lat' dir='ltr'><strong>inlormationem</strong></span> <span class='ocrx_word' id='word_1_70' title='bbox 964 1412 1164 1474; x_wconf 85' lang='lat' dir='ltr'><strong>nequaquam</strong></span> <span class='ocrx_word' id='word_1_71' title='bbox 1180 1396 1296 1454; x_wconf 90' lang='lat' dir='ltr'><strong>habere</strong></span> <span class='ocrx_word' id='word_1_72' title='bbox 1313 1413 1407 1474; x_wconf 87' lang='lat' dir='ltr'><strong>posse</strong></span> <span class='ocrx_word' id='word_1_73' title='bbox 1423 1403 1577 1474; x_wconf 89' lang='lat' dir='ltr'><strong>putemus.</strong></span> 
     </span>
    </p>

    <p class='ocr_par' dir='ltr' id='par_1_5' title="bbox 292 1499 1577 5020">
     <span class='ocr_line' id='line_1_10' title="bbox 406 1499 1577 1581; baseline 0 -21"><span class='ocrx_word' id='word_1_74' title='bbox 406 1499 546 1580; x_wconf 87' lang='lat' dir='ltr'><strong>Campus</strong></span> <span class='ocrx_word' id='word_1_75' title='bbox 577 1502 726 1561; x_wconf 89' lang='lat' dir='ltr'><strong>nobilium</strong></span> <span class='ocrx_word' id='word_1_76' title='bbox 750 1503 929 1581; x_wconf 89' lang='lat' dir='ltr'><strong>Turopolya</strong></span> <span class='ocrx_word' id='word_1_77' title='bbox 960 1503 1033 1562; x_wconf 89' lang='lat' dir='ltr'><strong>olim</strong></span> <span class='ocrx_word' id='word_1_78' title='bbox 1058 1521 1096 1562; x_wconf 88' lang='lat' dir='ltr'><strong>ex</strong></span> <span class='ocrx_word' id='word_1_79' title='bbox 1119 1502 1326 1580; x_wconf 85' lang='lat' dir='ltr'><strong>paucioribus,</strong></span> <span class='ocrx_word' id='word_1_80' title='bbox 1359 1521 1441 1562; x_wconf 87' lang='lat' dir='ltr'><strong>nunc</strong></span> <span class='ocrx_word' id='word_1_81' title='bbox 1471 1509 1577 1562; x_wconf 92' lang='lat' dir='ltr'><strong>autem</strong></span> 
     </span>
     <span class='ocr_line' id='line_1_11' title="bbox 300 1604 1576 1689; baseline 0.003 -25"><span class='ocrx_word' id='word_1_82' title='bbox 300 1626 338 1665; x_wconf 88' lang='lat' dir='ltr'><strong>ex</strong></span> <span class='ocrx_word' id='word_1_83' title='bbox 362 1604 446 1668; x_wconf 58' lang='lat'><strong>490,</strong></span> <span class='ocrx_word' id='word_1_84' title='bbox 459 1608 551 1668; x_wconf 92' lang='lat' dir='ltr'><strong>curiis</strong></span> <span class='ocrx_word' id='word_1_85' title='bbox 575 1609 788 1678; x_wconf 79' lang='lat' dir='ltr'><strong>nobilitatibus</strong></span> <span class='ocrx_word' id='word_1_86' title='bbox 813 1619 970 1682; x_wconf 88' lang='lat' dir='ltr'><strong>constans,</strong></span> <span class='ocrx_word' id='word_1_87' title='bbox 991 1609 1171 1689; x_wconf 83' lang='lat' dir='ltr'><strong>ferensque</strong></span> <span class='ocrx_word' id='word_1_88' title='bbox 1189 1629 1305 1670; x_wconf 88' lang='lat' dir='ltr'><strong>annum</strong></span> <span class='ocrx_word' id='word_1_89' title='bbox 1326 1607 1418 1671; x_wconf 79' lang='lat'>1582.</span> <span class='ocrx_word' id='word_1_90' title='bbox 1435 1609 1576 1688; x_wconf 86' lang='lat' dir='ltr'><strong>Campus</strong></span> 
     </span>
     <span class='ocr_line' id='line_1_12' title="bbox 299 1715 1577 1806; baseline 0.001 -32"><span class='ocrx_word' id='word_1_91' title='bbox 299 1715 539 1801; x_wconf 86' lang='lat' dir='ltr'><strong>Zagrabiensis;</strong></span> <span class='ocrx_word' id='word_1_92' title='bbox 583 1719 702 1777; x_wconf 87' lang='lat' dir='ltr'><strong>incolae</strong></span> <span class='ocrx_word' id='word_1_93' title='bbox 748 1726 852 1778; x_wconf 89' lang='lat' dir='ltr'><strong>autem</strong></span> <span class='ocrx_word' id='word_1_94' title='bbox 896 1716 1037 1778; x_wconf 90' lang='lat' dir='ltr'><strong>eiusdem</strong></span> <span class='ocrx_word' id='word_1_95' title='bbox 1071 1717 1205 1797; x_wconf 91' lang='lat' dir='ltr'><strong>primum</strong></span> <span class='ocrx_word' id='word_1_96' title='bbox 1240 1717 1446 1806; x_wconf 83' lang='lat' dir='ltr'><strong>iohbagiones</strong></span> <span class='ocrx_word' id='word_1_97' title='bbox 1485 1717 1577 1777; x_wconf 87' lang='lat' dir='ltr'><strong>castri</strong></span> 
     </span>
     <span class='ocr_line' id='line_1_13' title="bbox 300 1823 1576 1904; baseline 0.001 -23"><span class='ocrx_word' id='word_1_98' title='bbox 300 1823 530 1902; x_wconf 88' lang='lat' dir='ltr'><strong>Zagrabiensis,</strong></span> <span class='ocrx_word' id='word_1_99' title='bbox 562 1836 626 1884; x_wconf 90' lang='lat' dir='ltr'><strong>tum</strong></span> <span class='ocrx_word' id='word_1_100' title='bbox 658 1824 778 1885; x_wconf 92' lang='lat' dir='ltr'><strong>nobiles</strong></span> <span class='ocrx_word' id='word_1_101' title='bbox 811 1825 850 1883; x_wconf 92' lang='lat' dir='ltr'><strong>de</strong></span> <span class='ocrx_word' id='word_1_102' title='bbox 882 1823 1006 1903; x_wconf 89' lang='lat' dir='ltr'><strong>Campo</strong></span> <span class='ocrx_word' id='word_1_103' title='bbox 1033 1823 1249 1904; x_wconf 88' lang='lat' dir='ltr'><strong>Zagrabiensi,</strong></span> <span class='ocrx_word' id='word_1_104' title='bbox 1280 1825 1399 1885; x_wconf 87' lang='lat' dir='ltr'><strong>tardius</strong></span> <span class='ocrx_word' id='word_1_105' title='bbox 1423 1841 1498 1884; x_wconf 91' lang='lat' dir='ltr'><strong>vero</strong></span> <span class='ocrx_word' id='word_1_106' title='bbox 1523 1841 1576 1882; x_wconf 92' lang='lat' dir='ltr'><strong>no·</strong></span> 
     </span>
     <span class='ocr_line' id='line_1_14' title="bbox 299 1929 1577 2011; baseline 0.002 -23"><span class='ocrx_word' id='word_1_107' title='bbox 299 1929 376 1989; x_wconf 91' lang='lat' dir='ltr'><strong>biles</strong></span> <span class='ocrx_word' id='word_1_108' title='bbox 400 1931 491 1991; x_wconf 89' lang='lat' dir='ltr'><strong>unius</strong></span> <span class='ocrx_word' id='word_1_109' title='bbox 514 1933 664 1992; x_wconf 87' lang='lat' dir='ltr'><strong>sessionis</strong></span> <span class='ocrx_word' id='word_1_110' title='bbox 687 1930 801 2010; x_wconf 89' lang='lat' dir='ltr'><strong>Campi</strong></span> <span class='ocrx_word' id='word_1_111' title='bbox 828 1930 1051 2011; x_wconf 87' lang='lat' dir='ltr'><strong>Zagrabiensis</strong></span> <span class='ocrx_word' id='word_1_112' title='bbox 1079 1931 1259 2009; x_wconf 88' lang='lat' dir='ltr'><strong>Turopolya</strong></span> <span class='ocrx_word' id='word_1_113' title='bbox 1285 1930 1367 2005; x_wconf 91' lang='lat' dir='ltr'><strong>dicti,</strong></span> <span class='ocrx_word' id='word_1_114' title='bbox 1391 1951 1428 1991; x_wconf 89' lang='lat' dir='ltr'><strong>ac</strong></span> <span class='ocrx_word' id='word_1_115' title='bbox 1452 1931 1577 1990; x_wconf 87' lang='lat' dir='ltr'><strong>tandem</strong></span> 
     </span>
     <span class='ocr_line' id='line_1_15' title="bbox 299 2036 1576 2120; baseline 0 -23"><span class='ocrx_word' id='word_1_116' title='bbox 299 2046 369 2115; x_wconf 91' lang='lat' dir='ltr'><strong>post</strong></span> <span class='ocrx_word' id='word_1_117' title='bbox 400 2038 560 2100; x_wconf 88' lang='lat' dir='ltr'><strong>obtentum</strong></span> <span class='ocrx_word' id='word_1_118' title='bbox 592 2059 612 2098; x_wconf 90' lang='lat' dir='ltr'><strong>a</strong></span> <span class='ocrx_word' id='word_1_119' title='bbox 642 2040 804 2120; x_wconf 89' lang='lat' dir='ltr'><strong>Rudolpho</strong></span> <span class='ocrx_word' id='word_1_120' title='bbox 835 2040 870 2099; x_wconf 89' lang='lat'><strong>11.</strong></span> <span class='ocrx_word' id='word_1_121' title='bbox 904 2058 986 2098; x_wconf 90' lang='lat' dir='ltr'><strong>anno</strong></span> <span class='ocrx_word' id='word_1_122' title='bbox 1021 2036 1114 2100; x_wconf 84' lang='lat'>1582.</span> <span class='ocrx_word' id='word_1_123' title='bbox 1147 2037 1352 2118; x_wconf 86' lang='lat' dir='ltr'><strong>privilegium,</strong></span> <span class='ocrx_word' id='word_1_124' title='bbox 1387 2038 1576 2098; x_wconf 88' lang='lat' dir='ltr'><strong>universitas</strong></span> 
     </span>
     <span class='ocr_line' id='line_1_16' title="bbox 298 2144 1575 2238; baseline 0.001 -35"><span class='ocrx_word' id='word_1_125' title='bbox 298 2145 444 2206; x_wconf 80' lang='lat' dir='ltr'><strong>nobilium</strong></span> <span class='ocrx_word' id='word_1_126' title='bbox 469 2146 581 2226; x_wconf 89' lang='lat' dir='ltr'><strong>Campi</strong></span> <span class='ocrx_word' id='word_1_127' title='bbox 597 2147 777 2226; x_wconf 82' lang='lat' dir='ltr'><strong>Turopolya</strong></span> <span class='ocrx_word' id='word_1_128' title='bbox 801 2148 1045 2238; x_wconf 87' lang='lat' dir='ltr'><strong>appellabantur,</strong></span> <span class='ocrx_word' id='word_1_129' title='bbox 1069 2165 1131 2226; x_wconf 90' lang='lat' dir='ltr'><strong>quo</strong></span> <span class='ocrx_word' id='word_1_130' title='bbox 1153 2145 1278 2206; x_wconf 90' lang='lat' dir='ltr'><strong>nomine</strong></span> <span class='ocrx_word' id='word_1_131' title='bbox 1296 2146 1388 2208; x_wconf 89' lang='lat' dir='ltr'><strong>etiam</strong></span> <span class='ocrx_word' id='word_1_132' title='bbox 1406 2144 1575 2206; x_wconf 88' lang='lat' dir='ltr'><strong>hodiedum</strong></span> 
     </span>
     <span class='ocr_line' id='line_1_17' title="bbox 298 2253 1576 2337; baseline -0.001 -25"><span class='ocrx_word' id='word_1_133' title='bbox 298 2253 447 2331; x_wconf 84' lang='lat' dir='ltr'><strong>gaudent.</strong></span> <span class='ocrx_word' id='word_1_134' title='bbox 475 2255 634 2330; x_wconf 82' lang='lat' dir='ltr'><strong>Quantum</strong></span> <span class='ocrx_word' id='word_1_135' title='bbox 660 2265 751 2314; x_wconf 84' lang='lat' dir='ltr'><strong>etex</strong></span> <span class='ocrx_word' id='word_1_136' title='bbox 774 2254 954 2337; x_wconf 88' lang='lat' dir='ltr'><strong>privilegiis,</strong></span> <span class='ocrx_word' id='word_1_137' title='bbox 979 2265 1010 2314; x_wconf 86' lang='lat' dir='ltr'><strong>et</strong></span> <span class='ocrx_word' id='word_1_138' title='bbox 1034 2274 1071 2314; x_wconf 89' lang='lat' dir='ltr'><strong>ex</strong></span> <span class='ocrx_word' id='word_1_139' title='bbox 1096 2253 1233 2315; x_wconf 90' lang='lat' dir='ltr'><strong>historiis</strong></span> <span class='ocrx_word' id='word_1_140' title='bbox 1256 2253 1404 2330; x_wconf 75' lang='lat' dir='ltr'><strong>colligere</strong></span> <span class='ocrx_word' id='word_1_141' title='bbox 1429 2253 1508 2326; x_wconf 88' lang='lat' dir='ltr'><strong>licet,</strong></span> <span class='ocrx_word' id='word_1_142' title='bbox 1533 2253 1576 2311; x_wconf 91' lang='lat' dir='ltr'><strong>in·</strong></span> 
     </span>
     <span class='ocr_line' id='line_1_18' title="bbox 300 2360 1577 2441; baseline 0.001 -23"><span class='ocrx_word' id='word_1_143' title='bbox 300 2360 386 2419; x_wconf 89' lang='lat' dir='ltr'><strong>colae</strong></span> <span class='ocrx_word' id='word_1_144' title='bbox 404 2360 435 2419; x_wconf 93' lang='lat' dir='ltr'><strong>hi</strong></span> <span class='ocrx_word' id='word_1_145' title='bbox 459 2361 702 2440; x_wconf 88' lang='lat' dir='ltr'><strong>Turopolienses</strong></span> <span class='ocrx_word' id='word_1_146' title='bbox 719 2362 910 2440; x_wconf 85' lang='lat' dir='ltr'><strong>temporibus</strong></span> <span class='ocrx_word' id='word_1_147' title='bbox 928 2363 1022 2422; x_wconf 90' lang='lat' dir='ltr'><strong>Belae</strong></span> <span class='ocrx_word' id='word_1_148' title='bbox 1039 2362 1089 2422; x_wconf 92' lang='lat' dir='ltr'><strong>lV.</strong></span> <span class='ocrx_word' id='word_1_149' title='bbox 1108 2361 1191 2441; x_wconf 86' lang='lat' dir='ltr'><strong>regis</strong></span> <span class='ocrx_word' id='word_1_150' title='bbox 1207 2360 1355 2434; x_wconf 84' lang='lat' dir='ltr'><strong>fidelitate</strong></span> <span class='ocrx_word' id='word_1_151' title='bbox 1376 2379 1453 2441; x_wconf 83' lang='lat' dir='ltr'><strong>erga</strong></span> <span class='ocrx_word' id='word_1_152' title='bbox 1469 2377 1577 2440; x_wconf 86' lang='lat' dir='ltr'><strong>regem</strong></span> 
     </span>
     <span class='ocr_line' id='line_1_19' title="bbox 300 2467 1577 2548; baseline 0 -23"><span class='ocrx_word' id='word_1_153' title='bbox 300 2486 398 2541; x_wconf 84' lang='lat' dir='ltr'><strong>suum,</strong></span> <span class='ocrx_word' id='word_1_154' title='bbox 422 2470 583 2548; x_wconf 87' lang='lat' dir='ltr'><strong>gestisque</strong></span> <span class='ocrx_word' id='word_1_155' title='bbox 608 2469 792 2530; x_wconf 89' lang='lat' dir='ltr'><strong>militaribus</strong></span> <span class='ocrx_word' id='word_1_156' title='bbox 816 2479 915 2528; x_wconf 90' lang='lat' dir='ltr'><strong>semet</strong></span> <span class='ocrx_word' id='word_1_157' title='bbox 946 2469 1131 2546; x_wconf 87' lang='lat' dir='ltr'><strong>praeprimis</strong></span> <span class='ocrx_word' id='word_1_158' title='bbox 1164 2467 1378 2541; x_wconf 85' lang='lat' dir='ltr'><strong>distinxerunt,</strong></span> <span class='ocrx_word' id='word_1_159' title='bbox 1410 2477 1503 2547; x_wconf 90' lang='lat' dir='ltr'><strong>atque</strong></span> <span class='ocrx_word' id='word_1_160' title='bbox 1537 2467 1577 2525; x_wconf 92' lang='lat' dir='ltr'><strong>ob</strong></span> 
     </span>
     <span class='ocr_line' id='line_1_20' title="bbox 298 2551 1575 2655; baseline 0 -22"><span class='ocrx_word' id='word_1_161' title='bbox 298 2575 376 2634; x_wconf 88' lang='lat' dir='ltr'><strong>haec</strong></span> <span class='ocrx_word' id='word_1_162' title='bbox 407 2594 490 2636; x_wconf 89' lang='lat' dir='ltr'><strong>anno</strong></span> <span class='ocrx_word' id='word_1_163' title='bbox 526 2575 619 2638; x_wconf 85' lang='lat'>1225.</span> <span class='ocrx_word' id='word_1_164' title='bbox 651 2597 669 2635; x_wconf 92' lang='lat' dir='ltr'><strong>a</strong></span> <span class='ocrx_word' id='word_1_165' title='bbox 702 2551 851 2636; x_wconf 85' lang='lat' dir='ltr'><strong>servitute</strong></span> <span class='ocrx_word' id='word_1_166' title='bbox 884 2576 978 2635; x_wconf 83' lang='lat' dir='ltr'><strong>castri</strong></span> <span class='ocrx_word' id='word_1_167' title='bbox 1010 2574 1088 2655; x_wconf 87' lang='lat' dir='ltr'><strong>regii</strong></span> <span class='ocrx_word' id='word_1_168' title='bbox 1119 2575 1342 2655; x_wconf 85' lang='lat' dir='ltr'><strong>Zagrabiensis</strong></span> <span class='ocrx_word' id='word_1_169' title='bbox 1375 2573 1520 2654; x_wconf 88' lang='lat' dir='ltr'><strong>exempti,</strong></span> <span class='ocrx_word' id='word_1_170' title='bbox 1544 2584 1575 2633; x_wconf 89' lang='lat' dir='ltr'><strong>et</strong></span> 
     </span>
     <span class='ocr_line' id='line_1_21' title="bbox 298 2680 1570 2763; baseline 0 -23"><span class='ocrx_word' id='word_1_171' title='bbox 298 2680 457 2744; x_wconf 87' lang='lat' dir='ltr'><strong>nobilitate</strong></span> <span class='ocrx_word' id='word_1_172' title='bbox 485 2683 592 2745; x_wconf 89' lang='lat' dir='ltr'><strong>donati</strong></span> <span class='ocrx_word' id='word_1_173' title='bbox 625 2693 703 2744; x_wconf 91' lang='lat' dir='ltr'><strong>sunt.</strong></span> <span class='ocrx_word' id='word_1_174' title='bbox 737 2686 872 2745; x_wconf 89' lang='lat' dir='ltr'><strong>Tardius</strong></span> <span class='ocrx_word' id='word_1_175' title='bbox 903 2684 975 2744; x_wconf 90' lang='lat' dir='ltr'><strong>dein</strong></span> <span class='ocrx_word' id='word_1_176' title='bbox 1000 2703 1055 2763; x_wconf 90' lang='lat' dir='ltr'><strong>per</strong></span> <span class='ocrx_word' id='word_1_177' title='bbox 1079 2702 1187 2763; x_wconf 88' lang='lat' dir='ltr'><strong>regem</strong></span> <span class='ocrx_word' id='word_1_178' title='bbox 1221 2681 1376 2742; x_wconf 88' lang='lat' dir='ltr'><strong>Mathiam</strong></span> <span class='ocrx_word' id='word_1_179' title='bbox 1400 2681 1570 2742; x_wconf 92' lang='lat' dir='ltr'><strong>Corvinum</strong></span> 
     </span>
     <span class='ocr_line' id='line_1_22' title="bbox 298 2790 1572 2869; baseline 0.001 -22"><span class='ocrx_word' id='word_1_180' title='bbox 298 2790 337 2849; x_wconf 90' lang='lat' dir='ltr'><strong>ob</strong></span> <span class='ocrx_word' id='word_1_181' title='bbox 361 2792 511 2869; x_wconf 89' lang='lat' dir='ltr'><strong>praestita</strong></span> <span class='ocrx_word' id='word_1_182' title='bbox 540 2793 651 2852; x_wconf 89' lang='lat' dir='ltr'><strong>iterum</strong></span> <span class='ocrx_word' id='word_1_183' title='bbox 675 2803 783 2853; x_wconf 88' lang='lat' dir='ltr'><strong>contra</strong></span> <span class='ocrx_word' id='word_1_184' title='bbox 806 2793 1036 2853; x_wconf 88' lang='lat' dir='ltr'><strong>invalescentes</strong></span> <span class='ocrx_word' id='word_1_185' title='bbox 1069 2799 1173 2851; x_wconf 91' lang='lat' dir='ltr'><strong>eotum</strong></span> <span class='ocrx_word' id='word_1_186' title='bbox 1198 2792 1318 2851; x_wconf 90' lang='lat' dir='ltr'><strong>Turcas</strong></span> <span class='ocrx_word' id='word_1_187' title='bbox 1343 2790 1486 2851; x_wconf 90' lang='lat' dir='ltr'><strong>militaria</strong></span> <span class='ocrx_word' id='word_1_188' title='bbox 1509 2808 1572 2849; x_wconf 87' lang='lat' dir='ltr'><strong>ser·</strong></span> 
     </span>
     <span class='ocr_line' id='line_1_23' title="bbox 299 2896 1573 2977; baseline 0.001 -21"><span class='ocrx_word' id='word_1_189' title='bbox 299 2898 375 2957; x_wconf 92' lang='lat' dir='ltr'><strong>vitia</strong></span> <span class='ocrx_word' id='word_1_190' title='bbox 398 2917 480 2959; x_wconf 89' lang='lat' dir='ltr'><strong>anno</strong></span> <span class='ocrx_word' id='word_1_191' title='bbox 516 2896 607 2959; x_wconf 85' lang='grc'>1483.</span> <span class='ocrx_word' id='word_1_192' title='bbox 640 2900 734 2959; x_wconf 91' lang='lat' dir='ltr'><strong>etiarn</strong></span> <span class='ocrx_word' id='word_1_193' title='bbox 759 2918 778 2959; x_wconf 92' lang='lat' dir='ltr'><strong>a</strong></span> <span class='ocrx_word' id='word_1_194' title='bbox 801 2899 953 2959; x_wconf 90' lang='lat' dir='ltr'><strong>solutione</strong></span> <span class='ocrx_word' id='word_1_195' title='bbox 977 2898 1071 2959; x_wconf 92' lang='lat' dir='ltr'><strong>medii</strong></span> <span class='ocrx_word' id='word_1_196' title='bbox 1097 2898 1192 2973; x_wconf 87' lang='lat' dir='ltr'><strong>aurei,</strong></span> <span class='ocrx_word' id='word_1_197' title='bbox 1216 2917 1310 2977; x_wconf 91' lang='lat' dir='ltr'><strong>quem</strong></span> <span class='ocrx_word' id='word_1_198' title='bbox 1334 2917 1373 2959; x_wconf 89' lang='lat' dir='ltr'><strong>ea</strong></span> <span class='ocrx_word' id='word_1_199' title='bbox 1397 2904 1500 2957; x_wconf 88' lang='lat' dir='ltr'><strong>aetate</strong></span> <span class='ocrx_word' id='word_1_200' title='bbox 1525 2915 1573 2957; x_wconf 91' lang='lat' dir='ltr'><strong>re·</strong></span> 
     </span>
     <span class='ocr_line' id='line_1_24' title="bbox 295 3006 1574 3087; baseline 0 -22"><span class='ocrx_word' id='word_1_201' title='bbox 295 3006 367 3087; x_wconf 90' lang='lat' dir='ltr'><strong>liqui</strong></span> <span class='ocrx_word' id='word_1_202' title='bbox 393 3008 512 3067; x_wconf 88' lang='lat' dir='ltr'><strong>nobiles</strong></span> <span class='ocrx_word' id='word_1_203' title='bbox 545 3007 585 3066; x_wconf 92' lang='lat' dir='ltr'><strong>ad</strong></span> <span class='ocrx_word' id='word_1_204' title='bbox 609 3026 732 3067; x_wconf 90' lang='lat' dir='ltr'><strong>cassam</strong></span> <span class='ocrx_word' id='word_1_205' title='bbox 757 3008 878 3087; x_wconf 87' lang='lat' dir='ltr'><strong>regiam</strong></span> <span class='ocrx_word' id='word_1_206' title='bbox 908 3007 1116 3086; x_wconf 76' lang='lat' dir='ltr'><strong>deponebant,</strong></span> <span class='ocrx_word' id='word_1_207' title='bbox 1141 3006 1326 3066; x_wconf 89' lang='lat' dir='ltr'><strong>immunitati</strong></span> <span class='ocrx_word' id='word_1_208' title='bbox 1350 3014 1440 3081; x_wconf 90' lang='lat' dir='ltr'><strong>sunt;</strong></span> <span class='ocrx_word' id='word_1_209' title='bbox 1464 3024 1574 3084; x_wconf 86' lang='lat' dir='ltr'><strong>proce-</strong></span> 
     </span>
     <span class='ocr_line' id='line_1_25' title="bbox 294 3114 1572 3195; baseline -0.001 -22"><span class='ocrx_word' id='word_1_210' title='bbox 294 3114 387 3175; x_wconf 89' lang='lat' dir='ltr'><strong>dente</strong></span> <span class='ocrx_word' id='word_1_211' title='bbox 419 3124 569 3192; x_wconf 88' lang='lat' dir='ltr'><strong>tempore,</strong></span> <span class='ocrx_word' id='word_1_212' title='bbox 601 3135 673 3180; x_wconf 91' lang='lat' dir='ltr'><strong>cum</strong></span> <span class='ocrx_word' id='word_1_213' title='bbox 704 3116 826 3175; x_wconf 87' lang='lat' dir='ltr'><strong>Turcae</strong></span> <span class='ocrx_word' id='word_1_214' title='bbox 859 3116 890 3174; x_wconf 92' lang='lat' dir='ltr'><strong>in</strong></span> <span class='ocrx_word' id='word_1_215' title='bbox 923 3116 990 3175; x_wconf 94' lang='lat' dir='ltr'><strong>dies</strong></span> <span class='ocrx_word' id='word_1_216' title='bbox 1014 3116 1126 3195; x_wconf 87' lang='lat' dir='ltr'><strong>magis,</strong></span> <span class='ocrx_word' id='word_1_217' title='bbox 1147 3114 1315 3195; x_wconf 86' lang='lat' dir='ltr'><strong>&#39;magisque</strong></span> <span class='ocrx_word' id='word_1_218' title='bbox 1340 3121 1572 3195; x_wconf 88' lang='lat' dir='ltr'><strong>grassarentur,</strong></span> 
     </span>
     <span class='ocr_line' id='line_1_26' title="bbox 295 3223 1570 3303; baseline -0.002 -22"><span class='ocrx_word' id='word_1_219' title='bbox 295 3233 326 3281; x_wconf 91' lang='lat' dir='ltr'><strong>et</strong></span> <span class='ocrx_word' id='word_1_220' title='bbox 349 3224 550 3284; x_wconf 85' lang='lat' dir='ltr'><strong>excursiones</strong></span> <span class='ocrx_word' id='word_1_221' title='bbox 573 3223 634 3283; x_wconf 92' lang='lat' dir='ltr'><strong>iam</strong></span> <span class='ocrx_word' id='word_1_222' title='bbox 662 3242 760 3302; x_wconf 90' lang='lat' dir='ltr'><strong>usque</strong></span> <span class='ocrx_word' id='word_1_223' title='bbox 790 3223 979 3303; x_wconf 87' lang='lat' dir='ltr'><strong>Zagrabiam</strong></span> <span class='ocrx_word' id='word_1_224' title='bbox 1004 3224 1170 3301; x_wconf 82' lang='lat' dir='ltr'><strong>proferent,</strong></span> <span class='ocrx_word' id='word_1_225' title='bbox 1194 3241 1251 3301; x_wconf 91' lang='lat' dir='ltr'><strong>pro</strong></span> <span class='ocrx_word' id='word_1_226' title='bbox 1274 3223 1413 3281; x_wconf 91' lang='lat' dir='ltr'><strong>locorum</strong></span> <span class='ocrx_word' id='word_1_227' title='bbox 1438 3229 1470 3280; x_wconf 90' lang='lat' dir='ltr'><strong>et</strong></span> <span class='ocrx_word' id='word_1_228' title='bbox 1492 3229 1570 3281; x_wconf 88' lang='lat' dir='ltr'><strong>tem·</strong></span> 
     </span>
     <span class='ocr_line' id='line_1_27' title="bbox 294 3328 1566 3409; baseline -0.003 -20"><span class='ocrx_word' id='word_1_229' title='bbox 294 3349 403 3409; x_wconf 91' lang='lat' dir='ltr'><strong>porum</strong></span> <span class='ocrx_word' id='word_1_230' title='bbox 433 3330 624 3405; x_wconf 86' lang='lat' dir='ltr'><strong>diversitate,</strong></span> <span class='ocrx_word' id='word_1_231' title='bbox 656 3349 780 3407; x_wconf 87' lang='lat' dir='ltr'><strong>semper</strong></span> <span class='ocrx_word' id='word_1_232' title='bbox 813 3330 922 3391; x_wconf 90' lang='lat' dir='ltr'><strong>iisdem</strong></span> <span class='ocrx_word' id='word_1_233' title='bbox 954 3330 1066 3390; x_wconf 88' lang='lat' dir='ltr'><strong>acriter</strong></span> <span class='ocrx_word' id='word_1_234' title='bbox 1089 3329 1277 3405; x_wconf 86' lang='lat' dir='ltr'><strong>restiterunt,</strong></span> <span class='ocrx_word' id='word_1_235' title='bbox 1302 3337 1332 3390; x_wconf 88' lang='lat' dir='ltr'><strong>et</strong></span> <span class='ocrx_word' id='word_1_236' title='bbox 1356 3328 1503 3407; x_wconf 89' lang='lat' dir='ltr'><strong>quoniam</strong></span> <span class='ocrx_word' id='word_1_237' title='bbox 1528 3328 1566 3385; x_wconf 91' lang='lat' dir='ltr'><strong>vi·</strong></span> 
     </span>
     <span class='ocr_line' id='line_1_28' title="bbox 295 3436 1570 3515; baseline -0.002 -18"><span class='ocrx_word' id='word_1_238' title='bbox 295 3438 442 3497; x_wconf 91' lang='lat' dir='ltr'><strong>cinissimi</strong></span> <span class='ocrx_word' id='word_1_239' title='bbox 467 3439 508 3497; x_wconf 88' lang='lat' dir='ltr'><strong>ad</strong></span> <span class='ocrx_word' id='word_1_240' title='bbox 531 3440 687 3499; x_wconf 87' lang='lat' dir='ltr'><strong>theatrum</strong></span> <span class='ocrx_word' id='word_1_241' title='bbox 713 3439 863 3498; x_wconf 88' lang='lat' dir='ltr'><strong>bellorum</strong></span> <span class='ocrx_word' id='word_1_242' title='bbox 887 3438 1031 3510; x_wconf 81' lang='lat' dir='ltr'><strong>luissent,</strong></span> <span class='ocrx_word' id='word_1_243' title='bbox 1050 3436 1202 3497; x_wconf 89' lang='lat' dir='ltr'><strong>notabiles</strong></span> <span class='ocrx_word' id='word_1_244' title='bbox 1227 3436 1321 3500; x_wconf 88' lang='lat' dir='ltr'><strong>etiam</strong></span> <span class='ocrx_word' id='word_1_245' title='bbox 1346 3436 1452 3496; x_wconf 87' lang='lat' dir='ltr'><strong>clades</strong></span> <span class='ocrx_word' id='word_1_246' title='bbox 1476 3455 1570 3515; x_wconf 89' lang='lat' dir='ltr'><strong>sang·</strong></span> 
     </span>
     <span class='ocr_line' id='line_1_29' title="bbox 296 3542 1573 3623; baseline 0 -21"><span class='ocrx_word' id='word_1_247' title='bbox 296 3545 400 3605; x_wconf 91' lang='lat' dir='ltr'><strong>vinum</strong></span> <span class='ocrx_word' id='word_1_248' title='bbox 432 3544 608 3618; x_wconf 88' lang='lat' dir='ltr'><strong>effusiones,</strong></span> <span class='ocrx_word' id='word_1_249' title='bbox 645 3545 868 3623; x_wconf 81' lang='lat' dir='ltr'><strong>innumeraque</strong></span> <span class='ocrx_word' id='word_1_250' title='bbox 904 3546 1019 3605; x_wconf 89' lang='lat' dir='ltr'><strong>damna</strong></span> <span class='ocrx_word' id='word_1_251' title='bbox 1052 3542 1172 3623; x_wconf 88' lang='lat' dir='ltr'><strong>perpeti</strong></span> <span class='ocrx_word' id='word_1_252' title='bbox 1203 3543 1385 3616; x_wconf 85' lang='lat' dir='ltr'><strong>debuerunt,</strong></span> <span class='ocrx_word' id='word_1_253' title='bbox 1417 3544 1458 3602; x_wconf 90' lang='lat' dir='ltr'><strong>ob</strong></span> <span class='ocrx_word' id='word_1_254' title='bbox 1491 3562 1573 3622; x_wconf 87' lang='lat' dir='ltr'><strong>quae</strong></span> 
     </span>
     <span class='ocr_line' id='line_1_30' title="bbox 295 3650 1572 3732; baseline -0.001 -21"><span class='ocrx_word' id='word_1_255' title='bbox 295 3653 398 3712; x_wconf 90' lang='lat' dir='ltr'><strong>omnia</strong></span> <span class='ocrx_word' id='word_1_256' title='bbox 434 3654 557 3731; x_wconf 88' lang='lat' dir='ltr'><strong>quantis</strong></span> <span class='ocrx_word' id='word_1_257' title='bbox 589 3654 701 3713; x_wconf 89' lang='lat' dir='ltr'><strong>iterum</strong></span> <span class='ocrx_word' id='word_1_258' title='bbox 726 3672 782 3730; x_wconf 91' lang='lat' dir='ltr'><strong>per</strong></span> <span class='ocrx_word' id='word_1_259' title='bbox 805 3653 895 3711; x_wconf 89' lang='lat' dir='ltr'><strong>divos</strong></span> <span class='ocrx_word' id='word_1_260' title='bbox 930 3653 1088 3732; x_wconf 90' lang='lat' dir='ltr'><strong>quondam</strong></span> <span class='ocrx_word' id='word_1_261' title='bbox 1113 3650 1297 3731; x_wconf 86' lang='lat' dir='ltr'><strong>Hungariae</strong></span> <span class='ocrx_word' id='word_1_262' title='bbox 1321 3669 1415 3731; x_wconf 86' lang='lat' dir='ltr'><strong>reges</strong></span> <span class='ocrx_word' id='word_1_263' title='bbox 1438 3651 1500 3711; x_wconf 89' lang='lat' dir='ltr'><strong>sint</strong></span> <span class='ocrx_word' id='word_1_264' title='bbox 1524 3669 1572 3710; x_wconf 89' lang='lat' dir='ltr'><strong>or·</strong></span> 
     </span>
     <span class='ocr_line' id='line_1_31' title="bbox 295 3758 1572 3839; baseline -0.002 -20"><span class='ocrx_word' id='word_1_265' title='bbox 295 3760 358 3820; x_wconf 90' lang='lat' dir='ltr'><strong>nati</strong></span> <span class='ocrx_word' id='word_1_266' title='bbox 381 3760 583 3833; x_wconf 89' lang='lat' dir='ltr'><strong>libertatibus,</strong></span> <span class='ocrx_word' id='word_1_267' title='bbox 607 3761 720 3839; x_wconf 91' lang='lat' dir='ltr'><strong>quibus</strong></span> <span class='ocrx_word' id='word_1_268' title='bbox 744 3760 892 3819; x_wconf 89' lang='lat' dir='ltr'><strong>cumulati</strong></span> <span class='ocrx_word' id='word_1_269' title='bbox 916 3758 1172 3836; x_wconf 89' lang='lat' dir='ltr'><strong>immunitatibus,</strong></span> <span class='ocrx_word' id='word_1_270' title='bbox 1187 3761 1316 3838; x_wconf 87' lang='lat' dir='ltr'><strong>longum</strong></span> <span class='ocrx_word' id='word_1_271' title='bbox 1330 3758 1471 3836; x_wconf 88' lang='lat' dir='ltr'><strong>prolecto</strong></span> <span class='ocrx_word' id='word_1_272' title='bbox 1489 3767 1572 3818; x_wconf 89' lang='lat' dir='ltr'><strong>esset</strong></span> 
     </span>
     <span class='ocr_line' id='line_1_32' title="bbox 293 3865 1572 3946; baseline -0.001 -20"><span class='ocrx_word' id='word_1_273' title='bbox 293 3887 466 3944; x_wconf 87' lang='lat' dir='ltr'><strong>recensere,</strong></span> <span class='ocrx_word' id='word_1_274' title='bbox 490 3888 560 3927; x_wconf 89' lang='lat' dir='ltr'><strong>curn</strong></span> <span class='ocrx_word' id='word_1_275' title='bbox 584 3869 723 3946; x_wconf 85' lang='lat' dir='ltr'><strong>exceptis</strong></span> <span class='ocrx_word' id='word_1_276' title='bbox 746 3868 874 3927; x_wconf 86' lang='lat' dir='ltr'><strong>Andrea</strong></span> <span class='ocrx_word' id='word_1_277' title='bbox 890 3868 936 3926; x_wconf 90' lang='lat' dir='ltr'><strong>Ill.</strong></span> <span class='ocrx_word' id='word_1_278' title='bbox 954 3877 984 3927; x_wconf 85' lang='lat' dir='ltr'><strong>et</strong></span> <span class='ocrx_word' id='word_1_279' title='bbox 1001 3866 1223 3942; x_wconf 82' lang='lat' dir='ltr'><strong>Maximiliano,</strong></span> <span class='ocrx_word' id='word_1_280' title='bbox 1248 3865 1459 3926; x_wconf 86' lang='lat' dir='ltr'><strong>invictissimis</strong></span> <span class='ocrx_word' id='word_1_281' title='bbox 1486 3866 1572 3925; x_wconf 89' lang='lat' dir='ltr'><strong>Hun-</strong></span> 
     </span>
     <span class='ocr_line' id='line_1_33' title="bbox 293 3972 1572 4055; baseline -0.002 -21"><span class='ocrx_word' id='word_1_282' title='bbox 293 3975 401 4053; x_wconf 90' lang='lat' dir='ltr'><strong>gariae</strong></span> <span class='ocrx_word' id='word_1_283' title='bbox 426 3975 562 4055; x_wconf 88' lang='lat' dir='ltr'><strong>regibus,</strong></span> <span class='ocrx_word' id='word_1_284' title='bbox 594 3976 665 4034; x_wconf 91' lang='lat' dir='ltr'><strong>inde</strong></span> <span class='ocrx_word' id='word_1_285' title='bbox 690 3996 708 4035; x_wconf 91' lang='lat' dir='ltr'><strong>a</strong></span> <span class='ocrx_word' id='word_1_286' title='bbox 738 3976 816 4035; x_wconf 92' lang='lat' dir='ltr'><strong>Bela</strong></span> <span class='ocrx_word' id='word_1_287' title='bbox 848 3976 897 4035; x_wconf 90' lang='lat' dir='ltr'><strong>lV.</strong></span> <span class='ocrx_word' id='word_1_288' title='bbox 929 3975 1030 4034; x_wconf 86' lang='lat' dir='ltr'><strong>nullus</strong></span> <span class='ocrx_word' id='word_1_289' title='bbox 1055 3975 1146 4053; x_wconf 87' lang='lat' dir='ltr'><strong>plane</strong></span> <span class='ocrx_word' id='word_1_290' title='bbox 1171 3994 1290 4055; x_wconf 85' lang='lat' dir='ltr'><strong>regum,</strong></span> <span class='ocrx_word' id='word_1_291' title='bbox 1325 3992 1457 4053; x_wconf 88' lang='lat' dir='ltr'><strong>quorum</strong></span> <span class='ocrx_word' id='word_1_292' title='bbox 1480 3972 1572 4051; x_wconf 91' lang='lat' dir='ltr'><strong>privi-</strong></span> 
     </span>
     <span class='ocr_line' id='line_1_34' title="bbox 293 4079 1571 4161; baseline -0.002 -21"><span class='ocrx_word' id='word_1_293' title='bbox 293 4083 375 4161; x_wconf 90' lang='lat' dir='ltr'><strong>legia</strong></span> <span class='ocrx_word' id='word_1_294' title='bbox 398 4083 613 4154; x_wconf 87' lang='lat' dir='ltr'><strong>observantur,</strong></span> <span class='ocrx_word' id='word_1_295' title='bbox 639 4082 686 4155; x_wconf 90' lang='lat' dir='ltr'><strong>sit,</strong></span> <span class='ocrx_word' id='word_1_296' title='bbox 710 4082 763 4160; x_wconf 91' lang='lat' dir='ltr'><strong>qui</strong></span> <span class='ocrx_word' id='word_1_297' title='bbox 787 4083 896 4142; x_wconf 89' lang='lat' dir='ltr'><strong>iisdem</strong></span> <span class='ocrx_word' id='word_1_298' title='bbox 914 4081 1040 4161; x_wconf 91' lang='lat' dir='ltr'><strong>aliquod</strong></span> <span class='ocrx_word' id='word_1_299' title='bbox 1056 4081 1230 4158; x_wconf 89' lang='lat' dir='ltr'><strong>impertitus</strong></span> <span class='ocrx_word' id='word_1_300' title='bbox 1255 4100 1319 4140; x_wconf 85' lang='lat' dir='ltr'><strong>nm</strong></span> <span class='ocrx_word' id='word_1_301' title='bbox 1343 4080 1454 4140; x_wconf 84' lang='lat' dir='ltr'><strong>luisset</strong></span> <span class='ocrx_word' id='word_1_302' title='bbox 1476 4079 1571 4158; x_wconf 91' lang='lat' dir='ltr'><strong>privi-</strong></span> 
     </span>
     <span class='ocr_line' id='line_1_35' title="bbox 294 4186 1570 4269; baseline -0.002 -22"><span class='ocrx_word' id='word_1_303' title='bbox 294 4189 419 4268; x_wconf 86' lang='lat' dir='ltr'><strong>legium.</strong></span> <span class='ocrx_word' id='word_1_304' title='bbox 442 4190 518 4262; x_wconf 91' lang='lat' dir='ltr'><strong>Nos,</strong></span> <span class='ocrx_word' id='word_1_305' title='bbox 535 4191 627 4248; x_wconf 90' lang='lat' dir='ltr'><strong>rebus</strong></span> <span class='ocrx_word' id='word_1_306' title='bbox 645 4190 685 4269; x_wconf 87' lang='lat' dir='ltr'><strong>ad</strong></span> <span class='ocrx_word' id='word_1_307' title='bbox 702 4196 816 4249; x_wconf 89' lang='lat' dir='ltr'><strong>statum</strong></span> <span class='ocrx_word' id='word_1_308' title='bbox 828 4188 1022 4268; x_wconf 89' lang='lat' dir='ltr'><strong>quaestionis</strong></span> <span class='ocrx_word' id='word_1_309' title='bbox 1038 4207 1099 4248; x_wconf 91' lang='lat' dir='ltr'><strong>non</strong></span> <span class='ocrx_word' id='word_1_310' title='bbox 1115 4188 1338 4266; x_wconf 86' lang='lat' dir='ltr'><strong>spectantibus,</strong></span> <span class='ocrx_word' id='word_1_311' title='bbox 1356 4186 1570 4247; x_wconf 88' lang='lat' dir='ltr'><strong>celsitudinem</strong></span> 
     </span>
     <span class='ocr_line' id='line_1_36' title="bbox 295 4296 1571 4377; baseline 0 -24"><span class='ocrx_word' id='word_1_312' title='bbox 295 4306 431 4357; x_wconf 87' lang='lat' dir='ltr'><strong>vestram</strong></span> <span class='ocrx_word' id='word_1_313' title='bbox 447 4297 574 4377; x_wconf 83' lang='lat' dir='ltr'><strong>regiam</strong></span> <span class='ocrx_word' id='word_1_314' title='bbox 597 4316 752 4375; x_wconf 89' lang='lat' dir='ltr'><strong>occupare</strong></span> <span class='ocrx_word' id='word_1_315' title='bbox 777 4316 837 4357; x_wconf 92' lang='lat' dir='ltr'><strong>non</strong></span> <span class='ocrx_word' id='word_1_316' title='bbox 863 4305 1111 4376; x_wconf 86' lang='lat' dir='ltr'><strong>praesumentes,</strong></span> <span class='ocrx_word' id='word_1_317' title='bbox 1135 4296 1287 4357; x_wconf 89' lang='lat' dir='ltr'><strong>Uladislai</strong></span> <span class='ocrx_word' id='word_1_318' title='bbox 1318 4297 1478 4369; x_wconf 86' lang='lat' dir='ltr'><strong>duntaxat,</strong></span> <span class='ocrx_word' id='word_1_319' title='bbox 1511 4296 1571 4355; x_wconf 89' lang='lat' dir='ltr'><strong>Ru·</strong></span> 
     </span>
     <span class='ocr_line' id='line_1_37' title="bbox 293 4401 1570 4485; baseline -0.002 -23"><span class='ocrx_word' id='word_1_320' title='bbox 293 4404 398 4482; x_wconf 92' lang='lat' dir='ltr'><strong>dolphi</strong></span> <span class='ocrx_word' id='word_1_321' title='bbox 421 4404 455 4465; x_wconf 86' lang='lat'><strong>11.</strong></span> <span class='ocrx_word' id='word_1_322' title='bbox 480 4413 510 4463; x_wconf 91' lang='lat' dir='ltr'><strong>et</strong></span> <span class='ocrx_word' id='word_1_323' title='bbox 534 4403 655 4482; x_wconf 86' lang='lat' dir='ltr'><strong>Iosephi</strong></span> <span class='ocrx_word' id='word_1_324' title='bbox 681 4405 710 4475; x_wconf 81' lang='lat' dir='ltr'><strong>l,</strong></span> <span class='ocrx_word' id='word_1_325' title='bbox 734 4404 941 4479; x_wconf 82' lang='lat' dir='ltr'><strong>gloriosorum</strong></span> <span class='ocrx_word' id='word_1_326' title='bbox 957 4405 1140 4485; x_wconf 88' lang='lat' dir='ltr'><strong>Hungariae</strong></span> <span class='ocrx_word' id='word_1_327' title='bbox 1165 4422 1276 4484; x_wconf 90' lang='lat' dir='ltr'><strong>regum</strong></span> <span class='ocrx_word' id='word_1_328' title='bbox 1300 4403 1350 4463; x_wconf 93' lang='lat' dir='ltr'><strong>hic</strong></span> <span class='ocrx_word' id='word_1_329' title='bbox 1375 4401 1570 4462; x_wconf 88' lang='lat' dir='ltr'><strong>advolvimus</strong></span> 
     </span>
     <span class='ocr_line' id='line_1_38' title="bbox 294 4509 1570 4591; baseline -0.002 -21"><span class='ocrx_word' id='word_1_330' title='bbox 294 4512 465 4591; x_wconf 86' lang='lat' dir='ltr'><strong>privilegia,</strong></span> <span class='ocrx_word' id='word_1_331' title='bbox 489 4513 660 4591; x_wconf 84' lang='lat' dir='ltr'><strong>exquibus</strong></span> <span class='ocrx_word' id='word_1_332' title='bbox 684 4520 714 4571; x_wconf 89' lang='lat' dir='ltr'><strong>et</strong></span> <span class='ocrx_word' id='word_1_333' title='bbox 738 4512 777 4584; x_wconf 92' lang='lat' dir='ltr'><strong>id,</strong></span> <span class='ocrx_word' id='word_1_334' title='bbox 802 4514 999 4590; x_wconf 84' lang='lat' dir='ltr'><strong>quantisper</strong></span> <span class='ocrx_word' id='word_1_335' title='bbox 1016 4511 1245 4571; x_wconf 87' lang='lat' dir='ltr'><strong>sacratissimos</strong></span> <span class='ocrx_word' id='word_1_336' title='bbox 1268 4509 1452 4591; x_wconf 87' lang='lat' dir='ltr'><strong>Hungariae</strong></span> <span class='ocrx_word' id='word_1_337' title='bbox 1477 4527 1570 4589; x_wconf 87' lang='lat' dir='ltr'><strong>reges</strong></span> 
     </span>
     <span class='ocr_line' id='line_1_39' title="bbox 294 4614 1569 4696; baseline -0.002 -20"><span class='ocrx_word' id='word_1_338' title='bbox 294 4620 427 4677; x_wconf 88' lang='lat' dir='ltr'><strong>maiores</strong></span> <span class='ocrx_word' id='word_1_339' title='bbox 458 4620 555 4679; x_wconf 87' lang='lat' dir='ltr'><strong>nostri</strong></span> <span class='ocrx_word' id='word_1_340' title='bbox 586 4619 686 4678; x_wconf 90' lang='lat' dir='ltr'><strong>ornati</strong></span> <span class='ocrx_word' id='word_1_341' title='bbox 712 4618 774 4677; x_wconf 91' lang='lat' dir='ltr'><strong>sint</strong></span> <span class='ocrx_word' id='word_1_342' title='bbox 796 4617 1043 4678; x_wconf 88' lang='lat' dir='ltr'><strong>immunitatibus</strong></span> <span class='ocrx_word' id='word_1_343' title='bbox 1068 4628 1098 4677; x_wconf 93' lang='lat' dir='ltr'><strong>et</strong></span> <span class='ocrx_word' id='word_1_344' title='bbox 1121 4618 1325 4692; x_wconf 87' lang='lat' dir='ltr'><strong>libertatibus,</strong></span> <span class='ocrx_word' id='word_1_345' title='bbox 1356 4634 1449 4696; x_wconf 92' lang='lat' dir='ltr'><strong>quarn</strong></span> <span class='ocrx_word' id='word_1_346' title='bbox 1475 4624 1506 4676; x_wconf 91' lang='lat' dir='ltr'><strong>et</strong></span> <span class='ocrx_word' id='word_1_347' title='bbox 1531 4614 1569 4688; x_wconf 88' lang='lat' dir='ltr'><strong>id,</strong></span> 
     </span>
     <span class='ocr_line' id='line_1_40' title="bbox 293 4724 1569 4805; baseline -0.002 -21"><span class='ocrx_word' id='word_1_348' title='bbox 293 4735 485 4805; x_wconf 90' lang='lat' dir='ltr'><strong>quantopere</strong></span> <span class='ocrx_word' id='word_1_349' title='bbox 516 4727 644 4786; x_wconf 89' lang='lat' dir='ltr'><strong>easdem</strong></span> <span class='ocrx_word' id='word_1_350' title='bbox 676 4725 835 4804; x_wconf 89' lang='lat' dir='ltr'><strong>promeriti</strong></span> <span class='ocrx_word' id='word_1_351' title='bbox 868 4727 937 4800; x_wconf 90' lang='lat' dir='ltr'><strong>sint,</strong></span> <span class='ocrx_word' id='word_1_352' title='bbox 970 4726 1093 4785; x_wconf 90' lang='lat' dir='ltr'><strong>abunde</strong></span> <span class='ocrx_word' id='word_1_353' title='bbox 1123 4725 1248 4804; x_wconf 87' lang='lat' dir='ltr'><strong>patebit.</strong></span> <span class='ocrx_word' id='word_1_354' title='bbox 1281 4724 1373 4801; x_wconf 83' lang='lat' dir='ltr'><strong>Quod</strong></span> <span class='ocrx_word' id='word_1_355' title='bbox 1406 4724 1432 4783; x_wconf 90' lang='lat' dir='ltr'><strong>si</strong></span> <span class='ocrx_word' id='word_1_356' title='bbox 1464 4733 1569 4783; x_wconf 89' lang='lat' dir='ltr'><strong>tamen</strong></span> 
     </span>
     <span class='ocr_line' id='line_1_41' title="bbox 294 4831 1568 4913; baseline -0.003 -20"><span class='ocrx_word' id='word_1_357' title='bbox 294 4834 386 4893; x_wconf 89' lang='lat' dir='ltr'><strong>etiam</strong></span> <span class='ocrx_word' id='word_1_358' title='bbox 419 4834 606 4912; x_wconf 88' lang='lat' dir='ltr'><strong>reliquorum</strong></span> <span class='ocrx_word' id='word_1_359' title='bbox 639 4834 808 4893; x_wconf 88' lang='lat' dir='ltr'><strong>maioribus</strong></span> <span class='ocrx_word' id='word_1_360' title='bbox 843 4834 956 4893; x_wconf 89' lang='lat' dir='ltr'><strong>nostris</strong></span> <span class='ocrx_word' id='word_1_361' title='bbox 981 4854 999 4893; x_wconf 87' lang='lat' dir='ltr'><strong>a</strong></span> <span class='ocrx_word' id='word_1_362' title='bbox 1023 4832 1102 4893; x_wconf 90' lang='lat' dir='ltr'><strong>divis</strong></span> <span class='ocrx_word' id='word_1_363' title='bbox 1129 4834 1289 4912; x_wconf 91' lang='lat' dir='ltr'><strong>quondam</strong></span> <span class='ocrx_word' id='word_1_364' title='bbox 1312 4831 1496 4913; x_wconf 86' lang='lat' dir='ltr'><strong>Hungariae</strong></span> <span class='ocrx_word' id='word_1_365' title='bbox 1520 4850 1568 4890; x_wconf 94' lang='lat' dir='ltr'><strong>re·</strong></span> 
     </span>
     <span class='ocr_line' id='line_1_42' title="bbox 292 4939 1570 5020; baseline -0.002 -21"><span class='ocrx_word' id='word_1_366' title='bbox 292 4940 385 5019; x_wconf 85' lang='lat' dir='ltr'><strong>gibus</strong></span> <span class='ocrx_word' id='word_1_367' title='bbox 409 4942 632 5019; x_wconf 89' lang='lat' dir='ltr'><strong>impertitorum</strong></span> <span class='ocrx_word' id='word_1_368' title='bbox 650 4941 884 5020; x_wconf 88' lang='lat' dir='ltr'><strong>privilegiorum</strong></span> <span class='ocrx_word' id='word_1_369' title='bbox 909 4941 1118 5001; x_wconf 90' lang='lat' dir='ltr'><strong>authenticam</strong></span> <span class='ocrx_word' id='word_1_370' title='bbox 1144 4941 1265 5018; x_wconf 89' lang='lat' dir='ltr'><strong>copiam</strong></span> <span class='ocrx_word' id='word_1_371' title='bbox 1291 4939 1441 4999; x_wconf 88' lang='lat' dir='ltr'><strong>celsitudo</strong></span> <span class='ocrx_word' id='word_1_372' title='bbox 1467 4947 1570 4997; x_wconf 90' lang='lat' dir='ltr'><strong>vestra</strong></span> 
     </span>
    </p>
   </div>
   <div class='ocr_carea' id='block_1_5' title="bbox 0 0 1972 5550">
    <p class='ocr_par' dir='ltr' id='par_1_6' title="bbox 0 0 1972 5550">
     <span class='ocr_line' id='line_1_43' title="bbox 0 0 1972 5550; baseline 0 2"><span class='ocrx_word' id='word_1_373' title='bbox 0 0 1972 5550; x_wconf 95' lang='lat' dir='ltr'><strong> </strong></span> 
     </span>
    </p>
   </div>
  </div>
 </body>
</html>
