3934 5550
404 390 470 457 47‘4

400 721 572 785 rationibus
599 723 798 784 observanda
821 725 906 784 velut
929 724 1014 784 nudo
1039 721 1166 783 arbitrio
1190 721 1306 798 relicta,
1328 722 1437 783 nullibi
1460 723 1615 798 definitur,
1638 724 1686 785 ita

399 848 459 890 nec
491 829 597 909 quoad
626 830 820 890 habilitatem
850 831 1067 891 obeundorum
1099 828 1273 888 officiorum
1296 829 1491 908 publicorum
1515 829 1688 910 quidquam
1752 848 1758 863 ·

400 937 604 1013 constituitur,
635 956 745 1009 verum
769 939 810 998 ad
833 940 937 1019 legem
960 939 1001 997 de
1026 936 1225 997 comitatibus
1254 939 1452 998 condendam
1474 938 1684 1017 inexplicabili

399 1064 476 1107 sane
500 1047 539 1106 de
563 1065 660 1106 causa
683 1054 782 1106 totum
804 1047 864 1106 hoc
887 1047 1033 1107 meritum
1049 1048 1216 1125 relegatur,
1240 1064 1321 1124 quae
1345 1046 1372 1105 si
1395 1046 1454 1105 sub
1478 1047 1527 1107 his
1550 1046 1684 1107 comitiis

397 1173 461 1214 non
484 1154 679 1229 successerit
707 1155 856 1233 requisita
880 1154 1048 1214 habilitatis
1073 1172 1129 1231 pro
1146 1154 1298 1213 obeundis
1322 1154 1354 1215 in
1369 1154 1492 1233 Campo
1510 1155 1683 1233 Turopolja

400 1260 581 1321 muneribus
603 1260 735 1339 publicis
757 1262 842 1321 nulla
865 1260 1061 1333 constabunt,
1078 1268 1268 1339 quapropter
1292 1261 1363 1320 huic
1386 1280 1510 1340 quoque
1535 1261 1682 1323 deffectui

399 1368 579 1429 modalitate
603 1369 688 1446 apud
712 1368 789 1428 alios
813 1368 970 1428 districtus
994 1376 1123 1446 recepta
1145 1367 1337 1427 obviandum
1362 1368 1456 1430 venit

506 1476 556 1536 Ad
579 1478 597 1553 ξ
621 1473 673 1536 59.
697 1476 996 1536 Animadversiones
1021 1475 1061 1534 ad
1084 1475 1259 1553 subsequos
1283 1495 1379 1555 supra
1401 1485 1602 1536 occurrentes
1627 1496 1682 1556 pa·

397 1584 581 1665 ragraphos,
605 1592 637 1645 et
652 1583 778 1661 quidem
802 1584 899 1643 relate
924 1583 965 1642 ad
988 1589 1138 1660 punctum
1162 1585 1191 1658 a)
1209 1582 1384 1660 praesentis
1407 1585 1435 1658 §.
1460 1581 1512 1643 59,
1529 1583 1569 1642 ad
1585 1585 1612 1659 ξ.
1633 1581 1683 1643 13.

399 1692 514 1750 reflexe
546 1691 586 1750 ad
616 1697 733 1769 puncta
756 1692 784 1765 c)
810 1691 841 1767 d)
867 1698 897 1749 et
921 1692 950 1765 e)
976 1690 1058 1766 ad§
1086 1685 1134 1747 16.
1161 1722 1199 1732 —
1228 1689 1364 1768 denique
1388 1696 1534 1767 respectu
1558 1692 1682 1750 conclu·

397 1797 494 1858 sionis
515 1798 707 1877 paragraphi
731 1798 832 1871 huiuS,
857 1797 889 1856 in
913 1815 976 1876 qua
1000 1796 1113 1855 iterum
1136 1796 1176 1854 de
1199 1795 1333 1855 termino
1356 1796 1512 1874 praeclusi
1535 1797 1684 1857 senheb-

396 1904 603 1967 dornadarum
633 1904 762 1964 consilio
793 1902 1059 1964 locumtenentiali
1091 1902 1238 1981 ponendo
1265 1921 1369 1963 sermo
1393 1911 1450 1980 est,
1472 1912 1566 1981 prout
1588 1904 1683 1964 etiarn

398 2012 509 2073 intuitu
540 2014 558 2089 ξ
591 2009 643 2072 62.
667 2012 699 2071 in
723 2031 784 2091 quo
815 2030 873 2091 pro
896 2010 1053 2071 revisioue
1076 2010 1230 2074 rationum
1262 2011 1391 2071 consilio
1419 2012 1685 2072 locumtenentiali

399 2121 487 2201 regio
520 2120 628 2180 similis
653 2120 803 2181 terminus
826 2119 981 2205 praeclusi
1005 2117 1096 2178 unius
1119 2118 1193 2177 anni
1216 2120 1348 2197 ponitur,
1373 2120 1413 2179 ad
1436 2121 1474 2196 ἓξ
1500 2117 1550 2181 28.
1576 2130 1608 2180 et
1632 2118 1684 2180 29.

398 2236 613 2308 praenotatae,
637 2228 728 2288 isthic
751 2247 876 2308 quoque
900 2236 1075 2287 reccurunt.

504 2337 555 2396 Ad
577 2344 700 2415 partem
723 2335 752 2395 7.
776 2337 815 2396 de
840 2354 988 2414 suprema
1006 2336 1200 2412 inspectione
1223 2335 1255 2395 in
1278 2336 1388 2395 obtutu
1412 2336 1680 2396 effectuandarum

398 2445 583 2517 exercenda,
615 2444 655 2503 ad
688 2444 865 2521 exemplum
889 2443 1021 2502 aliorum
1044 2442 1240 2502 districtuum
1263 2444 1347 2503 nulla
1371 2443 1406 2503 fit
1429 2443 1576 2522 provisio,
1602 2444 1681 2503 haec

402 2551 492 2630 proni
515 2551 705 2629 suppletorie
729 2550 932 2610 desideratur.

505 2658 555 2717 Ad
568 2660 586 2735 ἓ
599 2655 650 2717 64.
664 2657 695 2717 in
709 2659 811 2717 locum
827 2656 915 2716 vocis
928 2656 1054 2717 civitate
1070 2657 1257 2717 donatarum
1278 2658 1457 2717 »bonosultc
1478 2658 1680 2718 Christianae

398 2765 557 2846 religionis
580 2764 819 2840 confessionum,
844 2764 966 2824 dicatur
988 2764 1060 2845 lege
1083 2771 1282 2843 receptarum
1305 2765 1499 2846 religionum,
1523 2784 1563 2825 ne
1588 2785 1680 2826 secus

398 2872 577 2952 questiones
611 2872 830 2952 religionariae
864 2873 925 2931 hac
959 2872 1125 2931 occasione
1161 2872 1202 2932 ad
1237 2873 1456 2933 incidentalem
1483 2873 1679 2933 deducantur

398 2979 681 3058 pertractationem,
705 2997 786 3057 quae
812 2998 831 3037 a
854 2997 950 3056 scopo
975 2978 1144 3038 abluderet.

506 3087 556 3146 Ad
580 3088 617 3162 ἐξ
641 3083 692 3145 65.
717 3083 768 3145 66.
792 3093 824 3144 et
846 3083 898 3145 67.
923 3085 1071 3165 Ablegati
1093 3086 1235 3146 diaetnlis
1260 3087 1371 3146 electio
1394 3105 1449 3164 per
1473 3089 1626 3148 electores
1648 3087 1681 3147 in

398 3193 671 3254 communitatibus
703 3192 847 3252 iacienda
878 3193 1108 3270 praescribitur,
1140 3194 1194 3273 qui
1223 3203 1329 3254 tamen
1357 3195 1419 3254 sint
1449 3194 1499 3254 isti
1531 3195 1682 3256 electores

397 3301 493 3362 futuri
516 3287 590 3380 quid
613 3301 688 3361 item
712 3321 783 3361 curn
807 3301 865 3360 illis
890 3304 1057 3382 agendum,
1082 3301 1134 3381 qui
1157 3304 1244 3362 velut
1259 3303 1432 3380 scripturae
1449 3302 1553 3382 ignari
1567 3321 1683 3363 nornen

399 3409 536 3489 eligendi
559 3408 698 3489 ablegati
731 3409 906 3486 respectivo
929 3410 1003 3469 lolio
1032 3411 1170 3470 inserere
1194 3430 1257 3469 non
1281 3410 1404 3484 scireut,
1429 3430 1467 3470 ex
1491 3411 1683 3488 praeceden-

396 3518 479 3577 tibus
511 3517 668 3577 nulliunde
698 3517 809 3594 prodit,
841 3517 987 3595 quocirca
1010 3527 1102 3596 prout
1130 3518 1193 3577 iam
1217 3520 1257 3578 ad
1280 3521 1298 3594 ξ
1323 3516 1375 3578 47.
1398 3519 1600 3578 observatum
1624 3518 1679 3577 ha·

398 3625 496 3699 betur,
528 3632 648 3697 cuncta,
680 3643 761 3701 quae
791 3624 842 3684 hic
875 3624 1019 3702 specifice
1052 3625 1155 3684 defnva
1186 3645 1249 3683 non
1277 3634 1357 3699 sunt,
1382 3625 1484 3684 adhuc
1508 3626 1682 3703 supplenda

399 3741 497 3792 erunt.

505 3839 555 3898 Ad
579 3841 616 3916 ἒς
640 3837 701 3912 69.,
726 3839 777 3902 70.
802 3849 833 3900 et
856 3839 907 3899 71.
937 3842 982 3900 Ex
1007 3841 1236 3901 combinatione
1269 3842 1379 3899 horum
1411 3842 1684 3920 paragraphorum

399 3946 450 4006 illa
481 3965 516 4005 se
549 3945 664 4005 evolvit
697 3947 861 4018 anomalia,
893 3948 978 4026 quod
1011 3948 1133 4008 etiarnsi
1161 3939 1322 4026 potioritas
1351 3949 1519 4008 electorum
1544 3948 1684 4028 ablegati

399 4054 541 4114 diaetalis
565 4055 798 4116 revocationem
814 4075 849 4115 se
865 4056 1045 4116 desiderare
1062 4056 1177 4134 scripto
1194 4057 1340 4130 declaret,
1356 4065 1461 4116 tamen
1478 4063 1549 4116 ante
1566 4074 1682 4115 novam

397 4161 580 4222 electionem
610 4163 709 4240 primo
740 4164 932 4241 quaestionis
964 4165 1056 4223 huius
1087 4183 1143 4242 per
1175 4164 1357 4223 scrutinium
1390 4163 1507 4223 decisio
1535 4163 1681 4241 praemit·

396 4269 491 4328 tenda
523 4269 712 4346 disponatur,
742 4271 815 4349 quin
847 4291 911 4330 una
941 4272 1039 4348 ipsius
1070 4272 1208 4330 scrutinii
1241 4273 1407 4331 modalitas
1435 4271 1681 4331 circumstantia-

396 4375 465 4435 liter
488 4376 725 4449 describeretur,
750 4399 811 4457 quo
835 4387 928 4457 paeto
953 4380 1019 4439 fieri
1035 4388 1151 4459 posset,
1176 4389 1209 4439 ut
1234 4390 1343 4440 contra
1366 4382 1558 4440 voluntatem
1583 4379 1681 4458 potio-

398 4482 496 4542 ritatis
519 4483 688 4544 electorum
712 4505 795 4547 nova
815 4486 925 4547 electio
942 4489 1068 4547 omnino
1084 4507 1146 4548 non
1163 4489 1390 4563 institueretur3
1415 4489 1490 4548 dum
1506 4507 1680 4548 econverso

398 4591 555 4669 generalis
587 4594 793 4673 congregatio
818 4595 939 4655 etiarnsi
964 4605 1073 4656 contra
1097 4595 1275 4656 evidentem
1298 4597 1484 4674 potioritatis
1514 4598 1684 4656 electorum

397 4715 525 4757 sensum
559 4699 696 4779 ablegati
729 4704 961 4763 revocationem
993 4704 1098 4764 nesors
1129 4702 1321 4778 desiderans,
1352 4723 1468 4763 novam
1498 4703 1684 4763 electionem

396 4806 581 4883 disponendi
611 4808 769 4870 activitate
802 4812 963 4890 gauderet,
999 4812 1164 4891 taliterque
1195 4811 1367 4889 potioritas
1399 4811 1568 4871 electorum
1604 4811 1689 4870 nudo

398 4912 523 4976 arbitrio
548 4923 579 4976 et
604 4916 777 4980 dominatui
801 4919 960 5000 generalis
984 4919 1243 5001 congregationis
1269 4919 1533 4992 subordinaretur,
1557 4918 1688 4978 aculus
