3934 5550
527 865 619 924 Anno
647 863 739 925 1564.
764 864 815 925 28.
840 867 974 944 augusti.

423 1057 548 1120 (oram
560 1056 744 1122 Anrbrosio
760 1058 801 1120 de
819 1058 1075 1144 Gregoryancz,
1090 1059 1261 1139 vr'cebano,
1273 1059 1416 1145 quidam
1431 1059 1560 1124 rwbiles
1577 1060 1700 1145 Compi

707 1165 955 1252 Zagrobicnsis
974 1171 1222 1252 procuratores
1236 1167 1412 1251 solentur.

532 1363 624 1424 1564.
648 1365 726 1424 seria
758 1365 896 1424 secunda
928 1367 1071 1443 proxima
1104 1374 1175 1444 post
1200 1366 1313 1425 festum
1338 1367 1437 1425 sancti
1466 1367 1698 1426 Bartholomaei

424 1474 565 1550 apostoli,
589 1473 707 1532 nobiles
732 1473 914 1553 Gregorius
945 1475 1108 1547 Martinus,
1140 1475 1318 1553 Stephanus
1348 1476 1507 1555 Krwpych
1540 1477 1579 1535 de
1603 1477 1697 1557 Nagh

422 1565 539 1653 Mlaka,
577 1601 614 1640 ac
648 1581 794 1640 dominae
830 1582 989 1642 Dorothea
1025 1583 1132 1642 relicta
1167 1583 1301 1642 condam
1336 1584 1500 1644 Michaelis
1532 1585 1700 1662 Krwpych,

427 1689 630 1768 Margaretha
655 1708 784 1748 consors
809 1688 919 1748 nobilis
942 1689 1089 1769 Gregorii
1104 1691 1244 1750 similiter
1261 1691 1429 1769 Krwpych,
1443 1710 1503 1751 nec
1518 1711 1581 1751 non
1596 1693 1699 1770 puella

427 1795 632 1876 Margaretha
654 1796 717 1854 filia
741 1795 860 1855 iamfati
883 1797 1015 1856 condam
1040 1797 1204 1857 Michaelis
1235 1799 1395 1876 Krwpych
1417 1799 1458 1858 de
1489 1799 1573 1858 dicta
1603 1800 1698 1879 Nagh

427 1902 543 1974 lllalra,
579 1922 684 1962 coram
718 1903 807 1962 nobis
837 1904 1014 1983 Zagrabiae
1047 1905 1218 1977 constituti,
1253 1905 1329 1964 fassi
1364 1915 1436 1966 sunt
1471 1915 1697 1983 procuratores,

835 2049 1020 2108 Ambrosius
1043 2050 1183 2109 literatus
1207 2051 1378 2110 vicebanus
1401 2071 1495 2110 manu
1520 2052 1652 2128 propria.

531 2187 676 2258 Originale
697 2191 886 2243 chartaceum.
906 2191 937 2244 In
957 2194 1031 2244 arch.
1051 2193 1147 2245 accad.
1167 2194 1266 2245 scient.
1286 2193 1359 2246 Slav.
1378 2210 1446 2245 mer.
1468 2193 1628 2263 Zagrabiae.

536 2645 627 2701 ,luno
656 2639 747 2702 1566.
772 2640 801 2702 8.
826 2643 939 2719 aprilis,

427 2836 629 2921 Capitulum
651 2836 725 2900 eccl.
751 2836 1007 2923 Zograbiensis,
1031 2837 1133 2901 Petro
1161 2838 1340 2922 Erdewdy,
1363 2838 1460 2914 bono,
1491 2838 1532 2901 cle
1562 2838 1601 2901 ol
1631 2836 1701 2901 vio·

425 2944 553 3007 lertlom
577 2942 807 3027 repulsionem
840 2944 987 3007 minime
1004 2948 1146 3030 peracta
1168 2947 1396 3010 restolutione
1426 2944 1559 3009 castelli
1582 2944 1700 3008 kaa·

712 3072 801 3115 wecz
825 3052 1010 3115 Francisco
1033 3052 1073 3116 de
1095 3051 1249 3129 Nadasd,
1273 3052 1388 3137 refert.

533 3251 701 3329 Spectabili
725 3261 755 3311 et
779 3252 946 3331 magnifico
959 3254 1085 3314 domino
1101 3254 1195 3312 Petro
1212 3253 1369 3329 Erdewdy
1385 3255 1424 3312 de
1442 3252 1702 3329 Monyorokerek,

430 3360 534 3418 comiti
558 3367 708 3438 perpetuo
733 3360 847 3418 Montis
872 3360 1004 3434 Claudii,
1028 3380 1066 3420 ac
1088 3380 1258 3440 regnorum
1282 3361 1466 3433 Dalmatiae,
1499 3359 1647 3420 Croatiae
1671 3367 1703 3418 et

427 3468 612 3527 Sclauoniae
647 3469 738 3539 bano,
770 3468 895 3529 domino
931 3479 961 3529 et
997 3470 1098 3528 amico
1133 3469 1271 3547 ipsorum
1307 3468 1472 3547 plurimum
1508 3468 1699 3537 honorando,

428 3575 595 3652 capitulum
627 3577 777 3636 ecclesiae
811 3578 1042 3657 Zagrabiensis,
1088 3577 1255 3636 amicitiam
1290 3586 1434 3654 paratam
1469 3597 1540 3635 cum
1575 3576 1701 3636 honore.

429 3684 540 3741 l'estra
564 3684 684 3741 noverit
708 3685 884 3761 spectabilis
909 3694 940 3744 et
963 3685 1133 3763 magnifica
1156 3684 1327 3743 dominatio
1351 3703 1408 3743 nos
1431 3684 1537 3743 literas
1561 3683 1700 3742 eiusdem

431 3790 670 3851 adiudicatorias
694 3793 809 3868 pariter
833 3801 863 3851 et
887 3792 1131 3852 sententionales
1154 3810 1210 3869 pro
1242 3792 1410 3871 magnifico
1444 3792 1610 3851 Francisco
1641 3792 1703 3850 lilio

429 3897 605 3975 spectabilis
630 3908 660 3956 et
682 3900 840 3978 magnifici
872 3900 1029 3978 quondam
1061 3899 1176 3957 domini
1215 3898 1354 3958 Thomae
1386 3900 1425 3958 de
1455 3899 1594 3972 Nadasd,
1627 3899 1704 3957 alias

429 4006 517 4081 regni
543 4006 723 4085 Huugariae
748 4008 884 4084 palatini,
908 4016 940 4067 et
962 4006 1201 4066 locumtenentis
1214 4025 1323 4066 sacrae
1348 4026 1516 4066 caesareae
1541 4016 1572 4065 et
1596 4006 1702 4085 regiae

429 4113 609 4184 maiestatis,
633 4114 664 4172 in
688 4134 780 4191 quem
806 4115 917 4173 eodem
941 4113 1100 4193 quondam
1124 4114 1250 4172 domino
1275 4116 1398 4172 Tlioma
1421 4114 1582 4189 Nadasdy,
1614 4122 1702 4191 patre

430 4240 486 4281 suo
510 4222 680 4296 demortuo,
706 4242 801 4281 causa
826 4232 874 4281 est
897 4222 1119 4294 condescensa,
1144 4230 1252 4281 contra
1275 4223 1395 4281 nobiles
1428 4222 1566 4281 Blasioni
1590 4221 1702 4300 Pogle-

429 4330 512 4405 dych
535 4330 573 4388 de
598 4330 801 4405 Koryllowcz,
827 4350 863 4389 ac
888 4329 1122 4388 universitatem
1154 4330 1301 4388 nobilium
1334 4330 1447 4409 Campi
1471 4328 1703 4408 Zagrabiensis,

429 4454 521 4513 super
552 4438 687 4513 quadam
721 4436 969 4515 possessionaria
1003 4436 1206 4495 restatutione
1238 4454 1293 4513 per
1326 4447 1464 4496 vestrum
1497 4445 1529 4495 et
1564 4445 1702 4495 nostrum

429 4545 570 4604 homines
595 4545 686 4604 modo
711 4555 742 4603 et
765 4546 871 4604 ordine
898 4546 927 4603 in
953 4545 1071 4604 eisdem
1096 4544 1191 4603 literis
1216 4554 1340 4604 restrae
1365 4545 1542 4623 spectabilis
1560 4552 1591 4603 et
1614 4562 1701 4623 mag·

430 4652 540 4711 nificae
565 4653 783 4712 dominationis
808 4654 1040 4713 adiudicatoriis
1064 4653 1342 4713 sententionalibus
1375 4662 1558 4731 expressato
1591 4652 1703 4727 fienda,

431 4759 615 4839 Zagrabiae,
640 4760 794 4819 sabbatho
818 4762 958 4838 proximo
983 4772 1053 4839 post
1076 4761 1189 4820 festum
1215 4761 1404 4820 ascessionis
1420 4761 1545 4832 domiui,
1564 4759 1703 4837 proxime

429 4878 586 4926 transacto
610 4864 834 4944 praeteritum¹,
859 4878 1030 4939 emanatas,
1062 4870 1213 4947 nobisque
1246 4868 1449 4927 amicabiliter
1480 4868 1641 4944 loquentes
1673 4872 1704 4923 et

431 4976 574 5053 directas,
598 4976 715 5035 honore
740 4996 802 5059 quo
827 4976 931 5035 decuit
955 4976 1122 5058 recepisse,
1146 4976 1229 5035 iuxta
1254 4995 1386 5055 quarum
1402 4977 1560 5037 literarum
1583 4980 1702 5053 specta·
