3934 5550
359 876 453 937 Anno
481 873 573 939 1747.
601 872 650 937 18.
676 874 786 937 martii.
814 874 1002 954 Zagrabiae.

359 1071 496 1150 Quidam
527 1071 646 1132 nobiles
679 1070 791 1149 Campi
821 1071 1053 1152 Zagrabiensis,
1087 1072 1232 1132 videlicet
1254 1073 1396 1151 ignatius
1420 1075 1534 1152 Ztepa·

251 1181 320 1241 nich
356 1180 545 1259 penultimae
581 1177 740 1239 electionis
774 1178 965 1257 capitaneus,
1000 1177 1150 1239 Matthias
1185 1179 1340 1239 Galovich
1364 1182 1535 1242 consimilis

251 1287 410 1349 electionis
441 1286 618 1347 vicecomes
649 1286 813 1360 terrestris,
847 1285 1004 1367 Georgius
1038 1286 1192 1367 Ligutich,
1223 1306 1333 1347 omnes
1357 1298 1420 1349 tres
1444 1290 1536 1350 iuris·

251 1414 437 1471 assessores,
460 1404 491 1455 et
515 1395 630 1455 Paulus
655 1394 791 1469 Mudich,
816 1394 964 1455 emeritus
992 1394 1184 1473 capitaneus,
1209 1405 1240 1455 et
1262 1396 1372 1476 reliqui
1396 1397 1533 1475 potiores

250 1504 363 1584 Campi
398 1502 567 1581 Turopolia
600 1502 692 1563 iurati
727 1520 914 1577 assessores,
941 1502 1191 1563 viceassessores
1223 1522 1261 1563 ac
1292 1504 1422 1579 nobiles,
1445 1506 1531 1566 bano

250 1613 415 1693 querulose
447 1620 613 1691 exponunt,
643 1610 800 1691 quomodo
829 1611 942 1671 veteris
967 1620 998 1671 et
1021 1612 1211 1690 penultimae
1235 1612 1395 1672 electionis
1419 1633 1528 1674 comes

249 1720 404 1781 terrestris
427 1719 585 1801 Georgius
609 1718 789 1800 Pogledich,
814 1718 983 1801 colonellus
1008 1727 1038 1778 et
1062 1738 1132 1779 com
1142 1720 1286 1779 nenlans
1310 1722 1391 1779 confi
1401 1721 1434 1780 ui
1461 1720 1526 1781 Gli-

250 1827 331 1903 nani,
354 1827 481 1888 minime
512 1828 694 1889 observaret
726 1828 907 1887 mandatum
938 1827 1060 1903 banale,
1084 1829 1168 1907 quoi
1200 1828 1231 1888 in
1253 1829 1338 1889 lacto
1365 1829 1527 1890 lactuosae

249 1936 375 1996 ultimae
399 1935 559 1996 electionis
584 1936 786 2017 magistratus
810 1936 951 1995 eiusdem
976 1935 1090 2013 Campi
1114 1944 1294 1997 emanatum
1319 1946 1375 1997 ert.
1392 1937 1442 1997 Ad
1454 1957 1527 1999 con·

250 2052 378 2104 ventum
402 2063 464 2103 non
488 2044 629 2103 invitavit
660 2051 746 2103 extra
778 2042 934 2121 Campum
959 2044 1141 2104 existentes:
1166 2044 1350 2104 colonellum
1373 2045 1528 2117 Slrerlecz,

250 2152 433 2212 colonellum
465 2152 591 2212 Petrum
623 2152 856 2227 Paraminszlry,
890 2150 1047 2211 Davidum
1083 2151 1197 2231 Dergh,
1228 2152 1441 2212 vicecomitem
1465 2154 1528 2212 Va-

250 2259 443 2320 rasdiensem
468 2266 500 2318 et
524 2257 616 2333 alios;
640 2257 714 2317 facit
736 2258 850 2333 omnia,
875 2267 907 2317 ut
931 2257 1089 2331 olliciales,
1114 2257 1259 2318 videlicet
1286 2259 1419 2319 loannes
1452 2260 1532 2319 Mik-

251 2366 325 2440 sich,
340 2365 489 2441 notarius,
511 2373 543 2425 et
566 2365 660 2425 ceteri
685 2365 735 2425 alii
759 2366 789 2425 in
814 2365 925 2426 olliciis
941 2365 1006 2425 suis
1026 2373 1254 2444 permanerent,
1269 2385 1401 2445 quorum
1417 2367 1527 2427 electio

249 2473 379 2535 lactiose
410 2482 540 2553 peracta
564 2481 619 2533 est.
644 2473 757 2533 Petunt
779 2473 983 2533 sublevamen
1014 2473 1125 2532 horum
1148 2472 1367 2553 gravaminum
1391 2493 1529 2534 suorum.

354 2614 500 2686 Originale
528 2616 556 2667 in
586 2614 699 2668 archivo
719 2631 829 2687 regnor.
849 2614 879 2669 C.
898 2614 927 2669 S.
947 2622 976 2667 et
995 2613 1038 2679 [).,
1057 2612 1223 2683 Zagrabiae:
1246 2615 1318 2668 Acta
1335 2614 1447 2669 banalia
1465 2615 1531 2669 anni

253 2704 328 2759 1747.
348 2704 394 2758 Nr.
414 2703 457 2759 30.

353 3210 445 3270 Anno
473 3207 566 3272 1747.

357 3406 552 3486 »Conscripti
575 3405 687 3467 milites
712 3425 794 3467 anno
823 3404 915 3467 1747.
940 3407 981 3466 ad
1004 3407 1174 3468 Bavariam
1198 3405 1316 3468 missi«.
1350 3405 1528 3485 Conscripti

248 3535 274 3578 a.
304 3512 396 3576 1747.
422 3513 474 3575 28.
498 3513 654 3575 februarii.

359 3622 370 3682 l
399 3623 633 3684 Laudenantius
656 3621 733 3681 baro
756 3619 977 3701 Sigismundus
1001 3641 1021 3681 a
1043 3621 1240 3702 Frimbergh.

360 3729 370 3788 l
399 3729 558 3790 Vexilliler
580 3730 608 3790 d.
632 3730 766 3790 loannes
790 3727 972 3789 Petkovich.

359 3835 370 3895 1
399 3835 583 3916 Vigiliarum
607 3835 760 3915 magister
783 3836 922 3896 Thomas
945 3835 1143 3898 Svastovich.

354 3943 374 4003 2
399 3941 641 4022 Tympanistae:
668 3941 825 4023 Georgius
849 3941 933 4003 Czar
956 3950 988 4002 et
1011 3943 1123 4002 Petrus
1146 3942 1338 4008 Kovachich.

359 4050 370 4111 1
399 4069 547 4111 numerus
571 4050 740 4130 corporalis
763 4051 897 4111 loannes
921 4049 1081 4114 Mudich«.

355 4160 535 4240 Sequuntur
565 4159 703 4240 gregarii
734 4158 916 4218 nominatim
949 4157 1104 4237 inscripti:
1143 4159 1170 4217 E
1202 4157 1310 4218 Mlaka
1341 4156 1371 4234 7,
1395 4175 1413 4216 e
1436 4158 1528 4217 Lom-

246 4265 336 4328 nicza
365 4266 412 4342 14,
436 4287 474 4329 ex
503 4267 646 4328 Hrasche
669 4267 699 4342 5,
723 4286 761 4328 ex
786 4274 917 4345 utraque
949 4266 1116 4326 Lukavecz
1147 4263 1177 4340 3,
1210 4284 1227 4325 e
1258 4263 1445 4324 Kurilovecz
1481 4261 1528 4340 13,

245 4375 422 4436 eGoricza
445 4373 517 4450 4,e
548 4374 690 4436 Kobilich
727 4372 774 4450 ll,
798 4382 830 4435 et
853 4373 949 4435 ceteri
980 4371 1024 4433 32
1049 4392 1088 4434 ex
1110 4373 1202 4455 pagis
1233 4391 1365 4453 quorum
1398 4372 1526 4432 nomina

247 4502 309 4544 non
333 4491 441 4544 notata
465 4491 545 4544 sunt.

353 4625 498 4697 Originalc
517 4626 544 4679 in
564 4625 678 4680 archivo
697 4641 839 4680 commun.
858 4625 924 4679 nob.
944 4625 980 4678 de
1000 4623 1168 4693 Turopolje:
1187 4621 1427 4691 conscriptiones.
