3934 5550
1492 438 1558 499 207

276 651 358 709 mitis
389 652 429 711 de
460 653 629 729 Batthyan,
652 654 680 714 d.
705 654 733 714 d.
765 654 944 731 Zagrabiae
968 652 1021 715 31.
1045 655 1181 717 octobris
1205 674 1233 718 a.
1262 652 1364 727 1693.
1388 674 1451 732 qua
1474 674 1558 713 com·

275 758 418 819 munitati
441 760 659 837 Turopoliensi
682 759 892 837 committitur,
917 770 949 819 ut
972 762 1057 821 bona
1079 762 1200 836 eadem,
1223 761 1404 841 fructusque
1428 768 1460 820 et
1485 780 1556 839 pro·

276 874 388 926 ventus
411 850 563 927 bonorum
580 868 764 944 eorundem‚'
781 868 864 928 dicto
887 868 1014 929 domino
1028 869 1137 929 Ioanni
1152 870 1323 948 Ztepanich
1347 867 1378 927 iu
1402 867 1559 949 integrum

277 973 488 1035 restituantur.

380 1094 525 1167 Originale
550 1098 739 1153 chartaceum.
765 1098 910 1153 Decisloni
935 1101 1038 1153 subtus
1067 1115 1236 1170 appressum
1265 1106 1310 1152 est
1337 1059 1461 1170 sigillum
1479 1100 1557 1154 bani.

274 1186 306 1237 ln
324 1185 439 1239 archivo
458 1202 600 1240 commun.
620 1188 686 1241 nob.
706 1188 744 1242 de
762 1189 924 1260 Turopolje.

384 1706 476 1767 Anno
505 1705 597 1768 1694.
626 1706 674 1771 l’l.
698 1708 811 1787 aprilis.
835 1708 1021 1789 Zagrabiae.

273 1918 366 1982 Alex.
403 1918 562 2005 ignatius
594 1918 772 1993 Mikulich.
803 1921 982 2006 episcopus
1021 1921 1266 2007 Zograbieusis
1307 1922 1556 1997 (locumtenens

274 2024 379 2107 bani),
404 2028 547 2091 Petrum
571 2026 843 2113 Szanlrouachley.
877 2029 1036 2093 comitem
1067 2033 1264 2093 terrestrem
1290 2028 1413 2114 Campi
1447 2028 1555 2093 Turo-

551 2135 645 2221 polia
667 2136 714 2200 ad
735 2136 984 2221 conferentiam
1012 2137 1115 2224 regni
1137 2137 1274 2201 invitat.

489 2334 650 2397 Generose
675 2336 799 2397 domine
823 2336 1116 2397 observandissime.

380 2484 540 2561 Siquidem
576 2502 614 2541 ex
648 2481 744 2542 literis
778 2500 854 2543 suae
890 2480 1093 2541 excellentiae
1126 2480 1249 2539 banalis
1284 2500 1368 2541 nona
1399 2478 1553 2541 currentis

274 2592 390 2651 mensis
406 2590 592 2650 Viennaad
616 2608 666 2649 me
690 2590 771 2650 datis
795 2588 1007 2664 intellexerim,
1024 2590 1188 2667 ablegatos
1212 2597 1336 2648 nostros
1359 2589 1423 2648 iam
1447 2588 1479 2646 in
1502 2586 1549 2646 iti-

276 2717 351 2759 nere
376 2717 455 2774 esse,
479 2706 510 2757 et
534 2704 762 2777 consequenter
785 2696 871 2755 iuxta
894 2696 1126 2756 conclusionem
1159 2695 1191 2754 in
1222 2694 1331 2754 ultima
1363 2695 1452 2776 regni
1482 2713 1555 2759 con·

276 2807 462 2887 gregatione
485 2807 610 2880 laetam,
635 2805 828 2866 conlerentia
851 2805 1018 2864 indicenda
1041 2811 1134 2864 esset.
1159 2803 1360 2881 Quapropter
1374 2822 1430 2881 pro
1443 2802 1556 2863 eadem

277 2912 468 2974 conferentia
491 2931 648 2993 generosa
671 2911 842 2972 dominatio
866 2918 972 2970 vestra
996 2912 1046 2971 die
1071 2908 1123 2973 24.
1147 2910 1322 2988 praesentis
1355 2910 1472 2970 mensis
1505 2908 1557 2968 hic

278 3021 363 3086 horis
386 3019 545 3081 matutinis
569 3039 751 3099 comparere
775 3019 858 3084 velit.
881 3020 916 3079 In
939 3019 1058 3097 reliquo
1081 3018 1211 3078 leliciter
1234 3018 1351 3078 valebit

383 3147 565 3206 Generosae
588 3145 809 3206 dominationis
833 3153 957 3205 vestrae
983 3145 1101 3206 amicus
1124 3152 1253 3223 paratus

435 3291 613 3351 Alexander
636 3289 776 3370 lgnatius
801 3288 959 3365 Mikulich,
983 3289 1149 3367 episcopus
1173 3288 1402 3368 Zagrabieusis-
1419 3309 1458 3347 m.
1483 3310 1512 3368 p.

383 3425 570 3516 Zagrahiae‚
595 3435 645 3494 die
673 3433 720 3494 17.
745 3431 970 3513 aprilis-1694.

382 3563 422 3622 ln
447 3562 542 3622 dors
556 3581 591 3621 o:
615 3561 779 3622 Generoso
794 3560 922 3620 domino
937 3561 1032 3620 Petro
1047 3561 1299 3637 Saenkouachky
1316 3560 1405 3620 aliter
1420 3560 1557 3636 Valicza,

276 3670 425 3731 nobilium
450 3670 682 3730 communitatis
705 3668 820 3747 Campi
843 3668 1079 3746 Turopoliensis
1114 3669 1220 3729 comiti
1250 3668 1398 3743 terrestri,
1430 3668 1557 3729 domino

276 3779 571 3838 observandissime

381 3901 527 3973 Originale
547 3903 736 3966 chartaceum,
755 3900 877 3971 sigillum
898 3917 914 3954 a
933 3907 1025 3971 tergo,
1037 3917 1095 3969 quo
1108 3901 1189 3954 litera
1202 3901 1298 3955 clausa
1311 3908 1379 3956 erat
1398 3901 1431 3954 In
1444 3901 1560 3955 archivo

275 4007 418 4046 commun.
438 3993 504 4045 nob.
523 3993 560 4045 de
579 3991 741 4060 Turopolje.

381 4079 494 4134 Similes
513 4082 550 4134 ad
563 4073 643 4150 regni
653 4079 857 4133 conferentiam
870 4080 1048 4133 invitatoriae
1058 4079 1157 4133 literae
1172 4081 1200 4132 in
1214 4082 1317 4133 eodem
1333 4081 1447 4150 archivo
1461 4067 1560 4134 extant

275 4176 449 4237 sequentes:
467 4169 604 4236 Stephani
623 4169 816 4223 Selischeulch
836 4170 872 4222 ad
892 4170 1015 4222 eundern
1036 4169 1149 4222 Petrum
1169 4170 1392 4240 Szcnlrouachky
1420 4171 1561 4225 directae:

383 4259 410 4311 d.
430 4259 456 4311 d.
477 4253 638 4328 Zagrabiae,
659 4257 699 4312 13.
720 4275 784 4329 aug,
805 4257 882 4311 1694.
902 4259 938 4311 ad
963 4257 1120 4311 conferent.
1148 4259 1188 4312 17.
1218 4275 1280 4330 aug.
1307 4259 1461 4329 Zagrabiae
1488 4259 1561 4314 cele-

276 4349 375 4401 braud.
1305 4389 1308 4394 .

384 4438 411 4490 d.
431 4438 457 4490 d.
479 4437 641 4507 Zagrabiae‚
669 4436 710 4490 16.
736 4437 806 4490 febr.
834 4436 911 4491 1695.
939 4438 976 4490 ad
1002 4437 1159 4492 conserent.
1184 4438 1226 4491 22.
1253 4438 1324 4492 febr.
1351 4439 1379 4490 in
1405 4438 1562 4491 residentia

276 4524 431 4594 episcopali
452 4525 604 4596 Zagrabiae
623 4525 784 4598 celebrand.

386 4617 413 4669 d.
433 4617 459 4669 d.
480 4614 644 4683 Zagrabiae.
664 4615 688 4668 9.
704 4633 766 4686 aug.
783 4615 1140 4670 1695.adconserent.15.
1160 4633 1223 4686 aug.
1238 4617 1391 4686 Zagrabiae
1407 4617 1561 4670 celebrand
1637 4637 1642 4646 ·

382 4705 518 4774 Stephani
532 4705 672 4772 Chikuliu‚
684 4707 822 4773 vicebani‚
842 4708 869 4761 d.
890 4709 916 4760 d.
936 4705 1111 4771 Oroszlavle‚
1125 4707 1166 4759 19.
1180 4722 1239 4773 apr.
1259 4706 1336 4759 1696.
1353 4708 1389 4759 ad
1402 4706 1560 4773 conserent,

276 4795 301 4848 6.
323 4797 390 4848 maii
410 4795 564 4865 Zagrahiae
583 4795 744 4849 celebrand.

384 4886 410 4938 d.
431 4887 457 4938 d.
478 4884 649 4950 Oroszlavie.
669 4885 693 4938 8.
714 4902 772 4953 apr.
788 4885 864 4939 1697.
880 4887 916 4939 ad
929 4886 1087 4949 conferent,
1102 4885 1143 4939 lb.
1158 4903 1217 4953 apr.
1231 4887 1382 4939 Varasdini
1396 4885 1551 4938 celebrand

276 4975 377 5029 ambae
395 4973 482 5028 Paulo
502 4975 641 5045 Ligutich
661 4975 758 5028 comiti
778 4981 843 5028 terr.
864 4975 988 5041 scriptae
1007 4975 1193 5028 invitatoriae.
