3934 5550
858 589 1005 677 (Celeres
1026 589 1186 665 amissisl.

487 740 527 799 ln
550 740 697 798 Felsed
731 738 948 797 Lomnicza
979 735 1137 797 domini
1167 737 1377 810 Skerlecz,
1410 735 1655 813 companiac

379 845 532 907 domini
555 846 823 921 Szkidinzky.

486 953 577 1013 Miles
601 953 725 1013 nomine
757 952 948 1028 Leonardus,
984 952 1068 1031 apud
1102 953 1272 1012 Martinum
1304 951 1508 1012 Maurocbicb
1540 949 1655 1029 quarti·

378 1060 489 1136 rizans,
514 1060 686 1141 accipiebat
709 1079 765 1139 per
789 1059 808 1119 2
832 1060 1000 1138 portiones,
1023 1054 1121 1121 facit².

487 1169 579 1228 Miles
611 1167 736 1228 nornine
768 1166 912 1241 Michael,
944 1168 1028 1246 apud
1059 1166 1259 1227 Franciscum
1291 1166 1420 1243 Kraylly
1443 1163 1657 1243 quartirizans,

378 1277 552 1357 accipiebat
574 1276 732 1356 portiones
757 1274 787 1350 2,
810 1275 892 1335 lacit.

486 1384 576 1445 Miles
600 1384 725 1444 nomine
748 1382 909 1455 Matthias,
940 1383 1023 1463 apud
1058 1382 1224 1442 Matthiam
1259 1381 1406 1441 Grubacb
1441 1378 1658 1459 quartirizans,

378 1492 552 1571 accipiebat
574 1492 734 1571 portiones
758 1490 787 1565 2,
810 1490 893 1551 facit.

483 1600 575 1660 Miles
599 1598 742 1659 nomines
766 1599 892 1673 Paulus,
916 1597 1000 1678 apud
1017 1599 1172 1659 Thomam
1196 1597 1318 1657 Karasz
1342 1594 1557 1674 quartirizans,
1575 1593 1653 1653 acci·

378 1709 485 1788 plebat
508 1706 667 1786 portiones
691 1706 721 1783 2,
745 1704 828 1769 lacit.

483 1816 569 1876 ldem
593 1814 723 1875 veniens
747 1812 777 1873 in
802 1814 920 1874 curiam
952 1812 1196 1893 suprascriptam
1230 1811 1429 1871 Lomniczam
1466 1808 1513 1868 12.
1537 1809 1654 1868 mensis

377 1922 535 1997 februarii,
559 1922 752 2000 provisorem
778 1922 916 1981 eiusdem
941 1920 1047 1981 curiae
1070 1939 1126 1999 per
1160 1920 1290 1979 barbam
1324 1918 1428 1993 traxit,
1463 1916 1654 1996 clavigerum

376 2032 502 2092 inversa
524 2029 645 2090 lramea
668 2048 724 2108 per
747 2030 874 2089 dorsum
899 2037 1043 2108 potenter
1066 2028 1224 2089 concussit
1247 2035 1304 2087 etc.

483 2138 574 2197 Miles
598 2137 722 2196 nomine
746 2137 899 2211 Andreas,
924 2136 1007 2215 apud
1032 2136 1197 2196 Matthiam
1228 2133 1400 2194 Vlabovicb
1434 2132 1649 2210 quartirizans,

377 2244 551 2325 accipiebat
574 2243 733 2322 portiones
757 2243 787 2320 2,
811 2244 893 2304 lacit.

862 2386 995 2497 (celeris
1015 2387 1171 2469 emissis).

481 2532 627 2602 originale
645 2532 834 2586 chartaceum.
854 2533 885 2585 ln
904 2530 1018 2585 archivo
1037 2546 1180 2585 commun.
1197 2531 1265 2585 nob.
1283 2530 1321 2583 de
1340 2527 1501 2597 TuropolJe.

486 2676 493 2705 ¹
511 2676 624 2731 Scilicet
643 2676 669 2728 in
690 2676 873 2745 praecedenti
893 2677 1066 2729 documento
1080 2674 1257 2741 subscriptis.
1295 2674 1304 2700 ²
1324 2672 1450 2739 precium
1470 2687 1527 2724 non
1547 2677 1592 2722 cst
1606 2686 1654 2722 no-

374 2772 472 2821 tatum.

970 3051 1075 3124 1⁷³.

480 3250 572 3310 Anno
601 3248 692 3311 1697.
721 3248 767 3312 18.
794 3251 905 3330 aprilis
930 3251 1080 3311 Viennae.

374 3445 494 3509 Comes
519 3444 677 3509 Adamas
700 3443 740 3508 de
771 3443 956 3528 Buttlzyon,
988 3442 1108 3517 bairais,
1133 3441 1354 3506 resciversitali
1384 3439 1509 3518 Campi
1546 3439 1652 3502 luro-

478 3552 644 3638 poliensis
665 3551 861 3639 gre-neruum
885 3551 1174 3660 insprraclionem
1194 3549 1370 3637 publicare
1394 3550 1546 3614 mandat.

587 3769 749 3829 Generose
773 3769 897 3829 domine
921 3767 1011 3828 nobis
1034 3767 1241 3828 observande.

480 3913 620 3974 Salutem
644 3921 675 3972 et
699 3913 796 3973 nostri
818 3911 1078 3973 benevolentiam.
1102 3911 1246 3991 Benigno
1261 3930 1339 3970 suae
1357 3910 1529 3970 maiestatis
1543 3929 1649 3971 sacra-

371 4022 512 4084 tissimae
528 4020 677 4081 mandato
693 4020 868 4080 intimatum
891 4019 981 4078 nobis
1006 4019 1114 4094 extitit,
1139 4037 1209 4078 eam
1234 4037 1305 4078 esse
1330 4019 1500 4078 altissimae
1518 4019 1650 4078 mentio·

371 4138 466 4192 natae
490 4129 663 4189 maiestatis
688 4147 857 4189 caesareae
881 4127 1157 4188 clementissimam
1181 4126 1416 4210 dispositionem
1440 4147 1477 4188 ac
1502 4136 1649 4204 mentem,

374 4247 408 4298 ut
432 4237 512 4297 inter
536 4245 679 4297 caeteros
702 4235 891 4295 imminentis
913 4234 944 4293 in
969 4234 1111 4312 proximo
1135 4235 1343 4314 campagniae
1367 4255 1554 4316 progressus
1586 4236 1649 4296 bel-

371 4346 457 4418 licos
481 4344 619 4404 nonnulli
643 4345 673 4403 in
697 4343 838 4422 partibus
861 4341 951 4422 regni
975 4341 1139 4414 Croaticis,
1163 4341 1344 4420 etquidem
1375 4362 1437 4402 non
1461 4343 1564 4403 minus
1579 4363 1651 4421 .pro

371 4454 419 4514 sui
444 4452 562 4513 servitii
585 4451 786 4526 incremento,
811 4470 848 4511 ac
871 4449 997 4532 proprio
1021 4450 1115 4510 etiam
1140 4450 1296 4509 communi
1320 4459 1459 4510 nostrum
1484 4451 1586 4511 lruetu
1621 4459 1652 4511 et

371 4561 537 4622 commodo
560 4560 654 4620 futuri
677 4559 884 4635 instituantur,
908 4565 1223 4636 promoveanturque.

478 4669 513 4728 ln
536 4687 668 4747 quorum
692 4667 951 4745 prosecutionem,
975 4665 1152 4744 siquando
1183 4685 1265 4725 nunc
1288 4665 1428 4745 profecto
1452 4666 1651 4727 dominorum

369 4785 508 4837 statuum
533 4793 570 4835 ac
594 4775 737 4835 ordinum
761 4773 995 4852 promptissima
1017 4774 1238 4850 cooperatione
1262 4793 1341 4850 opus
1362 4793 1432 4834 esse
1449 4775 1650 4835 manifestum

367 4885 474 4963 liquet,
497 4882 656 4961 ipsiusque
681 4881 797 4942 domini
821 4881 937 4941 domini
961 4881 1057 4940 nostri
1083 4881 1314 4940 clementissimi
1348 4901 1386 4940 ea
1416 4882 1648 4962 benignissima
