3934 5550
390 445 456 512 510

496 663 633 725 Asseres'
659 664 700 725 ad
731 663 1002 745 propugnaculum
1035 665 1064 726 in
1101 663 1214 724 Maiori
1245 661 1391 740 Gorycza
1414 661 1591 743 deputatos
1615 665 1674 724 sub

387 793 490 852 poena
513 775 665 834 hactenus
688 769 935 853 sancita'usque
957 773 1004 834 15.
1022 774 1104 832 diem
1122 773 1349 850 add[ucantur],
1365 791 1497 851 quorum
1522 774 1676 832 rationem

384 882 563 942 conscribet
589 883 703 943 nobilis
727 883 861 942 loannes
884 882 1062 958 Iuanchych
1087 881 1227 942 fideliter.

966 1081 980 1111 ῃ
1091 1082 1103 1104 s

1028 1123 1041 1153 ‘l‘

501 1272 593 1336 1615.
625 1273 704 1334 feria
737 1273 885 1347 secunda,
910 1273 941 1332 in
964 1273 1045 1332 lesto
1076 1271 1232 1332 videllieet
1255 1272 1339 1332 beati
1362 1273 1574 1332 Bartholomei
1599 1291 1671 1350 apo·

289 1452 296 1464 ⁸
395 1379 488 1456 stoli⁵,
512 1383 542 1443 in
566 1383 695 1442 castello
720 1382 896 1456 Lukauecz,
917 1380 1128 1440 universitatis
1146 1380 1296 1440 nobilium
1314 1378 1427 1460 Campi
1451 1379 1675 1460 Zagrabiensis

390 1490 474 1550 facta
497 1498 545 1549 est
569 1498 600 1550 et
624 1489 781 1550 celebrata
805 1489 962 1570 generalis
987 1489 1193 1568 congregatio
1218 1489 1388 1546 eorundem
1412 1488 1569 1548 nobilium.

497 1592 671 1658 Statutum⁴³
694 1605 743 1656 est
766 1596 905 1655 unanimi
928 1604 1014 1670 vot0,
1036 1605 1070 1655 ut
1095 1595 1229 1654 Michael
1247 1595 1429 1674 Ztepanyclr
1453 1595 1483 1656 in
1508 1595 1673 1654 Koriloucz

391 1723 598 1776 commorans,
622 1704 686 1782 (qui
710 1705 861 1763 hactenus
888 1702 1018 1783 signifer
1041 1721 1096 1783 per
1121 1703 1254 1762 eandem
1277 1702 1531 1762 communitatem
1557 1705 1673 1763 electus

391 1821 422 1871 et
446 1812 648 1872 confirmatus
672 1811 837 1887 extiterat),
861 1811 893 1869 in
916 1811 1020 1870 officio
1035 1809 1157 1887 sylvani
1180 1829 1236 1868 seu
1260 1811 1457 1886 vayuodatus
1481 1819 1673 1888 permaneat,

392 1919 445 1998 qui
468 1939 541 1978 mox
567 1927 598 1978 et
621 1918 691 1998 ipso
713 1918 797 1978 facto
829 1919 933 1977 denuo
961 1918 1169 1978 iuramentum
1194 1917 1349 1996 praestitit
1372 1935 1478 1978 coram
1502 1925 1567 1976 tota
1592 1937 1673 1976 com·

391 2026 551 2088 munitate.

493 2134 545 2194 Ad
576 2133 837 2213 supplicationem
864 2132 994 2212 Georgii
1019 2133 1204 2208 Leuachich,
1233 2133 1285 2210 qui
1308 2133 1461 2192 hactenus
1485 2132 1588 2192 officio
1621 2151 1670 2191 ca-

387 2244 571 2302 stellanatus
595 2241 714 2300 castelli
747 2241 914 2300 Lukauecz
937 2240 1061 2299 functus
1086 2249 1161 2312 erat,
1187 2260 1224 2299 ex
1249 2240 1342 2300 certis
1367 2239 1548 2312 rationibus,
1573 2240 1668 2320 potis·

389 2351 502 2409 simum
537 2367 612 2408 vero
652 2355 779 2426 propter
813 2347 953 2426 corporis
989 2347 1037 2406 sui
1072 2346 1251 2406 continuam
1286 2345 1525 2426 aegritudinem,
1560 2348 1671 2406 eodem

389 2455 494 2515 oificio
517 2456 739 2515 castellanatus
756 2473 794 2514 ex
812 2454 950 2516 unanimi
972 2453 1124 2533 suffragio
1140 2453 1234 2513 totius
1251 2455 1481 2516 communitatis
1498 2455 1673 2528 eliberatur,

389 2563 459 2622 loco
483 2581 559 2622 vero
584 2562 725 2622 eiusdem
748 2562 873 2642 eligitur
896 2560 1008 2621 nobilis
1031 2562 1165 2621 Ioannes
1181 2562 1363 2640 Ztepanych
1389 2563 1427 2620 de
1451 2561 1565 2622 Dolnia
1581 2562 1671 2621 Lom-

388 2671 486 2744 nicza,
510 2671 562 2750 qui
585 2671 654 2750 ipso
676 2671 760 2730 iacto
784 2671 898 2730 ibidem
921 2659 1132 2728 iuramentum
1155 2669 1317 2747 praestitit.

496 2798 660 2857 Secundus
695 2795 851 2874 portarius
887 2796 1006 2855 castelli
1041 2794 1207 2855 Lukauecz
1243 2794 1369 2875 eligitur
1403 2795 1493 2874 agilis
1536 2795 1670 2855 Michael

392 2905 604 2981 Loncharych,
627 2904 681 2983 qui
705 2923 777 2963 mox
802 2912 833 2963 et
856 2904 924 2981 ipso
947 2903 1031 2962 facto
1056 2912 1286 2963 sacramentum
1310 2902 1473 2981 praestitit.

495 3012 557 3072 Pro
580 3012 804 3071 conservandis
828 3011 998 3092 privilegiis
1015 3012 1187 3070 eorundem
1203 3010 1351 3071 nobilium
1369 3011 1525 3089 eliguntur
1550 3011 1672 3090 egregii

389 3120 533 3180 dominus
557 3139 663 3179 comes
694 3120 851 3199 Georgius
874 3119 1031 3199 Wagych,
1054 3119 1199 3178 Andreas
1224 3118 1498 3194 Chednelrowych,
1522 3120 1671 3191 notarius,

388 3225 420 3287 et
443 3227 591 3287 Nicolaus
622 3228 789 3305 Pepelych‚
814 3227 866 3305 qui
890 3226 1005 3306 singuli
1032 3226 1174 3305 singulas
1198 3225 1303 3285 claves
1328 3245 1346 3285 a
1370 3234 1459 3302 cysta
1483 3244 1540 3285 seu
1563 3226 1668 3286 ladula

390 3336 472 3415 apud
504 3355 538 3395 se
568 3336 744 3408 habebunt3
776 3333 927 3411 praedicti
958 3333 1105 3393 custodes
1136 3332 1270 3393 clavium
1302 3333 1343 3393 ad
1373 3333 1555 3393 fidelitatem
1588 3334 1664 3393 iura·

389 3450 529 3501 mentum
554 3443 592 3502 de
617 3444 700 3501 lacto
723 3442 954 3520 praestiterunt,

497 3548 633 3607 Relictae
657 3549 816 3627 quondam
840 3547 965 3607 loannis
993 3548 1067 3621 Ruz,
1092 3546 1236 3609 videlicet
1267 3548 1406 3607 Helenae
1440 3548 1587 3625 Klarych‚
1617 3549 1672 3609 ha·

388 3655 454 3716 bito
484 3664 629 3733 respectu
660 3657 870 3734 orphanorum
904 3655 1053 3728 eiusdem,
1088 3655 1316 3714 concreduntur
1339 3654 1476 3734 pulveris
1500 3655 1673 3734 sulphurati

388 3763 486 3822 librae
509 3761 545 3837 4;
582 3771 653 3822 octo
688 3782 764 3822 vero
795 3761 954 3840 praefatus
987 3762 1144 3840 quondam
1179 3762 1312 3821 Ioannes
1343 3757 1435 3821 szl
1465 3763 1497 3822 in
1527 3762 1673 3823 humanis

390 3870 492 3930 adhuc
527 3889 635 3949 agene,
667 3870 882 3929 communitati
914 3870 954 3929 ad
986 3870 1147 3929 castellum
1182 3869 1347 3929 Lukauecz
1380 3872 1470 3949 plene
1495 3878 1527 3929 et
1548 3870 1673 3951 integre

391 3977 627 4037 administravit.

495 4094 633 4154 Relictae
659 4093 749 4174 agilis
773 4093 931 4172 quondam
955 4093 1102 4153 Andreae
1120 4094 1239 4168 Mareu,
1256 4093 1400 4153 videlicet
1416 4094 1572 4174 Agathae,
1588 4095 1673 4154 bona

390 4202 441 4262 illa
465 4202 613 4261 universa
637 4210 668 4260 et
690 4200 760 4260 iura
783 4200 1032 4279 possessionaria
1057 4200 1087 4259 in
1111 4200 1300 4277 lllouenyak,
1322 4200 1445 4279 Campo
1469 4210 1500 4260 et
1524 4202 1672 4261 comitatu

389 4308 595 4388 Zagrabiensi
626 4308 769 4368 existenti
800 4308 909 4368 habita
938 4308 1151 4380 restituuntur,
1176 4316 1207 4366 et
1230 4308 1269 4367 de
1292 4307 1376 4367 sacto
1406 4308 1622 4388 resignantur3
1646 4308 1672 4368 si

390 4416 463 4495 quid
497 4434 574 4475 vero
609 4415 683 4475 iuris
713 4415 809 4475 habet
849 4434 938 4475 soror
966 4414 1100 4493 Caspari
1132 4416 1285 4491 Terbych,
1317 4410 1420 4500 habet,
1444 4416 1528 4475 viam
1560 4435 1672 4490 suam;

390 4524 482 4604 agilis
506 4524 640 4583 loannes
664 4522 879 4583 Cherulenecz
902 4522 1034 4582 maritus
1058 4522 1198 4582 eiusdem
1226 4526 1303 4600 petit
1333 4523 1499 4583 terminum
1531 4525 1571 4584 ad
1602 4543 1672 4603 pro-

389 4631 545 4706 bandum3
568 4650 625 4709 per
649 4630 807 4689 dominum
833 4630 978 4689 comitem
1004 4630 1096 4689 datur
1118 4629 1269 4689 terminus
1290 4650 1346 4708 per
1362 4631 1497 4691 eundem
1513 4631 1673 4691 dominum

390 4737 534 4797 comitem
559 4736 790 4817 praefigendus.

957 4882 961 4889 .
1088 4858 1101 4890 ἸΙ

1024 4904 1040 4941 ᾗ
