3934 5550
1502 421 1568 484 369

286 639 404 693 tectum
427 633 571 706 dirutum,
603 653 762 693 cameram
792 633 938 693 frumenti
969 635 1010 694 ad
1040 636 1121 695 duas
1153 637 1315 696 clausuras
1348 645 1419 716 post
1451 639 1568 716 aliquot

286 760 387 802 annos
419 741 549 801 basibus
582 741 785 822 indigentem,
820 742 979 802 fornacem
1003 742 1173 821 pistoream
1206 763 1263 824 per
1295 745 1453 806 miseriam
1485 747 1568 806 bono

285 855 370 908 tecto
395 868 458 908 non
481 848 650 927 provisam.

392 955 444 1019 29.
467 957 545 1016 Item
575 956 712 1015 Mathias
736 955 944 1016 Blasekovich
979 957 1076 1016 habet
1106 958 1232 1017 domum
1263 958 1388 1032 bonam,
1419 961 1565 1021 horreum

288 1062 415 1138 bonum,
441 1082 598 1123 cameram
622 1062 768 1123 frumeuti
791 1063 924 1136 bonam;
948 1063 1022 1122 item
1046 1083 1204 1124 cameram
1229 1065 1389 1144 antiquam
1413 1068 1571 1128 adunam

285 1170 464 1230 clausuram
489 1170 686 1250 reparatione
722 1169 923 1251 indigentem,
955 1171 1049 1231 haras
1073 1171 1274 1252 biaugulares
1298 1175 1442 1252 antiquas
1475 1175 1515 1234 ad
1548 1173 1567 1234 3

285 1278 448 1338 clausuras
471 1279 668 1358 reparatione
682 1277 869 1358 indigentes,
892 1280 987 1338 haras
1012 1279 1160 1339 alatilium
1185 1280 1329 1360 antiquar
1355 1281 1463 1342 ruinae
1479 1282 1564 1342 incli-

287 1394 415 1462 nantes;
452 1387 527 1446 item
551 1386 628 1446 alias
652 1387 745 1445 haras
781 1385 930 1445 alatilium
964 1385 1157 1459 mediocres3
1192 1388 1320 1446 domum
1335 1387 1472 1448 Michael
1487 1388 1564 1448 Kat-

285 1495 380 1554 tulieh
404 1495 499 1554 habet
521 1493 647 1568 bonam,
670 1493 806 1552 culinam
828 1493 1016 1553 forinsecam
1041 1492 1201 1572 antiquam
1225 1513 1295 1554 cum
1320 1494 1446 1555 fornace
1470 1494 1565 1573 pisto·

283 1621 339 1663 rea
361 1611 444 1663 tecto
467 1602 550 1662 bono
573 1621 636 1661 non
658 1601 825 1679 provisam,
850 1601 1076 1662 columbarium
1099 1621 1223 1666 novum.

391 1727 443 1789 30.
466 1729 587 1789 Nobilis
609 1729 743 1789 loannes
766 1729 856 1808 Bapt.
880 1726 1088 1788 Blasekovich
1105 1728 1265 1807 antiquam
1281 1728 1481 1805 mediocrem,
1498 1730 1568 1789 hor·

285 1856 373 1898 reum
397 1836 558 1917 antiquum
582 1836 657 1896 nihil
680 1836 797 1910 valens,
821 1854 963 1914 proquo
987 1843 1060 1894 sunt
1083 1835 1144 1894 iam
1170 1833 1286 1914 aliquot
1310 1835 1423 1896 robora
1447 1843 1566 1914 parata,

282 1946 376 2005 haras
401 1943 581 2005 animalium
604 1945 645 2005 ad
667 1953 731 2004 tres
747 1944 909 2003 clausuras
932 1943 1032 2003 bonas
1056 1941 1183 2002 basibus
1197 1943 1388 2030 indigentes,
1403 1962 1562 2004 cameram

281 2053 501 2113 frumentalem
525 2052 565 2112 ad
589 2071 683 2112 uuam
707 2051 884 2111 clausuram
907 2051 1038 2124 bonam3
1062 2051 1136 2110 item
1161 2049 1201 2113 ad
1226 2052 1304 2111 duas
1321 2040 1482 2111 clausuras
1507 2071 1558 2111 ca·

282 2179 401 2220 meram
425 2159 586 2238 antiquam
610 2158 739 2219 basibus
774 2157 978 2238 indigentem,
1002 2157 1144 2217 harulam
1168 2157 1318 2218 alatilium
1341 2159 1372 2218 in
1396 2166 1480 2218 statu
1503 2177 1567 2218 me·

284 2268 391 2341 diceri,
436 2267 576 2327 culinam
611 2266 796 2326 forinsecam
833 2285 904 2325 cum
939 2264 1067 2324 fornace
1102 2265 1239 2344 pistorea
1282 2265 1442 2345 antiquam
1476 2265 1571 2326 medi·

284 2395 399 2437 ocrem.

390 2481 441 2543 31.
472 2483 608 2543 Michael
639 2482 830 2558 Povolnyak,
855 2482 983 2542 colonus
1016 2481 1161 2541 dominae
1193 2481 1371 2542 comitissae
1394 2483 1561 2558 Maleuih,

285 2592 381 2651 habet
404 2591 532 2650 domum
555 2590 702 2650 miseram
727 2589 896 2668 antiquam,
919 2589 1096 2649 horreolum
1114 2589 1278 2668 parvulum
1302 2589 1414 2650 nullius
1439 2591 1563 2666 valoris,

283 2699 376 2757 haras
399 2698 440 2758 ad
463 2696 542 2756 duas
566 2697 728 2757 clausuras
751 2696 878 2756 basibus
902 2695 1080 2777 indigentes
1104 2714 1205 2755 secus.
1225 2695 1255 2755 in
1279 2703 1363 2756 statu
1394 2696 1564 2772 mediocri3

284 2807 358 2867 item
392 2824 489 2886 penes
524 2806 700 2867 horreolum
731 2807 809 2865 hara
832 2805 873 2865 ad
896 2823 992 2863 unam
1027 2805 1203 2865 clausuram
1241 2804 1372 2879 ruinata,
1406 2806 1566 2865 fornacem

286 2914 455 2994 pistoream
479 2914 679 2974 mediocrem.
1471 2898 1473 2903 ¹

391 3039 443 3101 32.
466 3040 586 3102 Nobilis
609 3040 747 3100 Mathias
771 3038 939 3099 Komesich
965 3039 1060 3098 habet
1083 3038 1210 3099 domum
1234 3038 1423 3100 mediocrem
1447 3038 1504 3099 sed
1520 3056 1559 3099 ex

178 3154 186 3165 ‘
283 3168 346 3209 una
369 3158 457 3227 parte
482 3148 574 3208 valde
597 3146 785 3222 inclinatam,
808 3146 883 3225 quia
898 3146 992 3205 bases
1016 3146 1137 3214 desunt,
1161 3146 1307 3205 horreum
1332 3145 1492 3225 antiquum
1510 3146 1563 3206 ali·

286 3276 349 3335 qua
380 3264 487 3316 tamen
521 3253 720 3335 reparatione
756 3261 788 3313 et
821 3252 950 3313 basibus
985 3252 1140 3333 indigens,
1175 3254 1268 3313 haras
1301 3254 1479 3313 animalium
1515 3273 1568 3315 an·

285 3363 388 3444 tiquas
413 3364 508 3424 etiam
531 3364 729 3441 reparatione
753 3362 942 3442 indigentes,
973 3379 1133 3419 cameram
1156 3360 1302 3420 frumenti
1327 3360 1486 3439 antiquam
1509 3361 1564 3421 ba·

286 3472 372 3531 sibus
395 3470 609 3532 necessitatur.

390 3594 442 3660 33.
464 3594 617 3655 Providus
641 3594 776 3655 Michael
800 3593 975 3665 Novoszell,
1009 3592 1258 3653 reverendissimi
1282 3592 1398 3653 domini
1422 3593 1566 3653 canonici

284 3702 477 3782 loszipovich
512 3702 649 3776 colonus,
679 3701 775 3762 habet
799 3702 925 3761 domurn
957 3700 1073 3759 bonam
1097 3700 1152 3759 sed
1185 3699 1216 3759 in
1250 3698 1366 3759 ambitu
1399 3701 1562 3779 perpluum

283 3818 409 3885 tectum,
433 3810 579 3869 horreum
603 3810 720 3869 bonurn
744 3808 915 3887 antiquum,
938 3808 1033 3866 haras
1058 3807 1098 3866 ad
1114 3816 1177 3866 tres
1194 3806 1355 3866 clausuras
1371 3807 1499 3867 basibus
1515 3808 1559 3867 in·

283 3919 427 3999 digentes
451 3924 483 3976 et
505 3916 684 3995 pavimento
707 3915 852 3992 inferiori,
877 3934 1036 3975 cameram
1058 3914 1205 3973 frumenti
1229 3914 1269 3973 ad
1293 3915 1372 3973 duas
1403 3916 1565 3975 clausuras

283 4026 313 4085 in
337 4025 420 4085 bono
444 4032 535 4098 statu,
570 4024 664 4084 haras
688 4023 849 4084 maialiuor
880 4022 1025 4101 antiquas
1049 4022 1080 4082 in
1104 4021 1186 4081 bono
1208 4030 1299 4095 statu,
1314 4020 1441 4081 basibus
1457 4030 1563 4082 tamen

285 4133 471 4212 indigentes,
494 4131 655 4192 fornacem
679 4132 848 4209 pistoream
873 4131 1071 4191 mediocrem.

392 4256 443 4318 34.
474 4258 629 4319 Providus
663 4259 796 4317 loannes
827 4258 949 4338 Evang.
986 4256 1149 4329 Mathean,
1184 4255 1368 4315 domicellae
1403 4255 1566 4315 [ellachich

286 4369 425 4441 colonus,
449 4366 574 4426 domum
601 4366 758 4446 antiquam
782 4365 857 4425 nihil
873 4366 1039 4438 valentem,
1063 4364 1118 4423 sed
1142 4363 1237 4423 habet
1259 4382 1375 4423 novam
1399 4382 1436 4421 ex
1461 4363 1567 4423 solidis

283 4474 446 4536 roboribus
456 4481 617 4544 errectam,
626 4473 778 4553 superiori
792 4473 971 4551 pavimento
983 4473 1035 4549 [et]
1050 4470 1147 4549 portis
1162 4470 1306 4530 omnibus
1319 4478 1486 4545 carentem,
1502 4470 1566 4529 foe-

283 4583 430 4663 uilegium
466 4582 498 4641 in
531 4579 552 4641 6
591 4581 742 4641 columnis
776 4581 902 4654 bonum,
936 4581 1031 4638 haras
1078 4578 1223 4657 antiquas
1268 4577 1309 4637 ad
1340 4574 1360 4636 3
1398 4578 1559 4637 clausuras

284 4709 396 4769 parum
420 4689 569 4749 valentes.

391 4813 442 4875 35.
465 4814 618 4874 Providus
642 4813 779 4873 Mathias
803 4813 965 4887 Maretich,
998 4813 1125 4872 colonus
1144 4811 1245 4871 dictae
1269 4810 1451 4870 domicellae
1479 4810 1565 4869 lella·

284 4924 383 5005 chich,
406 4922 501 4988 habet
524 4922 651 4987 domum
675 4920 799 4997 bonam,
815 4920 1016 5001 foenilegium
1031 4920 1062 4981 in
1079 4940 1134 4980 sex
1156 4918 1307 4980 columnis
1322 4919 1448 4992 bonum,
1470 4918 1568 4977 haras

1461 5038 1497 5093 al
