3934 5550
406 415 472 484 380

406 639 552 699 horreum
584 638 744 718 antiquum
777 637 942 713 mediocre,
974 638 1068 697 haras
1092 637 1132 698 ad
1156 633 1362 699 clausuras4
1393 635 1573 716 pavimento
1614 634 1690 700 infe·

408 748 480 806 riori
504 747 691 828 indigentes,
715 746 874 807 fornacem
897 746 1068 825 pistoream
1091 747 1217 807 bonam.

514 873 566 934 42.
590 873 710 933 Nobilis
740 872 877 934 Michael
906 872 1080 952 Ztepanich
1110 872 1215 933 senior
1246 874 1342 933 habet
1374 874 1501 935 domum
1530 873 1689 955 antiquam

407 983 510 1055 talem,
534 989 568 1041 ut
591 981 649 1041 nisi
684 981 778 1041 aliam
812 981 963 1056 habuerit,
995 981 1035 1040 de
1058 999 1141 1040 novo
1165 989 1297 1057 corruet,
1329 980 1442 1043 robora
1473 981 1548 1043 nihil
1583 983 1690 1043 valent

407 1089 466 1149 nisi
497 1108 555 1168 pro
586 1088 676 1169 igne3
707 1089 853 1148 horreum
885 1087 1051 1162 mediocre,
1090 1088 1184 1148 haras
1208 1089 1382 1148 mediocres
1418 1089 1459 1148 ad
1483 1090 1503 1149 5
1527 1090 1688 1149 clausuras

408 1195 589 1275 pavimento
612 1195 749 1256 inferiori
767 1195 952 1275 indigentes,
965 1213 1136 1282 ¹cameram
1152 1195 1298 1256 frumenti
1312 1197 1437 1272 bonam,
1460 1197 1621 1257 fornacem
1644 1196 1690 1274 pi-

410 1309 548 1363 stoream
571 1321 627 1382 per
650 1302 877 1383 negligentiam
899 1321 962 1362 non
986 1303 1103 1362 bonam
1121 1303 1224 1362 habet.

516 1427 567 1491 43.
591 1429 712 1490 Nobilis
729 1428 864 1489 Mathias
877 1429 1032 1489 Deverich
1046 1429 1142 1488 habet
1154 1430 1282 1489 domum
1291 1430 1415 1488 novitus
1428 1440 1582 1491 enectam
1591 1449 1628 1490 ex
1642 1449 1691 1489 so·

407 1539 476 1599 lidis
493 1537 664 1612 roboribus,
679 1535 822 1596 omnibus
835 1536 1022 1596 necessariis
1034 1536 1203 1615 provisam,
1217 1537 1361 1596 horreum
1381 1537 1550 1617 antiquum,
1563 1537 1692 1598 basibus

390 1642 563 1726 ¹indigens,
598 1662 756 1704 cameram
785 1643 930 1704 frumenti
954 1643 995 1704 ad
1030 1663 1125 1703 unam
1156 1645 1333 1704 clausuram
1364 1646 1489 1720 bonam,
1521 1647 1615 1706 baras
1639 1665 1692 1705 an·

408 1754 512 1832 tiquas
526 1753 654 1812 basibus
669 1761 700 1812 et
716 1751 895 1832 pavimento
910 1750 1047 1811 inferiori
1062 1751 1248 1832 indigentes,
1268 1753 1363 1812 haras
1380 1753 1538 1812 maialium
1555 1753 1595 1812 ad
1612 1753 1692 1812 duas

409 1862 580 1933 clausuras,
604 1867 635 1918 et
651 1878 749 1938 penes
773 1877 930 1918 cameram
956 1858 996 1918 ad
1021 1878 1117 1918 unum
1140 1859 1316 1919 clausuram
1341 1859 1469 1920 basibus
1491 1859 1694 1939 indigentem,

409 1967 544 2027 culinam
568 1985 639 2026 cum
662 1965 790 2026 fornace
813 1965 952 2044 pistorea
975 1966 1100 2029 bonam.

515 2089 566 2150 44.
591 2089 710 2150 Nobilis
734 2089 891 2170 Georgius
920 2090 1074 2150 Deverich
1091 2091 1186 2150 habet
1201 2090 1329 2151 domum
1352 2092 1468 2152 bonam
1484 2111 1546 2152 non
1570 2091 1692 2171 pridem

411 2207 606 2278 reparatam;
631 2197 705 2257 item
729 2199 875 2256 horreum
899 2198 993 2257 babet
1018 2197 1177 2277 antiquum
1202 2197 1331 2257 basibus
1353 2207 1424 2277 post
1448 2199 1566 2278 aliquot
1596 2219 1695 2259 annos

408 2305 563 2386 indigens,
587 2305 681 2364 haras
705 2303 850 2383 antiquas
874 2303 959 2364 ad4
992 2305 1153 2364 clausuras
1186 2305 1369 2383 mediocres,
1393 2306 1467 2366 item
1490 2306 1600 2366 haram
1625 2326 1690 2366 ma·

408 2413 514 2474 ialium
530 2412 570 2472 ad
584 2431 680 2492 unam
696 2419 818 2491 portam
834 2412 1032 2490 reparatione
1049 2412 1250 2493 indigentem,
1275 2432 1434 2474 cameram
1450 2414 1492 2474 ad
1508 2414 1589 2474 duas
1605 2416 1688 2475 clau-

411 2539 501 2581 suras
534 2519 648 2579 bonam
681 2518 861 2597 pavimento
885 2519 1022 2579 inferiori
1056 2538 1148 2579 secus
1172 2527 1204 2578 et
1225 2519 1354 2581 basibus
1383 2521 1585 2600 indigentem.
1619 2522 1696 2581 ltem

410 2629 569 2688 fornacem
593 2625 763 2705 pistoream
787 2645 897 2704 parum
922 2627 1086 2687 valentem.

517 2733 569 2799 45.
593 2732 713 2794 Nobilis
737 2733 872 2794 Michael
896 2733 1051 2794 Deverich
1074 2734 1171 2795 habet
1193 2734 1354 2815 antiquam
1378 2741 1547 2817 angustam
1564 2736 1691 2797 domum

410 2861 527 2923 magna
551 2841 764 2901 melioratione
788 2840 990 2921 indigentem,
1022 2843 1168 2902 horreum
1186 2842 1355 2921 antiquum,
1378 2862 1462 2903 novo
1477 2843 1540 2903 iam
1569 2845 1694 2923 incepto

412 2949 585 3022 ellaborari,
609 2967 647 3007 ex
681 2949 808 3027 antiquo
839 2949 923 3008 aliud
955 2949 1131 3034 aedificium
1162 2950 1276 3030 poterit
1303 2958 1472 3028 exstruere,
1498 2952 1592 3011 haras
1616 2953 1693 3011 anti-

410 3076 490 3138 quas
513 3056 687 3116 mediocres
711 3056 890 3134 pavimento
917 3058 1121 3131 necessarias,
1153 3058 1239 3136 quod
1262 3057 1476 3136 pavimentum
1500 3078 1539 3117 ex
1563 3059 1692 3137 antiquo

413 3168 526 3227 horreo
561 3164 627 3223 fieri
662 3170 773 3242 potest.
810 3165 960 3223 Harulam
985 3184 1042 3244 pro
1066 3166 1230 3225 maialibus
1254 3166 1377 3225 bonam.
1401 3168 1573 3227 Fomacem
1597 3168 1691 3245 pisto

414 3292 500 3333 ream
524 3291 580 3351 per
603 3271 829 3351 negligentiam
853 3290 916 3331 non
937 3272 1061 3335 bonam.

516 3376 567 3439 46.
601 3379 754 3438 Providus
785 3378 942 3459 Georgius
966 3380 1119 3455 Kozman,
1143 3380 1271 3440 colonus
1295 3380 1474 3459 spectabilis
1497 3382 1614 3441 domini
1638 3401 1689 3441 co·

411 3486 493 3547 mitis
517 3486 673 3546 terrestris
696 3486 821 3545 loannis
844 3485 923 3564 Nep.
947 3486 1123 3563 Zdenczay‚
1149 3488 1242 3547 babet
1266 3488 1393 3547 domum
1417 3487 1449 3547 in
1465 3488 1580 3547 misero
1600 3498 1692 3562 statu,

412 3596 557 3653 horreum
583 3593 743 3672 antiquum
766 3612 823 3672 pro
847 3612 928 3653 nunc
952 3594 1119 3667 mediocre,
1153 3595 1248 3654 haras
1272 3596 1313 3655 ad
1336 3592 1356 3653 3
1381 3597 1543 3656 clausuras
1567 3613 1692 3674 repara·

412 3701 497 3761 tione
521 3700 707 3781 indigentes,
731 3701 900 3778 pistoream
923 3701 1084 3760 fornacem
1110 3702 1223 3761 nullius
1249 3703 1371 3763 valoris.

517 3823 568 3892 47,
593 3825 713 3885 Nobilis
745 3824 902 3905 Georgius
935 3824 1162 3886 Dianessevich
1194 3827 1290 3886 habet
1324 3828 1452 3887 domum
1486 3829 1601 3889 bonam
1639 3829 1696 3889 sed

410 3952 469 4012 pro
493 3932 610 3993 familia
633 3932 773 3992 eiusdem
798 3940 975 4012 angustam,
1003 3935 1149 3993 horreum
1173 3936 1342 4013 antiquum,
1367 3943 1437 4013 post
1454 3937 1570 4015 aliquot
1595 3955 1695 3997 annos

409 4058 493 4100 novo
518 4039 679 4120 indigebit,
715 4041 809 4099 baras
841 4040 1044 4120 biangulares
1078 4041 1178 4101 bonas
1210 4061 1310 4101 novas
1341 4043 1382 4101 ad
1406 4041 1427 4100 4
1450 4042 1613 4103 clausuras
1637 4063 1691 4122 pa·

410 4146 548 4205 vimento
579 4145 715 4205 inferiori
747 4146 898 4226 indigere,
928 4147 1024 4207 haras
1055 4149 1214 4209 maialium
1247 4151 1287 4210 ad
1320 4171 1414 4211 unam
1437 4162 1560 4231 portam
1584 4154 1692 4227 bonas,

383 4271 536 4312 ‚camera
559 4252 705 4313 frumenti
729 4253 760 4313 in
791 4261 874 4313 statu
904 4254 1004 4329 bono;
1041 4254 1114 4315 item
1145 4258 1336 4317 camerulam
1372 4259 1486 4319 bonam
1518 4262 1691 4337 parvulam,

407 4360 567 4421 lomacem
601 4360 769 4440 pistoream
802 4362 962 4440 antiquam
987 4381 1043 4440 per
1067 4364 1291 4444 negligentiam
1321 4366 1404 4427 bono
1427 4374 1510 4427 tecto
1535 4386 1596 4427 non
1620 4387 1691 4445 pro-

409 4468 519 4540 visam,
543 4468 768 4528 columbarium
792 4468 958 4530 mediocre.

516 4590 570 4657 48.
591 4592 691 4653 Ptolis
704 4592 866 4653 Michaelis
890 4595 1084 4655 landrievich
1109 4596 1237 4676 antiqua
1252 4597 1395 4677 proxima
1410 4599 1528 4671 ruinae,
1546 4601 1692 4661 horreum

410 4700 625 4760 melioratione
649 4718 766 4780 magno
790 4700 918 4779 indiget,
954 4703 1048 4763 haras
1070 4703 1272 4784 biangulares
1295 4706 1396 4765 bonas
1419 4708 1460 4767 ad
1484 4705 1505 4766 8
1527 4709 1695 4769 clausuras·

515 4822 566 4887 49.
591 4824 711 4885 Nobilis
734 4826 900 4886 Lektoriclt
925 4828 1073 4887 Nicolaus
1096 4829 1191 4888 habet
1214 4830 1341 4890 domum
1366 4832 1481 4891 bonam
1513 4833 1544 4892 in
1577 4834 1695 4895 ambitu

408 4938 526 4993 tectum
569 4932 741 5011 perpluum,
785 4934 931 4994 horreum
968 4935 1129 5014 antiquum
1172 4939 1370 5016 reparatione
1403 4938 1557 5019 indigens,
1604 4942 1698 5001 haras
