3934 5550
1502 410 1568 473 203

286 626 491 701 decrevimus,
515 626 780 705 quemadmodum
808 624 1019 704 praesentium
1044 627 1158 687 virtute
1182 625 1355 701 indicimus,
1379 636 1411 685 et
1434 635 1565 687 eatenus

285 735 530 813 promulgamus.
548 735 601 795 'Ac
623 734 952 813 proinde'generosae
983 733 1188 794 dominationi
1219 743 1344 793 vestrae
1376 735 1563 795 authoritate

285 848 392 913 nostra
413 840 518 900 banali
541 840 670 901 finniter
691 840 919 919 praecipientes
943 841 1165 902 committimus
1187 850 1220 901 et
1242 843 1437 919 mandamus,
1461 850 1494 901 ut
1510 860 1564 902 ao·

285 948 383 1026 ceptis
414 947 639 1026 praesentibus,
670 948 812 1009 homines
843 966 927 1023 suos,
958 948 1276 1028 communitatemque
1300 968 1387 1009 more
1411 950 1564 1010 hactenus

284 1056 451 1115 observato
482 1065 514 1117 et
545 1056 725 1135 practicato,
756 1074 882 1117 annona
913 1057 1040 1135 quidem
1072 1076 1129 1134 pro
1156 1054 1335 1135 quindecim
1357 1055 1468 1116 diebus
1492 1076 1562 1134 pro

286 1164 379 1239 visos,
410 1163 505 1223 armis
536 1172 700 1242 praeterea
723 1172 755 1223 et
778 1163 948 1223 munitione
980 1163 1061 1223 bene
1085 1164 1261 1240 instructos,
1284 1164 1328 1224 ita
1351 1164 1505 1241 disponat,
1529 1174 1563 1225 ut

285 1288 347 1332 una
370 1278 441 1329 cum
464 1271 584 1345 iisdem,
607 1289 664 1350 pro
688 1269 900 1350 suprascripta
923 1270 973 1330 die
998 1269 1121 1331 decima
1144 1289 1227 1329 nona
1250 1271 1391 1344 labentis,
1416 1272 1456 1331 ad
1473 1290 1563 1350 prae·

284 1378 397 1438 sidium
421 1378 567 1455 Petrinya
590 1397 662 1439 sese
689 1376 808 1451 sistere,
832 1385 864 1438 et
887 1378 1003 1438 ibidem
1027 1376 1162 1452 indilate,
1187 1384 1281 1456 atque
1305 1379 1363 1438 sub
1386 1398 1490 1457 poena
1513 1397 1562 1438 ar·

283 1484 404 1545 ticulari
428 1503 610 1565 comparere
633 1485 732 1564 possit
756 1494 786 1545 et
818 1485 940 1561 debeat,
964 1486 1017 1545 ubi
1048 1493 1080 1544 et
1102 1503 1161 1559 nos
1183 1486 1244 1546 deo
1268 1486 1362 1546 dante
1387 1486 1498 1546 virium
1532 1497 1563 1545 et

284 1593 394 1653 aetatis
429 1600 554 1653 nostrae
589 1592 790 1653 imbecillitati
824 1593 951 1653 minime
982 1603 1164 1671 parcentes,
1200 1594 1405 1673 personaliter
1438 1596 1561 1666 adesse,

220 1694 221 1697 ’
282 1700 471 1779 ulteriusque
495 1700 589 1761 unitis
614 1720 650 1761 ac
674 1701 786 1761 iunctis
810 1702 1005 1761 dominorum
1034 1708 1172 1762 statuum
1196 1710 1290 1781 atque
1321 1702 1463 1762 ordinum
1497 1711 1561 1762 stu-

283 1806 351 1881 diis,
375 1807 535 1869 servitium
570 1828 647 1869 suae
682 1809 855 1869 maiestatis
894 1808 1141 1884 sacratissimae,
1167 1808 1283 1872 domini
1316 1809 1433 1869 domini
1465 1810 1563 1869 nostri

283 1916 515 1977 clementissimi
538 1916 692 1996 prosequi,
717 1925 748 1977 et
771 1918 1014 1977 emolumenturn
1033 1916 1156 1995 patriae
1180 1934 1365 1995 promovere
1397 1916 1560 1977 adlabora-

282 2023 392 2084 bimus.
417 2025 449 2083 ln
473 2024 591 2103 reliquo
615 2024 729 2084 valebit
753 2023 939 2087 ielioissime.
963 2024 1063 2084 Secus
1086 2025 1262 2084 nullatenus
1285 2024 1415 2084 lactura.

386 2132 535 2191 Eiusdem
559 2151 734 2211 generosae
758 2131 978 2191 dominationis
1008 2140 1133 2191 vestrae

1020 2275 1140 2335 amicus
1164 2275 1389 2352 paratissimus.
1431 2310 1437 2317 ·

887 2382 923 2443 C.
947 2383 1096 2442 Nicolaus
1119 2382 1275 2458 Erdeody,
1298 2383 1399 2443 banus
1423 2401 1462 2441 m.
1487 2403 1515 2461 p.

391 2525 548 2597 Viniczae,
573 2525 623 2585 die
646 2524 676 2586 4.
700 2525 775 2584 iunii
803 2522 897 2587 1692.
1506 2598 1509 2601 ⁴

387 2634 420 2694 P.
443 2634 474 2697 S.
498 2634 653 2711 Respecto
676 2632 781 2711 itaque
805 2652 958 2709 annonae,
983 2634 1027 2693 ita
1051 2621 1286 2713 intelligendum
1309 2640 1366 2706 est,
1383 2641 1416 2691 ut
1432 2632 1472 2692 ab
1489 2633 1556 2710 ipso

279 2741 374 2801 fluvio
406 2739 544 2820 Collapis
576 2742 795 2819 computando,
826 2761 952 2802 annona
976 2760 1033 2820 pro
1061 2740 1100 2802 15
1123 2742 1234 2801 diebus
1259 2741 1430 2801 dominatio
1454 2748 1560 2801 vestra

279 2867 351 2908 cum
375 2849 550 2909 hominibus
574 2849 638 2910 suis
662 2850 788 2928 provisa
812 2849 858 2910 sit.
883 2850 1008 2924 Interim
1025 2870 1081 2929 pro
1102 2850 1296 2928 praescripta
1310 2851 1360 2910 die
1380 2848 1428 2910 19,
1445 2850 1559 2910 ibidem

279 2956 451 3016 indubitate
481 2975 662 3034 comparere
695 2957 897 3033 adlaborabit,
929 2965 962 3017 ut
995 2957 1174 3017 immediate
1207 2957 1349 3035 sequenti
1374 2957 1424 3017 dle
1450 2977 1559 3016 versus

279 3063 504 3123 Koztaniczam
527 3083 655 3124 movere
690 3073 721 3124 et
743 3067 891 3144 progredi
917 3065 1082 3144 possimus¹

385 3172 426 3231 ln
450 3173 589 3232 dorso:
614 3171 777 3232 Generoso
808 3165 934 3232 domino
966 3174 1059 3232 Petro
1089 3173 1340 3249 Szenltouacbky
1373 3172 1461 3232 aliter
1485 3173 1558 3232 Val-

278 3278 365 3352 licza,
390 3279 600 3339 universitatis
632 3279 780 3339 nobilium
813 3280 925 3358 Campi
957 3271 1187 3361 Zagrabiensis¹
1205 3280 1386 3358 Turopolya
1409 3279 1482 3339 dicti
1506 3299 1544 3339 co

279 3387 344 3446 miti
368 3387 507 3446 terrestri
531 3396 597 3464 etc,
622 3387 723 3446 amico
747 3365 1051 3448 observandissimos

384 3496 419 3554 ln
443 3495 584 3558 absentia
608 3495 748 3556 eiusdem
773 3497 893 3574 aperiat
928 3496 1113 3556 substitutus
1137 3515 1244 3555 comes
1268 3495 1432 3570 terrestris,
1457 3503 1488 3553 et
1507 3495 1555 3566 ⁴in·

279 3603 478 3662 trodenotata
500 3612 642 3682 peragat.
1171 3603 1176 3609 ’

384 3723 529 3796 Originale
557 3726 747 3793 chartaceum,
775 3727 857 3796 sigilli
882 3727 1011 3792 oppressi
1029 3743 1063 3807 ,a
1088 3732 1170 3796 tergo
1196 3725 1356 3795 vestigium.
1385 3725 1415 3776 ln
1446 3725 1559 3777 archivo

279 3831 421 3868 commun.
441 3815 506 3867 nob.
527 3815 563 3867 dc
582 3813 744 3883 Turopoljc.
1013 3814 1015 3820 ’

835 4121 836 4126 1
880 4067 968 4132 158

274 4275 279 4286 ·
385 4193 476 4290 Anno
504 4219 595 4290 1692.
621 4227 672 4290 23.
696 4203 839 4296 octobris
863 4229 1049 4306 Zagrabiae.
1095 4207 1098 4210 ⁴
1177 4212 1205 4243 ⁵·

276 4391 355 4454 Bau
388 4390 515 4455 Nikola
532 4389 706 4472 ·Erdeody
741 4388 872 4453 noloz'e·
895 4391 1039 4472 z'rrpanu
1072 4389 1365 4476 luropoljskomu,
1386 4390 1431 4454 du
1466 4392 1557 4473 moy?

308 4531 309 4534 =
641 4495 740 4580 ljuue
763 4495 843 4559 drab¹
867 4517 891 4560 u
915 4497 1051 4581 curskoj
1071 4496 1193 4584 sluddi.
1506 4533 1511 4539 ·
1538 4513 1545 4520 '

490 4679 650 4764 Generose
674 4677 798 4764 domine
823 4679 922 4754 amice
947 4678 1242 4761 observandissime.

389 4804 491 4862 Hoteli
507 4823 577 4862 zmo
593 4822 621 4864 v.
638 4823 677 4868 m.
693 4823 734 4862 na
748 4821 870 4880 znanye
884 4803 971 4884 datti,
989 4803 1030 4883 da
1047 4773 1215 4882 poklaltam
1233 4823 1291 4863 nas
1307 4772 1422 4864 miloati
1439 4766 1497 4863 uiri
1514 4771 1555 4882 po

277 4912 405 4994 glaunik
422 4929 611 4971 czeszaroua
635 4911 794 4986 szuetlozt,
811 4912 884 4970 tako
899 4912 1072 4989 zapoueda,
1087 4912 1129 4972 da
1143 4929 1182 4972 ze
1203 4911 1318 4971 imamo
1335 4920 1384 4970 sto
1400 4912 1490 4971 berse
1516 4931 1557 4970 uu
