<?xml version="1.0" encoding="UTF-8"?>
<!DOCTYPE html PUBLIC "-//W3C//DTD XHTML 1.0 Transitional//EN"
    "http://www.w3.org/TR/xhtml1/DTD/xhtml1-transitional.dtd">
<html xmlns="http://www.w3.org/1999/xhtml" xml:lang="en" lang="en">
 <head>
  <title>
</title>
<meta http-equiv="Content-Type" content="text/html;charset=utf-8" />
  <meta name='ocr-system' content='tesseract 3.04.00' />
  <meta name='ocr-capabilities' content='ocr_page ocr_carea ocr_par ocr_line ocrx_word'/>
</head>
<body>
  <div class='ocr_page' id='page_1' title='image "./povjesnispomeni00laszgoog_0113.png"; bbox 0 0 3934 5550; ppageno 0'>
   <div class='ocr_carea' id='block_1_1' title="bbox 406 384 451 453">
    <p class='ocr_par' dir='ltr' id='par_1_1' title="bbox 406 384 451 453">
     <span class='ocr_line' id='line_1_1' title="bbox 406 384 451 453; baseline 0 0"><span class='ocrx_word' id='word_1_1' title='bbox 406 384 451 453; x_wconf 80' lang='grc'>80</span> 
     </span>
    </p>
   </div>
   <div class='ocr_carea' id='block_1_2' title="bbox 407 603 1692 1873">
    <p class='ocr_par' dir='ltr' id='par_1_2' title="bbox 407 603 1692 1873">
     <span class='ocr_line' id='line_1_2' title="bbox 409 603 1688 686; baseline 0.002 -19"><span class='ocrx_word' id='word_1_2' title='bbox 409 626 574 686; x_wconf 86' lang='lat' dir='ltr'>rerumque</span> <span class='ocrx_word' id='word_1_3' title='bbox 599 615 630 666; x_wconf 92' lang='lat' dir='ltr'>et</span> <span class='ocrx_word' id='word_1_4' title='bbox 653 607 892 667; x_wconf 87' lang='lat' dir='ltr'>mercantiarum</span> <span class='ocrx_word' id='word_1_5' title='bbox 911 617 1085 667; x_wconf 90' lang='lat' dir='ltr'>vestrarum</span> <span class='ocrx_word' id='word_1_6' title='bbox 1109 606 1250 681; x_wconf 84' lang='lat' dir='ltr'>veniatis,</span> <span class='ocrx_word' id='word_1_7' title='bbox 1266 603 1442 686; x_wconf 85' lang='lat' dir='ltr'>properetis</span> <span class='ocrx_word' id='word_1_8' title='bbox 1465 614 1496 666; x_wconf 92' lang='lat' dir='ltr'>et</span> <span class='ocrx_word' id='word_1_9' title='bbox 1520 607 1688 681; x_wconf 84' lang='lat' dir='ltr'>accedatis,</span> 
     </span>
     <span class='ocr_line' id='line_1_3' title="bbox 407 713 1689 794; baseline -0.001 -20"><span class='ocrx_word' id='word_1_10' title='bbox 407 715 606 794; x_wconf 87' lang='lat' dir='ltr'>peractisque</span> <span class='ocrx_word' id='word_1_11' title='bbox 637 714 752 775; x_wconf 91' lang='lat' dir='ltr'>ibidem</span> <span class='ocrx_word' id='word_1_12' title='bbox 783 714 1048 794; x_wconf 85' lang='lat' dir='ltr'>negotiationibus</span> <span class='ocrx_word' id='word_1_13' title='bbox 1081 714 1192 775; x_wconf 88' lang='lat' dir='ltr'>vestris</span> <span class='ocrx_word' id='word_1_14' title='bbox 1223 713 1376 790; x_wconf 89' lang='lat' dir='ltr'>omnibus,</span> <span class='ocrx_word' id='word_1_15' title='bbox 1401 714 1441 773; x_wconf 93' lang='lat' dir='ltr'>ad</span> <span class='ocrx_word' id='word_1_16' title='bbox 1474 714 1599 792; x_wconf 90' lang='lat' dir='ltr'>propria</span> <span class='ocrx_word' id='word_1_17' title='bbox 1636 724 1689 775; x_wconf 89' lang='lat' dir='ltr'>aut</span> 
     </span>
     <span class='ocr_line' id='line_1_4' title="bbox 408 809 1689 901; baseline 0.002 -21"><span class='ocrx_word' id='word_1_18' title='bbox 408 841 490 900; x_wconf 86' lang='lat' dir='ltr'>quae</span> <span class='ocrx_word' id='word_1_19' title='bbox 514 822 685 883; x_wconf 89' lang='lat' dir='ltr'>malueritis</span> <span class='ocrx_word' id='word_1_20' title='bbox 708 823 777 882; x_wconf 91' lang='lat' dir='ltr'>loca</span> <span class='ocrx_word' id='word_1_21' title='bbox 801 822 945 898; x_wconf 87' lang='lat' dir='ltr'>redeatis,</span> <span class='ocrx_word' id='word_1_22' title='bbox 969 822 1065 881; x_wconf 84' lang='lat' dir='ltr'>salvis</span> <span class='ocrx_word' id='word_1_23' title='bbox 1090 840 1215 901; x_wconf 89' lang='lat' dir='ltr'>semper</span> <span class='ocrx_word' id='word_1_24' title='bbox 1237 809 1384 900; x_wconf 71' lang='lat' dir='ltr'>personis¹</span> <span class='ocrx_word' id='word_1_25' title='bbox 1404 831 1435 881; x_wconf 87' lang='lat' dir='ltr'>et</span> <span class='ocrx_word' id='word_1_26' title='bbox 1458 822 1552 882; x_wconf 89' lang='lat' dir='ltr'>rebus</span> <span class='ocrx_word' id='word_1_27' title='bbox 1577 822 1689 883; x_wconf 85' lang='lat' dir='ltr'>vestris</span> 
     </span>
     <span class='ocr_line' id='line_1_5' title="bbox 408 928 1689 1008; baseline 0.002 -21"><span class='ocrx_word' id='word_1_28' title='bbox 408 928 555 990; x_wconf 90' lang='lat' dir='ltr'>omnibus</span> <span class='ocrx_word' id='word_1_29' title='bbox 585 929 643 989; x_wconf 92' lang='lat' dir='ltr'>sub</span> <span class='ocrx_word' id='word_1_30' title='bbox 675 937 783 989; x_wconf 81' lang='lat' dir='ltr'>nostra</span> <span class='ocrx_word' id='word_1_31' title='bbox 815 930 1008 1008; x_wconf 89' lang='lat' dir='ltr'>protectione</span> <span class='ocrx_word' id='word_1_32' title='bbox 1033 938 1063 989; x_wconf 88' lang='lat' dir='ltr'>et</span> <span class='ocrx_word' id='word_1_33' title='bbox 1094 930 1192 989; x_wconf 86' lang='lat' dir='ltr'>tutela</span> <span class='ocrx_word' id='word_1_34' title='bbox 1218 928 1347 1008; x_wconf 88' lang='lat' dir='ltr'>speciali</span> <span class='ocrx_word' id='word_1_35' title='bbox 1370 929 1634 1008; x_wconf 85' lang='lat' dir='ltr'>permanentibus,</span> <span class='ocrx_word' id='word_1_36' title='bbox 1658 939 1689 990; x_wconf 92' lang='lat' dir='ltr'>et</span> 
     </span>
     <span class='ocr_line' id='line_1_6' title="bbox 408 1036 1688 1117; baseline 0.002 -23"><span class='ocrx_word' id='word_1_37' title='bbox 408 1037 488 1097; x_wconf 89' lang='lat' dir='ltr'>haec</span> <span class='ocrx_word' id='word_1_38' title='bbox 511 1038 655 1097; x_wconf 89' lang='lat' dir='ltr'>volumus</span> <span class='ocrx_word' id='word_1_39' title='bbox 678 1037 709 1096; x_wconf 89' lang='lat' dir='ltr'>in</span> <span class='ocrx_word' id='word_1_40' title='bbox 733 1036 808 1096; x_wconf 89' lang='lat' dir='ltr'>loris</span> <span class='ocrx_word' id='word_1_41' title='bbox 832 1046 863 1096; x_wconf 90' lang='lat' dir='ltr'>et</span> <span class='ocrx_word' id='word_1_42' title='bbox 887 1036 962 1096; x_wconf 79' lang='lat' dir='ltr'>aliis</span> <span class='ocrx_word' id='word_1_43' title='bbox 978 1036 1055 1097; x_wconf 89' lang='lat' dir='ltr'>locis</span> <span class='ocrx_word' id='word_1_44' title='bbox 1078 1036 1210 1115; x_wconf 91' lang='lat' dir='ltr'>publicis</span> <span class='ocrx_word' id='word_1_45' title='bbox 1234 1036 1348 1115; x_wconf 88' lang='lat' dir='ltr'>ubique</span> <span class='ocrx_word' id='word_1_46' title='bbox 1372 1037 1476 1114; x_wconf 90' lang='lat' dir='ltr'>palam</span> <span class='ocrx_word' id='word_1_47' title='bbox 1497 1036 1602 1097; x_wconf 86' lang='lat' dir='ltr'>facere</span> <span class='ocrx_word' id='word_1_48' title='bbox 1619 1052 1688 1117; x_wconf 91' lang='lat' dir='ltr'>pro·</span> 
     </span>
     <span class='ocr_line' id='line_1_7' title="bbox 409 1121 1689 1225; baseline 0.002 -22"><span class='ocrx_word' id='word_1_49' title='bbox 409 1144 545 1205; x_wconf 88' lang='lat' dir='ltr'>clamari.</span> <span class='ocrx_word' id='word_1_50' title='bbox 579 1121 779 1205; x_wconf 53' lang='lat' dir='ltr'>Praesente&amp;</span> <span class='ocrx_word' id='word_1_51' title='bbox 804 1163 888 1218; x_wconf 83' lang='lat' dir='ltr'>vern,</span> <span class='ocrx_word' id='word_1_52' title='bbox 924 1164 1004 1224; x_wconf 87' lang='lat' dir='ltr'>quas</span> <span class='ocrx_word' id='word_1_53' title='bbox 1037 1154 1159 1205; x_wconf 89' lang='lat' dir='ltr'>secreto</span> <span class='ocrx_word' id='word_1_54' title='bbox 1191 1145 1294 1224; x_wconf 80' lang='lat' dir='ltr'>sigillo</span> <span class='ocrx_word' id='word_1_55' title='bbox 1325 1153 1441 1219; x_wconf 89' lang='lat' dir='ltr'>nostr0,</span> <span class='ocrx_word' id='word_1_56' title='bbox 1475 1164 1538 1225; x_wconf 93' lang='lat' dir='ltr'>quo</span> <span class='ocrx_word' id='word_1_57' title='bbox 1571 1154 1603 1205; x_wconf 91' lang='lat' dir='ltr'>ut</span> <span class='ocrx_word' id='word_1_58' title='bbox 1635 1164 1689 1207; x_wconf 82' lang='lat' dir='ltr'>rex</span> 
     </span>
     <span class='ocr_line' id='line_1_8' title="bbox 408 1234 1686 1333; baseline 0.002 -22"><span class='ocrx_word' id='word_1_59' title='bbox 408 1252 591 1333; x_wconf 87' lang='lat' dir='ltr'>Hungariae</span> <span class='ocrx_word' id='word_1_60' title='bbox 626 1252 741 1312; x_wconf 90' lang='lat' dir='ltr'>utimur</span> <span class='ocrx_word' id='word_1_61' title='bbox 773 1252 974 1330; x_wconf 89' lang='lat' dir='ltr'>impendenti,</span> <span class='ocrx_word' id='word_1_62' title='bbox 1009 1253 1194 1313; x_wconf 88' lang='lat' dir='ltr'>communiri</span> <span class='ocrx_word' id='word_1_63' title='bbox 1216 1234 1356 1329; x_wconf 86' lang='lat' dir='ltr'>fecimus,</span> <span class='ocrx_word' id='word_1_64' title='bbox 1388 1263 1459 1332; x_wconf 89' lang='lat' dir='ltr'>post</span> <span class='ocrx_word' id='word_1_65' title='bbox 1494 1272 1603 1314; x_wconf 87' lang='lat' dir='ltr'>earum</span> <span class='ocrx_word' id='word_1_66' title='bbox 1626 1255 1686 1314; x_wconf 91' lang='lat' dir='ltr'>lec-</span> 
     </span>
     <span class='ocr_line' id='line_1_9' title="bbox 409 1359 1685 1439; baseline 0.002 -20"><span class='ocrx_word' id='word_1_67' title='bbox 409 1368 510 1419; x_wconf 87' lang='lat' dir='ltr'>turam</span> <span class='ocrx_word' id='word_1_68' title='bbox 533 1378 658 1439; x_wconf 90' lang='lat' dir='ltr'>semper</span> <span class='ocrx_word' id='word_1_69' title='bbox 681 1360 769 1420; x_wconf 90' lang='lat' dir='ltr'>reddi</span> <span class='ocrx_word' id='word_1_70' title='bbox 803 1361 945 1420; x_wconf 91' lang='lat' dir='ltr'>volumus</span> <span class='ocrx_word' id='word_1_71' title='bbox 969 1368 1001 1420; x_wconf 90' lang='lat' dir='ltr'>et</span> <span class='ocrx_word' id='word_1_72' title='bbox 1024 1360 1167 1419; x_wconf 92' lang='lat' dir='ltr'>iubemus</span> <span class='ocrx_word' id='word_1_73' title='bbox 1198 1359 1363 1420; x_wconf 83' lang='lat' dir='ltr'>exhibenti</span> <span class='ocrx_word' id='word_1_74' title='bbox 1399 1361 1515 1421; x_wconf 89' lang='lat' dir='ltr'>Datum</span> <span class='ocrx_word' id='word_1_75' title='bbox 1547 1362 1580 1420; x_wconf 90' lang='lat' dir='ltr'>in</span> <span class='ocrx_word' id='word_1_76' title='bbox 1614 1380 1685 1422; x_wconf 84' lang='lat' dir='ltr'>arce</span> 
     </span>
     <span class='ocr_line' id='line_1_10' title="bbox 407 1468 1691 1548; baseline 0.003 -21"><span class='ocrx_word' id='word_1_77' title='bbox 407 1476 515 1527; x_wconf 90' lang='lat' dir='ltr'>nostra</span> <span class='ocrx_word' id='word_1_78' title='bbox 538 1468 627 1548; x_wconf 85' lang='lat' dir='ltr'>regia</span> <span class='ocrx_word' id='word_1_79' title='bbox 652 1468 813 1548; x_wconf 85' lang='lat' dir='ltr'>Pragensi,</span> <span class='ocrx_word' id='word_1_80' title='bbox 837 1468 992 1548; x_wconf 86' lang='lat' dir='ltr'>vigesima</span> <span class='ocrx_word' id='word_1_81' title='bbox 1015 1487 1099 1528; x_wconf 90' lang='lat' dir='ltr'>nona</span> <span class='ocrx_word' id='word_1_82' title='bbox 1122 1468 1173 1528; x_wconf 88' lang='lat' dir='ltr'>die</span> <span class='ocrx_word' id='word_1_83' title='bbox 1197 1469 1314 1529; x_wconf 87' lang='lat' dir='ltr'>mensis</span> <span class='ocrx_word' id='word_1_84' title='bbox 1337 1468 1449 1543; x_wconf 88' lang='lat' dir='ltr'>martii,</span> <span class='ocrx_word' id='word_1_85' title='bbox 1473 1488 1556 1530; x_wconf 89' lang='lat' dir='ltr'>anno</span> <span class='ocrx_word' id='word_1_86' title='bbox 1573 1470 1691 1531; x_wconf 92' lang='lat' dir='ltr'>domini</span> 
     </span>
     <span class='ocr_line' id='line_1_11' title="bbox 408 1576 1690 1657; baseline 0.002 -21"><span class='ocrx_word' id='word_1_87' title='bbox 408 1576 572 1637; x_wconf 89' lang='lat' dir='ltr'>millesimo</span> <span class='ocrx_word' id='word_1_88' title='bbox 596 1576 824 1637; x_wconf 85' lang='lat' dir='ltr'>sexcentesimo</span> <span class='ocrx_word' id='word_1_89' title='bbox 854 1576 1003 1651; x_wconf 87' lang='lat' dir='ltr'>secundo,</span> <span class='ocrx_word' id='word_1_90' title='bbox 1026 1594 1196 1657; x_wconf 88' lang='lat' dir='ltr'>regnorum</span> <span class='ocrx_word' id='word_1_91' title='bbox 1230 1584 1405 1636; x_wconf 90' lang='lat' dir='ltr'>nostrorum</span> <span class='ocrx_word' id='word_1_92' title='bbox 1439 1577 1571 1637; x_wconf 88' lang='lat' dir='ltr'>Romani</span> <span class='ocrx_word' id='word_1_93' title='bbox 1603 1578 1690 1657; x_wconf 86' lang='lat' dir='ltr'>vige·</span> 
     </span>
     <span class='ocr_line' id='line_1_12' title="bbox 411 1683 1692 1764; baseline 0.002 -21"><span class='ocrx_word' id='word_1_94' title='bbox 411 1684 491 1743; x_wconf 86' lang='lat' dir='ltr'>simo</span> <span class='ocrx_word' id='word_1_95' title='bbox 515 1684 657 1764; x_wconf 86' lang='lat' dir='ltr'>septimo,</span> <span class='ocrx_word' id='word_1_96' title='bbox 680 1684 864 1764; x_wconf 87' lang='lat' dir='ltr'>Hungariae</span> <span class='ocrx_word' id='word_1_97' title='bbox 888 1693 921 1743; x_wconf 90' lang='lat' dir='ltr'>et</span> <span class='ocrx_word' id='word_1_98' title='bbox 943 1683 1074 1743; x_wconf 90' lang='lat' dir='ltr'>aliorum</span> <span class='ocrx_word' id='word_1_99' title='bbox 1106 1683 1277 1763; x_wconf 82' lang='lat' dir='ltr'>trigesime,</span> <span class='ocrx_word' id='word_1_100' title='bbox 1301 1684 1471 1745; x_wconf 89' lang='lat' dir='ltr'>Bohemiae</span> <span class='ocrx_word' id='word_1_101' title='bbox 1504 1703 1579 1745; x_wconf 91' lang='lat' dir='ltr'>vero</span> <span class='ocrx_word' id='word_1_102' title='bbox 1610 1704 1692 1746; x_wconf 88' lang='lat' dir='ltr'>anno</span> 
     </span>
     <span class='ocr_line' id='line_1_13' title="bbox 409 1791 896 1873; baseline -0.002 -21"><span class='ocrx_word' id='word_1_103' title='bbox 409 1791 552 1852; x_wconf 87' lang='lat' dir='ltr'>similitor</span> <span class='ocrx_word' id='word_1_104' title='bbox 574 1791 730 1873; x_wconf 87' lang='lat' dir='ltr'>vigesimo</span> <span class='ocrx_word' id='word_1_105' title='bbox 753 1792 896 1869; x_wconf 88' lang='lat' dir='ltr'>septimo.</span> 
     </span>
    </p>
   </div>
   <div class='ocr_carea' id='block_1_3' title="bbox 517 1924 821 2015">
    <p class='ocr_par' dir='ltr' id='par_1_3' title="bbox 517 1924 821 2015">
     <span class='ocr_line' id='line_1_14' title="bbox 517 1924 821 2015; baseline 0.007 -20"><span class='ocrx_word' id='word_1_106' title='bbox 517 1936 705 2015; x_wconf 91' lang='lat' dir='ltr'>Rudolphus</span> <span class='ocrx_word' id='word_1_107' title='bbox 725 1924 767 1997; x_wconf 88' lang='lat' dir='ltr'>m.</span> <span class='ocrx_word' id='word_1_108' title='bbox 790 1957 821 2015; x_wconf 94' lang='lat' dir='ltr'>p.</span> 
     </span>
    </p>
   </div>
   <div class='ocr_carea' id='block_1_4' title="bbox 698 2080 1649 2268">
    <p class='ocr_par' dir='ltr' id='par_1_4' title="bbox 698 2080 1649 2268">
     <span class='ocr_line' id='line_1_15' title="bbox 698 2080 1649 2162; baseline 0.007 -24"><span class='ocrx_word' id='word_1_109' title='bbox 698 2134 701 2138; x_wconf 79' lang='grc'>,</span> <span class='ocrx_word' id='word_1_110' title='bbox 754 2081 915 2141; x_wconf 87' lang='lat' dir='ltr'>Martinus</span> <span class='ocrx_word' id='word_1_111' title='bbox 938 2080 1048 2156; x_wconf 87' lang='lat' dir='ltr'>Pethe,</span> <span class='ocrx_word' id='word_1_112' title='bbox 1073 2080 1326 2161; x_wconf 88' lang='lat' dir='ltr'>archiepiscopus</span> <span class='ocrx_word' id='word_1_113' title='bbox 1349 2081 1533 2143; x_wconf 83' lang='lat' dir='ltr'>Colocensis</span> <span class='ocrx_word' id='word_1_114' title='bbox 1556 2102 1597 2145; x_wconf 91' lang='lat' dir='ltr'>m.</span> <span class='ocrx_word' id='word_1_115' title='bbox 1619 2103 1649 2162; x_wconf 87' lang='lat' dir='ltr'>p.</span> 
     </span>
     <span class='ocr_line' id='line_1_16' title="bbox 763 2187 1251 2268; baseline 0.006 -19"><span class='ocrx_word' id='word_1_116' title='bbox 763 2187 923 2249; x_wconf 89' lang='lat' dir='ltr'>Tiburtius</span> <span class='ocrx_word' id='word_1_117' title='bbox 944 2188 1136 2249; x_wconf 83' lang='lat' dir='ltr'>Himelreich</span> <span class='ocrx_word' id='word_1_118' title='bbox 1158 2207 1199 2254; x_wconf 86' lang='lat' dir='ltr'>m.</span> <span class='ocrx_word' id='word_1_119' title='bbox 1222 2208 1251 2268; x_wconf 90' lang='lat' dir='ltr'>p.</span> 
     </span>
    </p>
   </div>
   <div class='ocr_carea' id='block_1_5' title="bbox 482 2329 1426 2415">
    <p class='ocr_par' dir='ltr' id='par_1_5' title="bbox 404 2329 1426 2415">
     <span class='ocr_line' id='line_1_17' title="bbox 482 2329 1426 2415; baseline 0.005 -24.618"><span class='ocrx_word' id='word_1_120' title='bbox 482 2329 1367 2415; x_wconf 76' lang='lat' dir='ltr'>&#39;lndorsozRegestrataiolio518.anno1602.</span> <span class='ocrx_word' id='word_1_121' title='bbox 1425 2346 1426 2349; x_wconf 75' lang='grc'>’</span> 
     </span>
    </p>
   </div>
   <div class='ocr_carea' id='block_1_6' title="bbox 410 2444 1696 2638">
    <p class='ocr_par' dir='ltr' id='par_1_6' title="bbox 410 2444 1696 2638">
     <span class='ocr_line' id='line_1_18' title="bbox 518 2444 1696 2548; baseline -0.001 -16"><span class='ocrx_word' id='word_1_122' title='bbox 518 2474 664 2548; x_wconf 77' lang='lat' dir='ltr'>Originaie</span> <span class='ocrx_word' id='word_1_123' title='bbox 694 2445 918 2543; x_wconf 82' lang='lat' dir='ltr'>membraneum,</span> <span class='ocrx_word' id='word_1_124' title='bbox 938 2494 954 2530; x_wconf 93' lang='lat' dir='ltr'>a</span> <span class='ocrx_word' id='word_1_125' title='bbox 973 2492 1044 2531; x_wconf 88' lang='lat' dir='ltr'>zona</span> <span class='ocrx_word' id='word_1_126' title='bbox 1069 2444 1179 2530; x_wconf 85' lang='lat' dir='ltr'>sericea</span> <span class='ocrx_word' id='word_1_127' title='bbox 1202 2476 1287 2545; x_wconf 89' lang='lat' dir='ltr'>mbri,</span> <span class='ocrx_word' id='word_1_128' title='bbox 1313 2476 1432 2531; x_wconf 81' lang='lat' dir='ltr'>violacei</span> <span class='ocrx_word' id='word_1_129' title='bbox 1457 2484 1486 2531; x_wconf 89' lang='lat' dir='ltr'>et</span> <span class='ocrx_word' id='word_1_130' title='bbox 1510 2476 1574 2532; x_wconf 87' lang='lat' dir='ltr'>liavi</span> <span class='ocrx_word' id='word_1_131' title='bbox 1593 2477 1696 2531; x_wconf 91' lang='lat' dir='ltr'>coloris</span> 
     </span>
     <span class='ocr_line' id='line_1_19' title="bbox 410 2564 1300 2638; baseline -0.002 -17"><span class='ocrx_word' id='word_1_132' title='bbox 410 2568 518 2635; x_wconf 86' lang='lat' dir='ltr'>pendet</span> <span class='ocrx_word' id='word_1_133' title='bbox 537 2566 668 2637; x_wconf 77' lang='lat' dir='ltr'>sigillum.</span> <span class='ocrx_word' id='word_1_134' title='bbox 687 2565 719 2621; x_wconf 92' lang='lat' dir='ltr'>ln</span> <span class='ocrx_word' id='word_1_135' title='bbox 739 2567 853 2621; x_wconf 88' lang='lat' dir='ltr'>archivo</span> <span class='ocrx_word' id='word_1_136' title='bbox 873 2583 977 2622; x_wconf 87' lang='lat' dir='ltr'>comm.</span> <span class='ocrx_word' id='word_1_137' title='bbox 996 2564 1062 2625; x_wconf 89' lang='lat' dir='ltr'>nob.</span> <span class='ocrx_word' id='word_1_138' title='bbox 1082 2569 1119 2621; x_wconf 90' lang='lat' dir='ltr'>de</span> <span class='ocrx_word' id='word_1_139' title='bbox 1138 2566 1300 2638; x_wconf 87' lang='lat' dir='ltr'>Turopolje.</span> 
     </span>
    </p>
   </div>
   <div class='ocr_carea' id='block_1_7' title="bbox 776 2856 1083 2986">
    <p class='ocr_par' dir='ltr' id='par_1_7' title="bbox 776 2856 1083 2986">
     <span class='ocr_line' id='line_1_20' title="bbox 776 2856 1083 2986; baseline -0.007 -45"><span class='ocrx_word' id='word_1_140' title='bbox 776 2856 1083 2986; x_wconf 4' lang='lat' dir='ltr'>&#39;p-42.</span> 
     </span>
    </p>
   </div>
   <div class='ocr_carea' id='block_1_8' title="bbox 442 3069 1334 3153">
    <p class='ocr_par' dir='ltr' id='par_1_8' title="bbox 442 3069 1334 3153">
     <span class='ocr_line' id='line_1_21' title="bbox 442 3069 1334 3153; baseline 0.002 -19"><span class='ocrx_word' id='word_1_141' title='bbox 442 3095 447 3119; x_wconf 69' lang='grc' dir='ltr'><em>τ</em></span> <span class='ocrx_word' id='word_1_142' title='bbox 514 3073 608 3134; x_wconf 81' lang='lat' dir='ltr'>Anno</span> <span class='ocrx_word' id='word_1_143' title='bbox 635 3070 728 3138; x_wconf 83' lang='lat'>1602.</span> <span class='ocrx_word' id='word_1_144' title='bbox 748 3071 804 3133; x_wconf 86' lang='lat' dir='ltr'>ll.</span> <span class='ocrx_word' id='word_1_145' title='bbox 828 3073 963 3153; x_wconf 84' lang='lat' dir='ltr'>augusti.</span> <span class='ocrx_word' id='word_1_146' title='bbox 987 3074 1020 3132; x_wconf 95' lang='lat' dir='ltr'>ln</span> <span class='ocrx_word' id='word_1_147' title='bbox 1046 3082 1150 3135; x_wconf 87' lang='lat' dir='ltr'>castro</span> <span class='ocrx_word' id='word_1_148' title='bbox 1173 3069 1334 3136; x_wconf 66' lang='lat' dir='ltr'>&#39;Vinnicza</span> 
     </span>
    </p>
   </div>
   <div class='ocr_carea' id='block_1_9' title="bbox 411 3267 1699 4318">
    <p class='ocr_par' dir='ltr' id='par_1_9' title="bbox 411 3267 1699 4318">
     <span class='ocr_line' id='line_1_22' title="bbox 515 3267 1683 3348; baseline -0.002 -18"><span class='ocrx_word' id='word_1_149' title='bbox 515 3269 663 3332; x_wconf 89' lang='lat' dir='ltr'>Nicolaus</span> <span class='ocrx_word' id='word_1_150' title='bbox 694 3267 833 3331; x_wconf 85' lang='lat' dir='ltr'>lstuaulfi</span> <span class='ocrx_word' id='word_1_151' title='bbox 864 3268 904 3328; x_wconf 89' lang='lat' dir='ltr'>de</span> <span class='ocrx_word' id='word_1_152' title='bbox 938 3267 1198 3340; x_wconf 84' lang='lat' dir='ltr'>Kisaszonffalva,</span> <span class='ocrx_word' id='word_1_153' title='bbox 1231 3269 1446 3330; x_wconf 89' lang='lat' dir='ltr'>locumtenens</span> <span class='ocrx_word' id='word_1_154' title='bbox 1482 3269 1610 3348; x_wconf 83' lang='lat' dir='ltr'>palatini</span> <span class='ocrx_word' id='word_1_155' title='bbox 1635 3277 1683 3330; x_wconf 90' lang='lat' dir='ltr'>etc</span> 
     </span>
     <span class='ocr_line' id='line_1_23' title="bbox 416 3376 1697 3457; baseline 0 -19"><span class='ocrx_word' id='word_1_156' title='bbox 416 3379 556 3457; x_wconf 87' lang='lat' dir='ltr'>capitulo</span> <span class='ocrx_word' id='word_1_157' title='bbox 580 3379 653 3438; x_wconf 90' lang='lat' dir='ltr'>eccl.</span> <span class='ocrx_word' id='word_1_158' title='bbox 677 3376 902 3457; x_wconf 86' lang='lat' dir='ltr'>Zagrabieusis</span> <span class='ocrx_word' id='word_1_159' title='bbox 925 3376 1086 3454; x_wconf 85' lang='lat' dir='ltr'>praecipit,</span> <span class='ocrx_word' id='word_1_160' title='bbox 1109 3385 1144 3436; x_wconf 90' lang='lat' dir='ltr'>ut</span> <span class='ocrx_word' id='word_1_161' title='bbox 1168 3377 1198 3434; x_wconf 91' lang='lat' dir='ltr'>in</span> <span class='ocrx_word' id='word_1_162' title='bbox 1222 3394 1319 3436; x_wconf 88' lang='lat' dir='ltr'>causa</span> <span class='ocrx_word' id='word_1_163' title='bbox 1342 3376 1422 3438; x_wconf 88' lang='lat' dir='ltr'>inter</span> <span class='ocrx_word' id='word_1_164' title='bbox 1438 3379 1585 3437; x_wconf 88' lang='lat' dir='ltr'>loannem</span> <span class='ocrx_word' id='word_1_165' title='bbox 1604 3377 1697 3438; x_wconf 84' lang='lat' dir='ltr'>Dras-</span> 
     </span>
     <span class='ocr_line' id='line_1_24' title="bbox 416 3485 1699 3566; baseline 0 -19"><span class='ocrx_word' id='word_1_166' title='bbox 416 3485 539 3552; x_wconf 82' lang='lat' dir='ltr'>kouich,</span> <span class='ocrx_word' id='word_1_167' title='bbox 563 3486 690 3561; x_wconf 86' lang='lat' dir='ltr'>barrum,</span> <span class='ocrx_word' id='word_1_168' title='bbox 712 3494 745 3546; x_wconf 89' lang='lat' dir='ltr'>et</span> <span class='ocrx_word' id='word_1_169' title='bbox 771 3485 891 3544; x_wconf 88' lang='lat' dir='ltr'>nobiles</span> <span class='ocrx_word' id='word_1_170' title='bbox 914 3485 1027 3564; x_wconf 86' lang='lat' dir='ltr'>Campi</span> <span class='ocrx_word' id='word_1_171' title='bbox 1051 3485 1275 3566; x_wconf 88' lang='lat' dir='ltr'>Zagrabiensis</span> <span class='ocrx_word' id='word_1_172' title='bbox 1299 3486 1441 3562; x_wconf 88' lang='lat' dir='ltr'>vertenti,</span> <span class='ocrx_word' id='word_1_173' title='bbox 1462 3505 1554 3546; x_wconf 88' lang='lat' dir='ltr'>suum</span> <span class='ocrx_word' id='word_1_174' title='bbox 1577 3485 1699 3547; x_wconf 85' lang='lat' dir='ltr'>emittat</span> 
     </span>
     <span class='ocr_line' id='line_1_25' title="bbox 415 3593 1697 3674; baseline 0 -21"><span class='ocrx_word' id='word_1_175' title='bbox 415 3594 571 3655; x_wconf 87' lang='lat' dir='ltr'>hominem</span> <span class='ocrx_word' id='word_1_176' title='bbox 606 3613 663 3672; x_wconf 92' lang='lat' dir='ltr'>pro</span> <span class='ocrx_word' id='word_1_177' title='bbox 694 3593 872 3653; x_wconf 89' lang='lat' dir='ltr'>testimonio</span> <span class='ocrx_word' id='word_1_178' title='bbox 906 3593 1110 3672; x_wconf 79' lang='lat' dir='ltr'>fidedignum,</span> <span class='ocrx_word' id='word_1_179' title='bbox 1134 3612 1196 3672; x_wconf 87' lang='lat' dir='ltr'>quo</span> <span class='ocrx_word' id='word_1_180' title='bbox 1227 3601 1392 3672; x_wconf 87' lang='lat' dir='ltr'>praesente</span> <span class='ocrx_word' id='word_1_181' title='bbox 1424 3593 1573 3674; x_wconf 83' lang='lat' dir='ltr'>egregius</span> <span class='ocrx_word' id='word_1_182' title='bbox 1601 3595 1697 3654; x_wconf 91' lang='lat' dir='ltr'>Fran-</span> 
     </span>
     <span class='ocr_line' id='line_1_26' title="bbox 418 3700 1698 3778; baseline -0.002 -16"><span class='ocrx_word' id='word_1_183' title='bbox 418 3703 520 3762; x_wconf 84' lang='lat' dir='ltr'>ciscus</span> <span class='ocrx_word' id='word_1_184' title='bbox 545 3702 746 3778; x_wconf 88' lang='lat' dir='ltr'>Medosoczy,</span> <span class='ocrx_word' id='word_1_185' title='bbox 769 3701 955 3774; x_wconf 85' lang='lat' dir='ltr'>vicecomes,</span> <span class='ocrx_word' id='word_1_186' title='bbox 972 3720 1029 3760; x_wconf 88' lang='lat' dir='ltr'>seu</span> <span class='ocrx_word' id='word_1_187' title='bbox 1052 3702 1238 3760; x_wconf 88' lang='lat' dir='ltr'>Franciscus</span> <span class='ocrx_word' id='word_1_188' title='bbox 1261 3701 1495 3774; x_wconf 86' lang='lat' dir='ltr'>Ztolnikowicb,</span> <span class='ocrx_word' id='word_1_189' title='bbox 1511 3701 1602 3762; x_wconf 86' lang='lat' dir='ltr'>iudex</span> <span class='ocrx_word' id='word_1_190' title='bbox 1629 3700 1698 3760; x_wconf 91' lang='lat' dir='ltr'>nob·</span> 
     </span>
     <span class='ocr_line' id='line_1_27' title="bbox 413 3805 1697 3888; baseline -0.001 -19"><span class='ocrx_word' id='word_1_191' title='bbox 413 3809 580 3880; x_wconf 83' lang='lat' dir='ltr'>comitatus</span> <span class='ocrx_word' id='word_1_192' title='bbox 603 3808 839 3888; x_wconf 74' lang='lat' dir='ltr'>Zagrabiensis,</span> <span class='ocrx_word' id='word_1_193' title='bbox 853 3827 926 3868; x_wconf 87' lang='lat' dir='ltr'>narn</span> <span class='ocrx_word' id='word_1_194' title='bbox 951 3808 1117 3867; x_wconf 87' lang='lat' dir='ltr'>Balthnsar</span> <span class='ocrx_word' id='word_1_195' title='bbox 1141 3808 1314 3884; x_wconf 87' lang='lat' dir='ltr'>Drenoczy,</span> <span class='ocrx_word' id='word_1_196' title='bbox 1338 3827 1473 3886; x_wconf 86' lang='lat' dir='ltr'>namque</span> <span class='ocrx_word' id='word_1_197' title='bbox 1497 3805 1614 3868; x_wconf 89' lang='lat' dir='ltr'>Paulus</span> <span class='ocrx_word' id='word_1_198' title='bbox 1630 3809 1697 3868; x_wconf 90' lang='lat' dir='ltr'>lan·</span> 
     </span>
     <span class='ocr_line' id='line_1_28' title="bbox 413 3915 1696 3994; baseline -0.002 -15"><span class='ocrx_word' id='word_1_199' title='bbox 413 3919 518 3994; x_wconf 85' lang='lat' dir='ltr'>checz,</span> <span class='ocrx_word' id='word_1_200' title='bbox 543 3919 602 3978; x_wconf 89' lang='lat' dir='ltr'>nisi</span> <span class='ocrx_word' id='word_1_201' title='bbox 625 3920 759 3979; x_wconf 91' lang='lat' dir='ltr'>loannes</span> <span class='ocrx_word' id='word_1_202' title='bbox 783 3917 913 3992; x_wconf 87' lang='lat' dir='ltr'>Marich,</span> <span class='ocrx_word' id='word_1_203' title='bbox 938 3920 988 3987; x_wconf 85' lang='lat' dir='ltr'>vel</span> <span class='ocrx_word' id='word_1_204' title='bbox 1012 3917 1145 3976; x_wconf 85' lang='lat' dir='ltr'>Michael</span> <span class='ocrx_word' id='word_1_205' title='bbox 1171 3917 1316 3992; x_wconf 89' lang='lat' dir='ltr'>Vernich,</span> <span class='ocrx_word' id='word_1_206' title='bbox 1337 3917 1377 3976; x_wconf 89' lang='lat' dir='ltr'>ab</span> <span class='ocrx_word' id='word_1_207' title='bbox 1400 3917 1544 3976; x_wconf 91' lang='lat' dir='ltr'>omnibus</span> <span class='ocrx_word' id='word_1_208' title='bbox 1561 3925 1619 3978; x_wconf 88' lang='lat' dir='ltr'>etc.</span> <span class='ocrx_word' id='word_1_209' title='bbox 1643 3915 1696 3976; x_wconf 90' lang='lat' dir='ltr'>ho·</span> 
     </span>
     <span class='ocr_line' id='line_1_29' title="bbox 411 4022 1698 4105; baseline -0.005 -17"><span class='ocrx_word' id='word_1_210' title='bbox 411 4026 557 4099; x_wconf 88' lang='lat' dir='ltr'>minibus,</span> <span class='ocrx_word' id='word_1_211' title='bbox 582 4027 621 4085; x_wconf 92' lang='lat' dir='ltr'>de</span> <span class='ocrx_word' id='word_1_212' title='bbox 645 4026 831 4104; x_wconf 79' lang='lat' dir='ltr'>quibusdam</span> <span class='ocrx_word' id='word_1_213' title='bbox 857 4024 1114 4105; x_wconf 79' lang='lat' dir='ltr'>negotiisipsius</span> <span class='ocrx_word' id='word_1_214' title='bbox 1145 4024 1228 4099; x_wconf 86' lang='lat' dir='ltr'>bani,</span> <span class='ocrx_word' id='word_1_215' title='bbox 1260 4043 1317 4102; x_wconf 81' lang='lat' dir='ltr'>pro</span> <span class='ocrx_word' id='word_1_216' title='bbox 1346 4023 1458 4084; x_wconf 91' lang='lat' dir='ltr'>iurium</span> <span class='ocrx_word' id='word_1_217' title='bbox 1482 4043 1610 4084; x_wconf 89' lang='lat' dir='ltr'>suorum</span> <span class='ocrx_word' id='word_1_218' title='bbox 1641 4022 1698 4083; x_wconf 89' lang='lat' dir='ltr'>tui·</span> 
     </span>
     <span class='ocr_line' id='line_1_30' title="bbox 412 4131 1696 4206; baseline -0.002 -13"><span class='ocrx_word' id='word_1_219' title='bbox 412 4144 495 4206; x_wconf 87' lang='lat' dir='ltr'>tone,</span> <span class='ocrx_word' id='word_1_220' title='bbox 512 4133 709 4202; x_wconf 86' lang='lat' dir='ltr'>necessarias</span> <span class='ocrx_word' id='word_1_221' title='bbox 725 4133 879 4193; x_wconf 80' lang='lat' dir='ltr'>sessiones</span> <span class='ocrx_word' id='word_1_222' title='bbox 903 4142 934 4193; x_wconf 89' lang='lat' dir='ltr'>et</span> <span class='ocrx_word' id='word_1_223' title='bbox 958 4131 1176 4192; x_wconf 86' lang='lat' dir='ltr'>attestationes</span> <span class='ocrx_word' id='word_1_224' title='bbox 1198 4131 1369 4204; x_wconf 63' lang='lat' dir='ltr'>‚exaudiret</span> <span class='ocrx_word' id='word_1_225' title='bbox 1387 4149 1425 4191; x_wconf 87' lang='lat' dir='ltr'>ac</span> <span class='ocrx_word' id='word_1_226' title='bbox 1446 4131 1631 4192; x_wconf 86' lang='lat' dir='ltr'>relationem</span> <span class='ocrx_word' id='word_1_227' title='bbox 1654 4131 1696 4192; x_wconf 89' lang='lat' dir='ltr'>ei-</span> 
     </span>
     <span class='ocr_line' id='line_1_31' title="bbox 412 4238 1696 4318; baseline -0.001 -19"><span class='ocrx_word' id='word_1_228' title='bbox 412 4241 522 4300; x_wconf 86' lang='lat' dir='ltr'>usdem</span> <span class='ocrx_word' id='word_1_229' title='bbox 546 4239 606 4318; x_wconf 90' lang='lat' dir='ltr'>ipsi</span> <span class='ocrx_word' id='word_1_230' title='bbox 630 4240 851 4302; x_wconf 88' lang='lat' dir='ltr'>locumtenenti</span> <span class='ocrx_word' id='word_1_231' title='bbox 876 4240 991 4299; x_wconf 88' lang='lat' dir='ltr'>relerre</span> <span class='ocrx_word' id='word_1_232' title='bbox 1016 4240 1130 4299; x_wconf 84' lang='lat' dir='ltr'>debeat</span> <span class='ocrx_word' id='word_1_233' title='bbox 1144 4239 1261 4300; x_wconf 88' lang='lat' dir='ltr'>dictum</span> <span class='ocrx_word' id='word_1_234' title='bbox 1286 4238 1457 4317; x_wconf 88' lang='lat' dir='ltr'>capitulum</span> <span class='ocrx_word' id='word_1_235' title='bbox 1472 4238 1696 4318; x_wconf 80' lang='lat' dir='ltr'>Zagrabiense.</span> 
     </span>
    </p>
   </div>
   <div class='ocr_carea' id='block_1_10' title="bbox 410 4377 1690 4555">
    <p class='ocr_par' dir='ltr' id='par_1_10' title="bbox 410 4377 1690 4555">
     <span class='ocr_line' id='line_1_32' title="bbox 518 4377 1690 4451; baseline -0.002 -17"><span class='ocrx_word' id='word_1_236' title='bbox 518 4381 543 4434; x_wconf 86' lang='lat' dir='ltr'>E</span> <span class='ocrx_word' id='word_1_237' title='bbox 562 4383 701 4437; x_wconf 84' lang='lat' dir='ltr'>relatoriis</span> <span class='ocrx_word' id='word_1_238' title='bbox 720 4379 949 4451; x_wconf 69' lang='lat' dir='ltr'>ipsius[capituli</span> <span class='ocrx_word' id='word_1_239' title='bbox 973 4381 1170 4450; x_wconf 74' lang='lat' dir='ltr'>Zagrabiensis</span> <span class='ocrx_word' id='word_1_240' title='bbox 1190 4398 1213 4434; x_wconf 88' lang='lat' dir='ltr'>a.</span> <span class='ocrx_word' id='word_1_241' title='bbox 1235 4379 1312 4435; x_wconf 84' lang='lat'>1603.</span> <span class='ocrx_word' id='word_1_242' title='bbox 1332 4380 1355 4434; x_wconf 88' lang='lat'>3.</span> <span class='ocrx_word' id='word_1_243' title='bbox 1371 4381 1472 4444; x_wconf 83' lang='lat' dir='ltr'>martii,</span> <span class='ocrx_word' id='word_1_244' title='bbox 1491 4395 1562 4448; x_wconf 83' lang='lat' dir='ltr'>quas</span> <span class='ocrx_word' id='word_1_245' title='bbox 1578 4397 1595 4432; x_wconf 94' lang='lat' dir='ltr'>a</span> <span class='ocrx_word' id='word_1_246' title='bbox 1621 4377 1690 4432; x_wconf 79' lang='lat'><strong>160⁴</strong></span> 
     </span>
     <span class='ocr_line' id='line_1_33' title="bbox 410 4468 1688 4555; baseline -0.005 -29"><span class='ocrx_word' id='word_1_247' title='bbox 410 4471 436 4537; x_wconf 70' lang='grc' dir='ltr'>θ.</span> <span class='ocrx_word' id='word_1_248' title='bbox 457 4471 527 4527; x_wconf 86' lang='lat' dir='ltr'>iebr.</span> <span class='ocrx_word' id='word_1_249' title='bbox 546 4473 733 4555; x_wconf 83' lang='lat' dir='ltr'>transumpsit</span> <span class='ocrx_word' id='word_1_250' title='bbox 749 4472 828 4526; x_wconf 89' lang='lat' dir='ltr'>idern</span> <span class='ocrx_word' id='word_1_251' title='bbox 846 4471 1009 4552; x_wconf 88' lang='lat' dir='ltr'>capitulum.</span> <span class='ocrx_word' id='word_1_252' title='bbox 1040 4471 1069 4524; x_wconf 93' lang='lat' dir='ltr'>ln</span> <span class='ocrx_word' id='word_1_253' title='bbox 1091 4470 1205 4524; x_wconf 85' lang='lat' dir='ltr'>archivo</span> <span class='ocrx_word' id='word_1_254' title='bbox 1225 4485 1366 4526; x_wconf 89' lang='lat' dir='ltr'>commun.</span> <span class='ocrx_word' id='word_1_255' title='bbox 1386 4471 1451 4525; x_wconf 91' lang='lat' dir='ltr'>nob.</span> <span class='ocrx_word' id='word_1_256' title='bbox 1471 4470 1508 4526; x_wconf 86' lang='lat' dir='ltr'>de</span> <span class='ocrx_word' id='word_1_257' title='bbox 1528 4468 1688 4541; x_wconf 86' lang='lat' dir='ltr'>Turopolje.</span> 
     </span>
    </p>
   </div>
   <div class='ocr_carea' id='block_1_11' title="bbox 0 0 1973 5540">
    <p class='ocr_par' dir='ltr' id='par_1_11' title="bbox 0 0 1973 5540">
     <span class='ocr_line' id='line_1_34' title="bbox 0 0 1973 5540; baseline 0 0"><span class='ocrx_word' id='word_1_258' title='bbox 0 0 1973 5540; x_wconf 95' lang='lat' dir='ltr'> </span> 
     </span>
    </p>
   </div>
  </div>
 </body>
</html>
