3934 5550
392 416 456 486 lna

388 643 534 703 kilritldve
569 662 711 723 vagyon;
742 648 777 702 es
808 662 884 701 ezen
910 644 1126 720 vnlasztma'tny
1150 644 1178 701 a'
1202 637 1368 704 Tr'rrmezei
1394 640 1549 705 kerliletre
1574 643 1674 706 nezve

389 769 497 829 ugyan
527 768 607 809 azon
636 750 824 829 hatosaggal
857 749 1032 809 ruhaztatik
1055 750 1105 823 fol,
1129 754 1163 809 es
1188 770 1295 829 ugyau
1327 770 1407 811 azon
1436 751 1565 827 eljarast
1587 752 1675 833 logja

388 857 523 931 kbvetni,
547 858 640 933 melly
665 858 692 916 a'
716 856 789 915 lenn
814 857 944 915 emlltett
968 857 1162 932 ttlrvdnyben
1186 857 1372 937 roglaltatik

496 1032 583 1103 Typis
608 1032 769 1085 conlectum
788 1032 935 1099 exemplar
960 1030 1127 1086 liberalitate
1152 1032 1249 1086 illustr.
1275 1031 1383 1086 domini
1409 1033 1554 1087 Vladimirl
1585 1035 1675 1088 Malu-

390 1122 474 1187 rame,
500 1122 615 1175 archivo
641 1136 751 1191 regnor.
778 1118 818 1188 C.,
844 1120 871 1173 S.
897 1128 926 1173 ct
953 1121 986 1173 D.
1012 1123 1158 1175 donatum.
1180 1121 1259 1174 Nunc
1290 1122 1395 1175 ibidem
1417 1123 1490 1175 inter
1509 1129 1573 1177 acta
1590 1123 1679 1178 Turo-

391 1211 529 1280 poliensia
548 1216 716 1264 asservatur.

504 1695 597 1756 Anno
625 1693 717 1755 1844.

396 1888 590 1973 Projectum
622 1886 767 1951 articuli
798 1886 931 1951 diaetae
954 1888 1056 1973 regni
1077 1888 1285 1975 Hungariac
1307 1888 1347 1952 de
1371 1888 1535 1954 districtu
1565 1890 1676 1954 Turo-

959 1996 1115 2081 poliensi.

918 2194 1163 2255 ARTlCULUS.

665 2340 726 2399 De
761 2339 993 2400 districtu
1029 2340 1412 2418 Turopoljitano.

507 2519 671 2579 Districtus
704 2520 958 2597 Turopoljitanus
983 2539 1002 2578 a
1026 2518 1238 2580 iurisdictione
1266 2520 1430 2582 comitatus
1454 2521 1678 2600 Zagrabiensis

399 2626 483 2686 omni
516 2626 573 2685 sub
606 2636 748 2704 respectu
774 2627 995 2701 immunitatur‚
1020 2633 1051 2685 et
1075 2627 1159 2686 velut
1182 2627 1352 2687 iurisdictio
1376 2627 1592 2707 independens
1615 2637 1677 2688 sta-

398 2742 466 2795 tuta
489 2734 601 2808 condit,
625 2734 900 2796 determinationes
924 2742 954 2794 et
971 2734 1085 2794 iudicia
1107 2734 1175 2809 fert,
1200 2735 1373 2821 eademque
1390 2734 1565 2796 executioni
1589 2754 1676 2796 man·

399 2843 490 2921 cipat,
514 2861 584 2902 cum
609 2842 762 2920 supremis
784 2841 989 2901 tribunalibus
1006 2851 1037 2903 et
1052 2842 1226 2902 dicasteriis
1240 2843 1419 2902 immediate
1444 2843 1675 2922 correspondet,

398 2950 493 3009 verbo
526 2949 584 3008 sub
614 2949 805 3028 inspectione
838 2949 953 3008 excelsi
984 2949 1103 3008 consilii
1135 2949 1414 3010 locumtenentialis
1447 2950 1610 3029 hungarici
1641 2969 1675 3010 se

398 3057 500 3135 ipsum
525 3056 767 3116 administratur.

758 3243 816 3302 De
852 3244 1029 3323 gremio
1064 3245 1326 3306 districtus.

502 3400 519 3474 ξ
548 3397 573 3456 l.
598 3397 647 3456 Ad
671 3395 824 3476 gremium
849 3395 1007 3458 districtus
1031 3397 1258 3476 Turopoljitani
1282 3407 1313 3458 et
1337 3397 1581 3458 iurisdictionem
1605 3398 1673 3456 eius

396 3506 552 3584 pertinent
583 3505 729 3564 universa
753 3503 832 3564 intra
865 3513 944 3566 fines
969 3505 1126 3566 districtus
1151 3504 1326 3585 reperibilia
1360 3505 1486 3567 mobilia
1509 3513 1540 3563 et
1565 3506 1673 3563 immo·

396 3614 469 3673 bilia
494 3613 697 3689 possessoria.

503 3741 521 3814 ᾗ
553 3736 581 3796 2.
614 3737 724 3797 Eidem
755 3737 938 3797 districtuali
969 3738 1173 3798 iurisdictioni
1204 3738 1255 3798 illa
1287 3757 1413 3818 quoque
1445 3738 1605 3798 individua
1637 3739 1677 3797 ad

398 3854 513 3906 statum
545 3863 653 3905 eorum
684 3845 806 3905 civilem
836 3844 921 3906 nullo
952 3845 1060 3906 habito
1082 3854 1229 3924 respectu
1250 3846 1467 3920 obnoxiantur,
1491 3864 1573 3925 quae
1598 3846 1678 3905 intra

399 3955 476 4013 lines
501 3953 658 4013 districtus
682 3952 793 4012 stabile
817 3952 934 4013 habent
957 3952 1156 4014 domicilium.

508 4081 525 4154 ᾗ
550 4075 580 4140 3.
604 4079 836 4139 Intercedentes
860 4077 940 4138 inter
967 4079 1142 4140 districtum
1171 4079 1255 4139 bunc
1287 4087 1320 4139 et
1348 4080 1529 4139 comitatum
1560 4079 1680 4158 Zagru-

399 4185 516 4245 biensis
551 4194 660 4259 metas,
691 4194 762 4263 post
793 4185 872 4266 legis
905 4185 998 4246 huius
1028 4185 1280 4265 publicationem,
1305 4188 1439 4247 electum
1463 4187 1679 4246 arbitrativum

400 4291 547 4352 iudicium
575 4291 789 4366 reambulabit,
812 4299 905 4370 prout
929 4300 960 4352 et
983 4311 1170 4353 occursuras
1193 4293 1298 4354 nefors
1321 4293 1522 4372 quaestiones
1546 4292 1680 4354 decidet.

398 4399 448 4459 Ad
481 4399 627 4462 iudicium
658 4401 718 4460 hoc
741 4399 899 4478 quaelibet
926 4401 1180 4462 concernentium
1211 4399 1457 4460 iurisdictionum
1489 4420 1526 4460 ex
1555 4399 1679 4478 propria

399 4507 540 4587 generali
564 4507 810 4588 congregatione
833 4508 914 4568 duos
938 4509 1071 4569 arbitros
1095 4509 1206 4588 eliget3
1240 4508 1272 4568 hi
1303 4527 1380 4570 vero
1411 4518 1499 4569 extra
1531 4509 1579 4568 sui
1609 4527 1680 4588 gre·

399 4615 495 4675 mium
526 4616 704 4693 praesidem
735 4615 949 4679 nominabunt.
982 4616 1015 4676 Si
1050 4616 1172 4676 interim
1204 4624 1275 4694 post
1303 4617 1509 4695 praemissam
1546 4616 1681 4695 legalem

399 4723 641 4783 admonitionem
675 4723 754 4784 intra
789 4720 832 4782 30
864 4725 940 4798 dice,
965 4726 1015 4784 vel
1049 4723 1276 4784 iurisdictiones
1306 4724 1440 4783 arbitros
1464 4725 1513 4783 vel
1536 4723 1567 4782 hi
1591 4741 1680 4801 prae·

399 4829 498 4890 sidem
534 4849 596 4890 non
628 4830 874 4905 denominarent,
906 4849 1015 4890 eorum
1050 4832 1118 4890 loco
1149 4830 1306 4908 palatinus
1337 4832 1427 4910 regni
1459 4809 1681 4903 denominabit‚

400 4939 449 4999 cui
474 4940 568 4999 etiam
593 4939 702 4998 relatio
725 4957 782 5017 per
806 4941 923 4999 eleetos
948 4939 1081 4999 arbitros
1106 4939 1323 5016 praestabitur.
