3934 5550
1514 348 1556 413 57

273 557 393 621 Nicolai
417 558 564 638 Myxych,
587 566 779 621 memoratus
794 558 975 640 Stephanus
1001 560 1083 623 filius
1099 563 1257 643 quondam
1274 564 1404 647 Georgii
1417 567 1557 644 Myxych

272 678 486 748 superextans,
509 668 623 729 lineam
646 670 859 749 generationis
883 690 960 730 suae
986 672 1025 731 ad
1050 672 1320 749 praenominatum
1356 692 1456 753 usque
1488 674 1551 735 Ge-

271 776 396 857 orgium
419 777 567 854 Myxych,
590 796 686 837 unum
719 776 837 837 scilicet
870 796 908 837 ex
944 778 1003 839 iilis
1035 778 1205 842 donatariis
1240 780 1430 857 deduxisset,
1463 781 1550 841 nihil-

270 884 403 945 iominus
425 894 540 960 tamen,
564 885 638 964 quia
661 886 765 945 adhuc
788 885 852 946 duo
881 885 1015 947 inissent
1046 888 1208 962 donatarii,
1232 896 1339 967 utpote
1368 890 1441 949 Wlk
1469 889 1549 950 iilius

270 992 416 1067 Ladislai,
447 1002 479 1053 et
508 992 684 1073 Gregorius
714 993 970 1071 Zthanylowych,
1003 993 1107 1074 illique
1139 994 1170 1055 in
1201 995 1321 1055 semine
1352 994 1550 1071 deiecissent,

269 1100 391 1161 illorum
413 1100 582 1179 portiones,
605 1102 687 1161 duae
710 1100 829 1161 scilicet
851 1100 1011 1180 portiones
1026 1102 1180 1162 bonorum
1195 1102 1412 1183 litigiosorum,
1437 1104 1549 1165 virtute

267 1208 461 1288 praemissae
492 1207 669 1268 donationis
692 1216 724 1268 et
746 1209 920 1271 collationis
950 1208 1099 1269 antedicti
1122 1210 1281 1289 quondam
1312 1210 1429 1271 domini
1453 1212 1550 1273 Frau-

269 1315 343 1376 cisei
373 1316 414 1376 ab
447 1316 572 1393 Wyiair,
605 1315 752 1394 episcopi,
776 1324 807 1375 et
839 1316 917 1376 alias
948 1315 1187 1377 locumtenentis
1219 1317 1446 1395 praenominati
1479 1318 1552 1379 olim

268 1423 385 1484 domini
408 1422 597 1483 Ferdinandi
621 1422 714 1503 regis,
746 1423 933 1484 authoritate
962 1423 1226 1485 locumtenentiae
1250 1444 1327 1485 suae
1351 1424 1463 1502 iactae,
1488 1426 1546 1506 ipsi

267 1532 393 1593 domino
415 1531 583 1591 Francisco
606 1531 670 1591 iilio
693 1531 833 1591 annotati
856 1531 1016 1610 quondam
1032 1531 1148 1592 domini
1171 1532 1313 1592 Thomae
1341 1534 1381 1593 de
1405 1533 1545 1609 Nadasd,

268 1639 345 1701 alias
368 1638 505 1717 palatini,
529 1638 700 1698 adiudicari
723 1638 889 1712 deberent3
913 1639 945 1698 ln
968 1638 1057 1699 cuius
1081 1638 1237 1699 obiectum
1261 1640 1452 1719 praelibatus
1476 1660 1546 1721 pro·

267 1755 392 1807 curator
416 1744 613 1805 iamfatorum
643 1744 740 1805 Blasii
763 1746 945 1825 Pogiedych
969 1754 1001 1806 et
1025 1746 1236 1807 universitatis
1260 1746 1409 1807 nobilium
1432 1747 1546 1827 Campi

267 1852 498 1933 Zagrahiensis,
513 1852 546 1913 in
561 1852 703 1931 personis
725 1853 897 1913 eorundem
912 1853 1075 1932 replicavit
1096 1854 1155 1914 isto
1182 1854 1286 1929 modo,
1303 1855 1386 1933 quod
1405 1856 1549 1934 quamvis

266 1960 352 2021 iuxta
375 1959 581 2021 assertionem
605 1960 679 2020 dieti
701 1960 912 2039 procuratoris
935 1960 1033 2039 ipsius
1056 1960 1174 2021 domini
1199 1960 1321 2039 actoris,
1345 1970 1409 2023 tres
1432 1961 1547 2023 fuerint

266 2067 471 2148 acquisitores
495 2078 609 2149 atquae
632 2068 813 2129 inventores
836 2069 999 2145 bonorum,
1023 2067 1044 2128 ii
1067 2076 1173 2129 tamen
1198 2087 1309 2129 omnes
1334 2076 1398 2129 tres
1422 2068 1549 2131 fuerunt

264 2175 378 2236 iratres
402 2175 665 2237 condivisionales
689 2194 728 2235 ex
751 2195 815 2236 una
838 2184 870 2236 et
893 2176 1004 2237 eadem
1033 2175 1247 2257 generatione,
1268 2176 1407 2237 Lewcha
1430 2176 1548 2237 scilicet

265 2275 452 2364 propagati,
465 2301 543 2363 ergo
578 2284 675 2343 etiam
709 2282 736 2342 si
771 2282 823 2342 alii
855 2282 918 2343 duo
950 2283 1105 2344 donatarii
1136 2283 1167 2343 in
1200 2282 1319 2344 semine
1350 2282 1547 2359 deiecissent,

264 2408 344 2469 quos
370 2399 477 2453 tamen
507 2398 540 2451 et
564 2390 632 2450 illos
655 2389 688 2449 in
710 2397 843 2469 utroque
874 2390 993 2457 semine
1025 2408 1088 2451 non
1121 2390 1274 2452 deiecisse
1303 2399 1433 2471 possent
1462 2409 1546 2451 com·

265 2498 407 2575 probare,
424 2496 623 2557 nihilomiuus
644 2497 722 2558 satis
738 2506 823 2557 esset
845 2497 922 2575 ipsis
944 2497 975 2558 in
1000 2516 1128 2559 causam
1154 2498 1293 2559 attractis
1316 2498 1547 2577 comprobasse,

261 2614 469 2666 memoratum
497 2605 693 2684 Stephanum
726 2605 864 2682 Myxyeh
887 2605 993 2684 ipsum
1028 2623 1098 2665 esse
1121 2604 1250 2666 tratrem
1273 2604 1541 2687 generationalem

261 2713 335 2774 dicti
358 2712 517 2793 quondam
548 2712 679 2794 Georgii
710 2713 763 2774 filii
795 2712 917 2775 Nicolai
948 2714 1095 2791 Myxych
1120 2714 1172 2794 qui
1196 2732 1253 2793 per
1276 2713 1391 2775 lineam
1422 2712 1541 2794 gradus

260 2822 303 2882 ad
324 2822 465 2882 radicem
488 2821 684 2901 acquisitoris
707 2829 738 2880 et
753 2821 925 2881 inventoris
948 2821 1103 2881 bonorum
1127 2840 1218 2881 suam
1241 2819 1464 2902 genealogiam
1487 2820 1541 2880 de·

260 2929 409 3006 duxisset,
433 2929 581 3011 ipsosque
604 2929 764 3009 quondam
788 2928 971 3010 Georgium,
995 2929 1077 2989 Wllr·
1099 2937 1131 2988 et
1161 2929 1351 3010 Gregorium
1383 2929 1541 2989 condona·

260 3038 365 3112 tarios,
396 3056 435 3097 ex
465 3056 529 3098 una
561 3045 593 3098 et
625 3037 738 3098 eadem
760 3036 842 3096 linea
866 3036 1078 3116 generationis
1102 3037 1240 3096 Lewcha
1262 3037 1359 3098 tuisse
1383 3035 1544 3108 oriundos,

259 3164 356 3204 unum
380 3145 463 3204 euim
486 3153 517 3204 et
539 3144 623 3204 idem
647 3151 740 3218 esset,
753 3144 821 3203 sive
845 3143 887 3203 ad
902 3162 999 3206 unum
1023 3144 1090 3204 sive
1114 3144 1155 3203 ad
1179 3162 1289 3211 omnes
1309 3143 1457 3222 pristinos
1482 3143 1536 3204 do·

259 3252 398 3312 natarios
421 3250 589 3312 deduxisse
617 3270 707 3311 suam
738 3250 970 3332 genealogiam,
994 3270 1067 3312 nam
1092 3251 1112 3311 ii
1136 3258 1278 3311 mutuam
1301 3251 1485 3312 habuissent
1508 3260 1540 3311 st

260 3358 453 3438 reciprocam
475 3358 507 3418 in
531 3359 714 3420 alterutrum
744 3357 985 3422 devolutionem.
1015 3358 1106 3418 Unde
1129 3357 1383 3437 procuratoribus
1406 3357 1541 3436 partium

258 3467 523 3546 praescriptarum
546 3466 600 3527 diu
622 3467 816 3545 mrdtumque
835 3467 916 3526 iuter
939 3485 1012 3526 sese
1035 3465 1265 3540 altercantibus,
1283 3465 1487 3544 diversasque
1511 3474 1542 3524 et

259 3574 504 3654 quamplurimas
538 3574 649 3634 inanes
679 3581 711 3634 et
740 3574 934 3634 trustraneas
970 3573 1176 3652 allegationes
1209 3581 1240 3632 et
1271 3572 1473 3650 exceptiones
1506 3572 1538 3631 in

259 3681 441 3743 alterutrum
464 3680 659 3758 iacientibus,
687 3680 746 3741 illis
777 3689 884 3742 tamen
906 3687 1058 3760 tanquam
1081 3679 1240 3740 inutilibus
1264 3687 1296 3739 et
1319 3679 1360 3739 ad
1384 3697 1451 3742 rem
1474 3697 1537 3738 non

258 3787 484 3867 pertinentibus
507 3788 574 3849 iure
597 3788 730 3866 reiectis,
753 3777 849 3849 iidem
871 3796 1091 3867 procuratores
1108 3787 1249 3866 partibus
1272 3786 1338 3847 suis
1360 3785 1538 3866 praedictis,

257 3915 394 3976 pernes
418 3897 449 3957 in
471 3896 653 3976 praemissis
676 3896 751 3960 iuris
775 3895 975 3974 aequitatem,
998 3893 1197 3974 iustitiaeque
1220 3895 1482 3973 complementum
1507 3901 1538 3954 et

257 4004 384 4065 finalem
407 4003 663 4064 deliberationem
679 4003 744 4063 suis
760 4003 901 4082 partibus
923 4003 1120 4081 postularunt
1135 4001 1295 4080 impartiri.
1319 4002 1437 4074 Verum
1453 3999 1535 4080 quia,

256 4120 349 4190 prout
361 4129 400 4172 ex
411 4111 593 4190 praemissis
604 4110 858 4188 irriormabamur,
869 4117 1062 4170 memoratus
1074 4110 1232 4188 quondam
1245 4108 1389 4169 dominus
1398 4109 1539 4168 Thomas

257 4220 297 4280 de
312 4219 452 4294 Nadasd,
467 4234 541 4279 tune
557 4220 649 4280 iudex
666 4219 780 4292 curiae,
797 4219 910 4280 deinde
928 4235 1005 4278 vero
1022 4217 1112 4298 regni
1131 4216 1315 4297 Hungariae
1335 4215 1490 4294 palatinus
1507 4223 1538 4275 et

255 4329 473 4387 locumtenens
494 4325 614 4388 iamlati
638 4327 797 4406 quondam
820 4325 938 4386 domini
960 4324 1151 4386 Ferdinandi
1173 4323 1370 4402 imperatoris
1394 4330 1425 4383 et
1439 4322 1535 4403 regis,

256 4433 485 4512 praescriptum
506 4435 604 4496 totale
626 4435 789 4494 castelium
812 4433 1009 4506 Lwirawecz,
1032 4432 1063 4492 in
1087 4438 1272 4511 praenotato
1304 4431 1453 4518 comitatu
1476 4431 1534 4491 Za·

256 4541 417 4621 grahiensi
441 4541 588 4616 existens,
612 4541 703 4602 simui
726 4561 798 4601 cum
821 4541 887 4601 suis
909 4539 1104 4619 pertiuentiis
1128 4558 1147 4599 a
1170 4546 1344 4600 memorato
1376 4537 1449 4597 olim
1480 4539 1534 4598 do-

255 4649 341 4709 mino
363 4648 533 4709 &ascisce
557 4649 598 4710 ab
619 4650 746 4727 Wylalr,
769 4648 847 4710 alias
870 4649 1100 4708 locumtenente
1125 4647 1266 4708 eiusdem
1288 4646 1449 4726 quondam
1484 4647 1536 4706 do·

254 4757 330 4817 mirri
351 4756 542 4817 Ferdinandi
563 4757 760 4836 imperatoris
784 4764 817 4817 et
838 4755 933 4836 regis,
956 4756 1045 4816 titulo
1069 4755 1209 4815 deiectus
1242 4753 1370 4814 seminis
1402 4761 1531 4813 annota-

255 4874 365 4924 torum
379 4864 537 4943 quondam
560 4864 686 4924 Ioannis
708 4862 838 4924 Coruini
861 4871 893 4923 et
916 4861 1132 4940 Christophori
1156 4861 1209 4922 fflii
1232 4861 1290 4935 sui,
1307 4877 1442 4919 unacum
1468 4859 1534 4919 iure
