3934 5550
412 443 450 506 18

408 657 601 735 Czerowsky
626 656 665 715 de
689 651 983 729 Caerowzkywerh,
1006 650 1039 711 in
1061 649 1127 710 suis
1150 669 1189 709 ac
1211 649 1312 709 tocius
1336 647 1566 708 communitatis
1590 653 1684 726 atque

407 765 617 828 universitatis
641 762 789 824 nobilium
812 759 963 840 praedicti
994 759 1109 838 Campi
1141 757 1366 838 Zagrabiensis
1397 755 1575 817 nominibus
1599 763 1630 816 et
1653 754 1685 814 in

406 875 557 956 personis,
579 881 718 934 nostram
743 869 948 950 personaliter
978 867 1142 930 venientes
1165 867 1197 927 in
1220 866 1447 945 praesenicam,
1470 884 1527 944 per
1557 865 1684 925 modum

407 983 555 1045 solemnis
577 978 816 1061 protestacionis
832 985 864 1038 et
883 976 1106 1050 revocacionis,
1130 974 1364 1036 retractacionis
1388 983 1420 1034 et
1431 971 1685 1033 annichilacionis

404 1091 495 1153 nobis
518 1092 667 1170 detegere
692 1094 723 1148 et
746 1084 924 1167 significare
952 1091 1100 1144 curarunt
1122 1083 1154 1144 in
1176 1084 1259 1143 hunc
1291 1082 1428 1159 modum,
1460 1079 1593 1162 qualiter
1626 1078 1685 1158 ipsi

382 1211 384 1216 '
406 1199 525 1276 nobiles
547 1202 756 1277 protestantes
772 1212 879 1254 coram
906 1190 998 1252 nobis
1010 1191 1089 1253 feria
1105 1191 1211 1267 tercia,
1234 1190 1363 1252 infesto
1386 1189 1531 1250 videlicet
1554 1195 1684 1248 sanctae

406 1307 543 1369 Ceciliae
567 1303 696 1386 virginis
720 1309 752 1362 et
774 1299 918 1376 martiris,
941 1300 1083 1380 proxime
1105 1307 1266 1360 transacta
1288 1292 1515 1379 praeteritum,¹
1538 1297 1570 1357 in
1593 1315 1682 1376 prae·

406 1413 522 1495 scripta
544 1412 659 1474 Minori
683 1411 827 1488 Gorycza
849 1417 924 1470 tunc
948 1408 1116 1482 constituti,
1140 1407 1326 1489 magnificos
1342 1406 1485 1467 dominos
1509 1404 1684 1485 Casparem

405 1522 600 1602 Stephanum
623 1529 655 1581 et
677 1519 841 1580 Nicolaum
856 1533 860 1542 ·
874 1517 977 1596 Alapy
1001 1518 1041 1577 de
1064 1517 1159 1598 Nagy
1191 1517 1333 1601 Kemlek,
1355 1515 1388 1576 in
1410 1513 1589 1576 communia
1621 1511 1684 1572 dic·

405 1639 508 1692 torum
530 1625 775 1709 protestancium
790 1625 883 1700 bona,
907 1625 938 1685 in
961 1625 1075 1685 fratres
1097 1624 1219 1685 illorum
1243 1623 1408 1704 adoptivos
1430 1620 1684 1702 assumpsissent,

405 1740 458 1815 ita,
481 1737 565 1818 quod
588 1735 804 1797 tantummodo
837 1731 969 1812 praefati
1001 1732 1118 1793 domini
1150 1731 1321 1812 Casparus‚
1351 1731 1531 1810 Stephanus
1566 1737 1598 1790 et
1631 1727 1685 1790 Ni·

406 1848 513 1907 colaus
547 1844 659 1922 Alapy,
690 1861 822 1923 gregem
855 1858 1021 1920 porcorum
1054 1840 1202 1919 ipsorum,
1233 1858 1327 1920 quem
1357 1838 1541 1898 nutriverint
1571 1837 1602 1897 in
1634 1855 1684 1897 ca·

406 1954 495 2015 stello
525 1971 633 2014 eorum
656 1951 865 2026 Wokowyna,
889 1949 920 2008 in
944 1948 1094 2009 comitatu
1116 1945 1323 2028 Zagrabiensi
1351 1945 1503 2018 existenti,
1534 1945 1566 2005 in
1589 1945 1686 2023 sylvis

406 2060 622 2122 communibus
661 2058 813 2119 dictorum
853 2057 1002 2117 nobilium
1037 2055 1282 2135 protestancium
1321 2055 1440 2134 absque
1478 2055 1563 2114 omni
1600 2055 1684 2114 solu-

407 2169 504 2244 cione,
539 2175 571 2230 et
605 2186 668 2228 non
702 2166 883 2226 colonorum
923 2163 1104 2240 eorundem,
1138 2164 1170 2224 in
1205 2163 1372 2244 glandibus
1411 2181 1550 2241 pascere,
1591 2170 1684 2242 atque

407 2277 524 2339 nutrire
562 2275 722 2348 deberent,
762 2281 794 2335 et
829 2273 914 2353 quod
951 2273 1040 2354 ligna
1074 2292 1137 2333 non
1170 2271 1331 2332 fructifera
1367 2272 1399 2330 in
1433 2272 1553 2333 eisdem
1588 2269 1685 2348 sylvis

407 2385 545 2465 ipsorum
576 2381 723 2443 nobilitun
757 2380 1002 2460 protestancium
1033 2383 1074 2442 ad
1097 2381 1202 2441 focum
1233 2381 1371 2460 ipsorum
1403 2379 1583 2441 necessaria
1615 2399 1683 2439 suc-

407 2493 512 2552 cidere
542 2490 695 2550 haberent
723 2488 887 2568 potestatis
917 2489 1108 2565 facultatem,
1141 2496 1308 2567 praeterea
1337 2489 1364 2549 si
1398 2488 1491 2571 lignis
1514 2507 1572 2549 seu
1593 2488 1684 2547 robo-

410 2601 495 2660 ribus
527 2597 682 2678 quercinis
717 2597 793 2677 ipsis
824 2596 957 2658 dominis
989 2597 1141 2676 Casparo,
1170 2598 1332 2676 Stephano
1363 2605 1395 2657 et
1420 2596 1551 2657 Nicolao
1576 2595 1687 2674 Alapy,

409 2708 439 2767 in
464 2705 553 2766 dictis
577 2705 674 2783 sylvis
697 2704 866 2764 necessarii
897 2699 1035 2780 fuerint²,
1060 2705 1090 2765 id
1124 2705 1214 2766 nobis
1246 2712 1277 2765 et
1308 2703 1543 2764 successoribus
1573 2703 1688 2765 nostris

408 2813 524 2895 spanis,
548 2833 605 2874 nos
629 2832 705 2873 vero
728 2821 760 2873 et
782 2832 982 2873 successores
1005 2814 1104 2875 nostri
1139 2814 1266 2875 tandem
1289 2813 1371 2875 dicte
1395 2812 1590 2873 universitati
1610 2812 1687 2874 iam·

406 2923 541 2983 latorum
561 2920 710 2980 nobilium
726 2922 970 3000 protestancium
994 2922 1035 2982 ad
1058 2922 1170 2982 scitum
1195 2922 1270 2981 dare
1293 2916 1432 2982 debebo³
1445 2929 1476 2981 et
1491 2922 1687 2998 tenebuntur,

405 3030 436 3090 in
472 3027 697 3109 praeiudicium
732 3037 763 3089 et
795 3030 999 3109 derogamen,
1022 3030 1234 3111 damnumque
1267 3030 1418 3090 dictorum
1442 3029 1686 3108 protestancium

406 3136 622 3209 nianifestum3
654 3145 864 3214 agnoscentes
899 3144 1004 3196 tamen
1040 3136 1172 3216 praefati
1195 3138 1316 3197 nobiles
1338 3144 1558 3216 protestantes,
1581 3135 1686 3195 huius·

405 3243 491 3305 modi
526 3242 733 3321 adopcionem
756 3242 925 3304 fraternam
958 3252 1177 3307 annotatorum
1207 3245 1404 3306 dominorum
1439 3245 1583 3325 Gaspari,
1617 3247 1686 3306 Ste-

405 3351 500 3431 phani
523 3358 555 3410 et
578 3350 700 3410 Nicolai
723 3350 833 3430 Alapy,
858 3352 933 3431 ipsis
958 3371 1029 3413 esse
1052 3352 1144 3413 nimis
1171 3353 1326 3428 nocivam,
1359 3363 1390 3414 et
1420 3354 1589 3434 praecipue
1613 3373 1684 3414 cum

405 3461 498 3521 iidem
523 3458 639 3518 domini
663 3458 833 3539 Casparus‚
856 3461 1035 3539 Stephanus
1058 3470 1090 3521 et
1112 3461 1262 3522 Nicolaus
1297 3462 1408 3541 Alapy,
1439 3463 1523 3523 bona
1555 3470 1587 3523 et
1613 3463 1685 3523 iura

405 3587 535 3649 psorum
562 3566 808 3645 protestancium
832 3568 864 3628 vi
888 3578 1087 3648 occuparent,
1112 3570 1227 3650 partim
1250 3589 1326 3631 vero
1349 3570 1382 3631 in
1405 3579 1508 3631 certas
1531 3590 1683 3651 personas

406 3675 576 3737 eorundem
601 3674 846 3753 protestancium
870 3676 1040 3756 insilerent,
1063 3677 1103 3737 ob
1128 3678 1188 3737 hoc
1210 3677 1325 3756 itaque,
1349 3686 1381 3738 et
1404 3678 1508 3739 causis
1532 3680 1572 3739 de
1594 3697 1683 3758 prae·

405 3782 510 3843 missis
532 3782 616 3842 idem
639 3780 759 3842 nobiles
783 3790 1005 3861 protestantes,
1028 3783 1234 3864 praemissam
1267 3785 1473 3864 adopcionem
1503 3786 1683 3862 fraternam,

403 3892 493 3955 dictis
526 3890 660 3951 dominis
692 3890 794 3970 Alapy
823 3891 948 3965 factam,
977 3892 1010 3951 in
1041 3892 1184 3952 omnibus
1215 3892 1281 3953 suis
1311 3894 1443 3973 punctis,
1475 3893 1622 3953 clausulis
1653 3903 1684 3954 et

404 3998 549 4073 maculis,
573 4018 611 4060 ac
634 3998 666 4059 in
689 3999 774 4059 omni
798 4000 846 4059 sui
869 4008 957 4079 parte
983 4008 1213 4075 retractassent,
1229 4001 1463 4077 reclamassent,
1479 4011 1683 4063 revocassent

403 4116 434 4168 et
467 4106 717 4185 annichilassent,
751 4106 919 4185 literasque
951 4114 1085 4183 nostras,
1109 4108 1135 4167 si
1166 4128 1244 4188 quas
1277 4108 1394 4167 eisdem
1423 4109 1556 4169 dominis
1579 4110 1683 4189 Alapy

403 4215 461 4275 sub
477 4213 580 4295 sigillo
594 4206 701 4275 nostro
721 4214 1015 4290 extradedissemus,
1032 4234 1089 4293 per
1104 4216 1209 4276 omnia
1225 4227 1413 4292 cessassent,
1429 4217 1676 4279 immolidassent

403 4341 441 4383 ac
464 4322 578 4382 nullius
602 4320 730 4402 vigoris,
746 4321 867 4381 roboris
891 4330 922 4381 et
946 4322 1106 4383 efficaciae
1131 4342 1201 4384 esse
1225 4324 1429 4398 censuissent,
1453 4335 1544 4403 prout
1567 4334 1681 4386 retrac-

401 4438 556 4505 taverunt,
587 4440 825 4505 revocaverunt,
857 4432 1107 4492 reclamaverunt
1138 4442 1169 4492 et
1200 4433 1476 4511 annichilaverunt,
1508 4455 1546 4495 ac
1576 4436 1682 4496 literas

402 4538 594 4619 praemissas
617 4546 750 4611 nostras,
780 4558 836 4617 per
867 4539 971 4600 omnia
1005 4551 1217 4617 cassaverunt,
1252 4541 1531 4618 immolidaverunt,
1556 4562 1593 4603 ac
1616 4544 1681 4602 nul·

403 4646 463 4705 lius
499 4645 627 4725 vigoris,
663 4646 783 4706 roboris
815 4656 845 4705 et
877 4647 1037 4708 efficaciae
1073 4668 1143 4708 esse
1176 4659 1372 4723 censuerunt,
1404 4650 1543 4711 similiter
1575 4669 1681 4712 coram

403 4752 509 4828 nobis,
545 4754 654 4813 harum
686 4763 863 4815 nostrarum
900 4754 1008 4835 vigore
1044 4764 1075 4815 et
1110 4757 1286 4817 testimonio
1320 4758 1480 4817 literarum
1515 4757 1681 4819 mediante.

401 4862 518 4923 Datum
541 4860 572 4919 in
597 4860 708 4922 Maiori
734 4862 887 4939 Gorycza,
911 4863 942 4922 in
966 4863 1047 4924 festo
1071 4865 1155 4924 beati
1179 4866 1321 4925 Thomae
1346 4867 1487 4947 apostoli,
1519 4886 1601 4927 anno
1625 4867 1679 4928 do·

403 4968 477 5029 mini
501 4969 664 5031 millesimo
688 4970 938 5051 quingentesimo
963 4973 1162 5055 sexagesimo
1186 4992 1276 5036 nouo
