3934 5550
860 630 970 700 14³.

384 796 476 856 Anno
504 794 596 856 1690.
621 794 649 858 3.
674 797 817 860 octobris,
843 799 875 858 ln
900 800 1049 863 Mokricz.

277 970 443 1036 Nicoloos
465 972 631 1060 Erdeody,
654 973 774 1053 barrus,
797 976 916 1040 comiti
939 980 1020 1041 terr.
1047 975 1171 1060 Campi
1195 977 1381 1057 Turopolio
1404 978 1557 1056 rnandat,

277 1082 317 1144 ut
332 1078 486 1145 homines
501 1102 585 1146 suos
607 1080 661 1145 die
691 1083 735 1163 17.
765 1083 909 1148 octobris
922 1090 1026 1169 perrea·
1043 1083 1199 1169 fluvium
1222 1086 1349 1172 Blirrya
1372 1085 1419 1148 ad
1441 1089 1557 1149 castro

773 1194 917 1275 paratos
940 1190 1050 1257 sistat.

490 1387 652 1448 Generose
676 1388 801 1449 domine
826 1389 925 1449 amice
949 1390 1242 1453 observandissime.

384 1513 520 1589 Quando
537 1512 663 1591 quidem
687 1533 744 1573 sua
769 1514 918 1590 maiestas
934 1516 1155 1592 sacratissima,
1171 1517 1275 1578 denuo
1290 1518 1448 1577 mediante
1469 1526 1555 1577 certo

276 1620 413 1699 benigno
445 1620 594 1680 mandato
625 1620 714 1681 nobis
746 1622 914 1681 clementer
947 1623 1143 1702 praeciperet
1172 1625 1329 1703 (quodex
1353 1645 1416 1705 quo
1449 1624 1557 1684 militia

277 1727 467 1807 germanica,
490 1747 571 1816 quae
596 1728 637 1787 ad
660 1728 759 1807 ripam
792 1729 887 1813 S'zaui
919 1730 1064 1808 passibus
1096 1730 1287 1810 invigilabat.
1312 1751 1421 1792 versus
1447 1740 1554 1810 partes

277 1834 454 1914 superiores
486 1835 668 1916 liungariae
692 1855 763 1899 sese
795 1855 922 1897 movere
950 1836 1130 1914 debuisset),
1154 1847 1309 1917 quatenus
1332 1839 1422 1918 regni
1445 1849 1558 1919 gentes

278 1954 473 2025 quantocyus
497 1944 528 2003 in
552 1964 697 2023 campum
724 1945 907 2032 producere,
931 1945 1096 2024 fluviisque
1119 1946 1224 2006 Szauo
1247 1958 1279 2006 et
1301 1947 1405 2006 Wnae
1428 1946 1556 2007 dextere

277 2052 443 2132 invigilare
474 2052 614 2113 velimus.
646 2052 763 2112 Idcirco
795 2051 997 2113 dominationi
1021 2062 1145 2113 vestrae
1168 2072 1344 2134 generosae
1370 2053 1557 2115 authoritate

277 2171 384 2221 nostra
414 2160 519 2221 banali
550 2160 700 2219 mandare
732 2160 896 2235 voluimus,
925 2169 1081 2239 quatenus
1112 2162 1254 2221 homines
1288 2181 1364 2221 suos
1387 2162 1431 2221 ita
1453 2162 1556 2240 dispo·

276 2289 352 2330 nere
376 2270 468 2343 vellit,
493 2278 526 2330 ut
551 2289 676 2331 annona
698 2288 755 2348 pro
778 2268 866 2329 totali
893 2269 1125 2333 continuatione
1156 2278 1329 2329 castrorum
1361 2269 1486 2349 provisi,
1519 2270 1558 2329 ad

276 2377 406 2438 fluvium
437 2377 580 2455 Blinyam
614 2376 694 2437 inira
725 2376 976 2450 Hraztouiczam,
1011 2395 1069 2455 pro
1091 2376 1142 2436 die
1166 2376 1289 2437 decima
1311 2376 1445 2456 septima
1467 2396 1556 2455 prae·

278 2487 383 2561 sentis,
406 2485 595 2547 insalibiliter
611 2503 794 2564 comparere
817 2485 954 2563 possint3
978 2484 1127 2545 transitus
1143 2493 1248 2545 autem
1264 2485 1391 2545 militiae
1408 2485 1449 2545 ad
1464 2504 1554 2563 prae·

278 2594 390 2653 sidium
420 2594 551 2655 Sziszalr
583 2594 649 2667 erit,
684 2593 736 2653 ubi
767 2612 847 2671 pons
881 2600 1049 2670 extruetur,
1081 2612 1191 2657 versus
1225 2612 1319 2671 quem
1354 2592 1490 2673 dirigere
1523 2611 1557 2652 se

278 2701 469 2781 opportebit;
492 2720 552 2761 nec
575 2720 667 2761 secus
690 2700 819 2761 factura.
844 2701 879 2759 ln
901 2700 1022 2781 reliquo
1046 2700 1161 2760 valebit
1184 2699 1371 2761 felicissime.

384 2827 534 2888 Eiusdem
558 2846 733 2907 generosae
757 2827 977 2888 dominationis
1004 2837 1130 2888 vestrae

995 2973 1114 3031 amicus
1136 2942 1353 3050 paratissimus

886 3079 923 3140 C.
947 3079 1096 3139 Nicolaus
1118 3079 1275 3156 Erdeody,
1298 3079 1398 3139 banus
1423 3099 1461 3140 m.
1486 3099 1514 3156 p.

384 3221 533 3296 Mokricz,
557 3221 585 3282 3.
610 3223 745 3282 octobris
774 3220 865 3283 1690.

384 3348 425 3406 ln
451 3349 589 3408 dorso:
626 3347 788 3408 Generoso
812 3349 938 3408 domino
963 3349 1056 3407 Petro
1079 3350 1328 3425 Szenlrouaclrlry
1360 3349 1448 3409 aliter
1472 3351 1557 3409 Wal-

278 3455 365 3528 licza,
398 3455 608 3516 universitatis
639 3456 788 3516 nobilium
812 3455 925 3535 Campi
948 3457 1172 3536 Zagrabiensis
1205 3459 1384 3536 Turopolya
1409 3457 1482 3516 dicti
1507 3475 1560 3516 co-

279 3563 344 3621 miti
367 3563 505 3623 terrestri
531 3571 588 3623 etc.
614 3563 752 3639 (titulus),
777 3564 878 3623 amico
901 3563 992 3624 nobis
1016 3563 1312 3624 observandissimo.

382 3685 527 3756 Originale
554 3687 744 3753 chartaceum,
773 3703 789 3739 a
818 3693 899 3756 tergo
929 3685 1012 3756 sigilli
1040 3687 1168 3753 appressi
1201 3687 1363 3756 vestigium,
1391 3702 1449 3755 quo
1478 3685 1559 3738 litera

209 3835 212 3840 ¹
277 3774 372 3828 clausa
390 3780 458 3828 erat.
478 3775 508 3828 ln
528 3775 642 3828 archivo
661 3790 803 3829 commun.
822 3777 888 3829 nob.
908 3775 946 3828 de
964 3774 1126 3844 Turopolje.

870 4059 970 4127 144.

384 4227 476 4285 Anno
505 4223 596 4287 1690.
621 4225 655 4285 7:
679 4224 824 4284 octobris.
850 4225 884 4282 ln
909 4223 1139 4286 Keresztinecz.

277 4383 442 4448 Nicotaus
465 4383 632 4468 Erdeody,
654 4382 774 4460 banus,
792 4382 913 4446 comiti
936 4387 1016 4446 terr.
1044 4381 1164 4466 Campe
1194 4381 1379 4464 Turopolia
1403 4382 1557 4459 mandat,

357 4493 395 4554 ut
419 4490 576 4555 homines
600 4491 659 4554 sui
680 4491 718 4554 in
741 4491 813 4554 loco
833 4490 994 4574 priorum
1018 4492 1216 4553 castrorum
1239 4491 1468 4572 compareant.

490 4691 651 4750 Generose
676 4690 800 4750 domine
826 4689 925 4749 amice
949 4688 1245 4749 observandissime.

383 4815 542 4894 Siquidem
564 4814 640 4874 certi
664 4833 805 4874 rumores
828 4813 1065 4887 invalescerent,
1083 4815 1256 4873 Turcarum
1274 4815 1381 4892 copias
1398 4817 1438 4875 ad
1454 4824 1560 4895 partes

278 4934 402 4984 nostras
433 4923 496 4982 iam
532 4923 592 4982 iam
630 4919 881 5002 appropinquari,
914 4931 1081 5000 eapropter
1115 4931 1221 4984 vestra
1260 4923 1431 4984 dominatio
1465 4944 1561 5004 gene·
