3934 5550
415 418 480 481 226

413 636 475 695 sint
499 654 537 695 ac
560 636 695 695 valeant
720 634 876 711 Quocirca
900 635 931 693 id
954 634 1057 712 ipsum
1080 654 1137 712 per
1159 642 1343 713 praesentes
1366 654 1544 714 generosae
1579 636 1608 695 d.
1640 656 1693 696 ve·

416 752 501 804 strae
524 744 767 824 significandum
791 742 874 816 duxi,
897 751 1052 823 quatenus
1075 743 1219 803 homines
1242 762 1317 803 suos
1341 762 1436 803 curae
1466 762 1543 805 suae
1567 764 1693 805 concre-

413 852 503 927 ditos,
527 851 647 912 nobiles
671 859 778 930 utpote
802 849 916 929 Campi
929 851 1109 928 Turopolya
1133 851 1176 910 ita
1200 850 1374 930 disponere,
1399 859 1431 911 et
1453 852 1599 912 omnibus
1626 872 1696 931 pro·

414 960 500 1020 visos
524 959 640 1020 habere
666 958 857 1039 dignaretur,
882 958 934 1038 qni
958 958 1026 1018 sine
1050 958 1198 1038 quapiam
1229 958 1519 1037 procrastinatione,
1554 977 1602 1033 eo,
1633 978 1697 1039 quo

415 1066 588 1128 necessitas
614 1066 860 1147 expostulaverit
884 1084 1049 1125 excurrere
1065 1074 1199 1145 queant,
1223 1074 1316 1146 urget
1332 1065 1414 1125 enim
1431 1065 1471 1140 id,
1488 1074 1520 1126 et
1535 1066 1695 1127 servitium

415 1194 492 1235 suae
516 1174 690 1235 maiestatis
714 1173 955 1250 sacratissimae,
971 1181 1003 1233 et
1018 1174 1134 1233 bonurn
1152 1173 1309 1252 publicum
1326 1173 1424 1253 regni,
1441 1173 1578 1253 alioquin
1602 1194 1696 1253 spero

413 1301 601 1363 generosam
625 1281 870 1342 dominationem
894 1288 1032 1341 vestram
1055 1282 1230 1360 praemissa
1252 1281 1379 1340 indubie
1403 1281 1565 1344 facturam.
1590 1283 1696 1358 Quam

416 1391 490 1450 dum
514 1390 546 1449 in
570 1390 688 1469 reliquo
712 1390 765 1449 diu
789 1408 900 1449 sanam
925 1398 955 1449 et
979 1389 1167 1449 incolumem
1191 1390 1297 1449 valere
1321 1397 1445 1467 exopto,
1468 1408 1582 1449 maneo
1599 1410 1695 1470 gene·

414 1516 506 1557 rosae
530 1498 559 1558 d.
585 1506 709 1558 vestrae
733 1496 851 1557 servire
875 1505 1005 1575 paratus

1057 1642 1236 1719 Stephanus
1259 1640 1480 1713 Selischcuich,

1004 1748 1171 1827 episcopus
1194 1746 1417 1828 Zagrabiensis
1439 1767 1479 1809 m.
1503 1767 1531 1826 p.

523 1894 709 1977 Zagrabiae,
738 1892 786 1956 12.
813 1892 926 1972 aprilis,
951 1912 1033 1953 anno
1061 1889 1153 1953 1698.

524 2040 564 2098 ln
589 2038 729 2098 dorso:
754 2037 917 2097 Generose
935 2038 1061 2097 domino
1076 2038 1170 2097 Petro
1185 2037 1435 2113 Szenkouachlry
1451 2037 1589 2097 Vallicza
1605 2038 1697 2112 dicto,

423 2146 633 2206 universitatis
657 2144 804 2205 nobilium
829 2144 942 2223 Campi
965 2144 1188 2225 Zagrabiensis
1223 2144 1393 2223 Turopolia
1417 2145 1492 2204 dicti
1515 2144 1619 2205 comiti
1639 2155 1699 2204 ter·

422 2255 512 2315 restri
536 2262 602 2328 etc,
626 2254 751 2314 domino
776 2252 850 2313 mihi
873 2253 1167 2313 observandissime

525 2375 670 2447 Originale
688 2377 879 2441 chartaceum,
899 2392 915 2429 a
932 2383 1016 2447 tergo
1029 2376 1157 2444 appressi
1171 2374 1253 2445 sigilli
1267 2375 1428 2445 vestigium,
1442 2390 1499 2443 quo
1513 2374 1594 2428 litera
1606 2375 1702 2427 clausa

418 2473 487 2520 crat.
507 2467 538 2519 ln
557 2466 671 2520 archivo
690 2482 831 2521 commun.
854 2466 919 2518 nob.
939 2466 976 2519 de
995 2466 1157 2534 TuropolJ'e.

1014 2787 1115 2857 m.

531 2987 623 3046 Anno
652 2983 744 3048 1698.
772 2984 819 3048 14.
844 2987 957 3066 aprilis.
982 2987 1017 3046 ln
1040 2986 1176 3046 luanieh.

424 3178 619 3264 Stephanus
641 3177 878 3257 Selisclrenich,
902 3179 1079 3263 episcopus
1111 3178 1363 3264 Zagrabiensis,
1395 3181 1516 3243 comiti
1548 3181 1705 3244 terrestri

428 3285 550 3368 Campi
586 3285 843 3370 Turopoliensis
873 3285 1026 3365 mandat,
1056 3289 1096 3361 ut
1126 3307 1205 3350 cum
1237 3284 1315 3350 suis
1345 3285 1548 3350 hominibus
1581 3308 1704 3352 avarsus

938 3391 1040 3478 Nouy
1056 3393 1209 3478 festinet.

638 3611 799 3671 Generose
824 3611 949 3670 domine
973 3611 1048 3671 mihi
1071 3612 1365 3674 observandissime.

533 3756 643 3814 Nullus
668 3755 784 3826 dubito,
808 3755 882 3833 quin
906 3773 1063 3834 generosa
1087 3756 1257 3816 dominatio
1281 3766 1387 3817 vestra
1410 3776 1498 3816 meas
1534 3756 1581 3819 12.
1614 3777 1703 3836 prae·

426 3863 523 3922 sentis
546 3861 723 3950 Zagrabiae
748 3862 838 3920 datas
862 3862 1023 3940 hucusque
1048 3863 1203 3941 acceperit
1226 3863 1339 3940 literas,
1363 3874 1471 3924 tenore
1502 3884 1634 3943 quarum
1659 3866 1703 3924 in-

425 3971 535 4030 timare
560 3971 728 4042 volueram,
752 3976 907 4048 quatenus
931 3969 1074 4028 homines
1090 3989 1184 4030 curae
1207 3990 1283 4030 suae
1300 3972 1506 4047 concreditos,
1520 3973 1702 4051 nobilesque

427 4077 541 4156 Campi
564 4077 798 4156 Turopoliensis
822 4077 865 4136 ita
889 4065 1077 4138 necessariis
1101 4078 1246 4139 omnibus
1270 4080 1413 4158 provisos
1430 4079 1644 4158 disposuisset,
1670 4092 1703 4139 ut

429 4187 593 4266 ingruente
617 4185 716 4263 prima
741 4185 929 4244 necessitate
953 4184 1034 4245 illico
1058 4205 1223 4247 excurrere
1256 4187 1430 4264 potuissent
1468 4206 1476 4261 ;
1508 4195 1540 4246 et
1569 4207 1639 4246 cum
1672 4187 1702 4246 in

428 4293 676 4373 praesentiarum
700 4293 873 4353 necessitas
896 4293 975 4351 haec
1000 4301 1136 4366 occurat,
1162 4294 1213 4354 ubi
1237 4294 1380 4354 inimicus
1405 4314 1461 4372 pro
1486 4303 1580 4368 certo,
1604 4295 1647 4354 uti
1665 4315 1702 4354 ex

428 4401 577 4461 relatione
601 4400 831 4480 fidedignorum
856 4401 1086 4478 exploratorum
1111 4401 1240 4480 accipio,
1265 4403 1304 4460 ad
1327 4402 1447 4462 Bihach
1479 4411 1701 4483 congregatus,

427 4509 545 4570 directa
569 4517 677 4568 contra
700 4508 834 4568 confinia
858 4509 1006 4570 Wnnana
1023 4521 1054 4568 et
1068 4528 1213 4588 eampum
1230 4511 1323 4586 Nouy
1352 4519 1508 4590 pergeret
1531 4512 1705 4589 Eapropter

428 4635 617 4696 generosam
642 4616 671 4675 d.
696 4624 832 4675 vestram
858 4617 961 4676 denuo
985 4617 1072 4680 hisce
1096 4616 1136 4675 de
1160 4617 1351 4694 plenitudine
1376 4618 1572 4678 authoritatis
1603 4637 1702 4691 meae,

428 4734 558 4784 eatenus
582 4724 657 4783 mihi
683 4723 839 4800 attributa,
864 4724 949 4783 hisce
974 4724 1194 4802 requirendam
1225 4725 1308 4801 duxi,
1332 4745 1393 4804 quo
1418 4746 1489 4785 cum
1514 4726 1626 4786 iisdem
1648 4727 1703 4785 ho·

429 4833 563 4894 minibus
588 4833 653 4892 suis
677 4841 708 4893 et
731 4833 885 4893 nobilibus
918 4832 1031 4912 Campi
1064 4833 1253 4911 Turopolya,
1284 4851 1409 4893 annona
1439 4853 1496 4912 pro
1528 4833 1705 4912 quindecim

428 4941 538 5000 diebus
562 4941 704 5020 provisis,
728 4941 796 5001 sine
820 4959 908 5001 mora
924 4959 1036 5000 versus
1060 4941 1161 5016 Nouy,
1176 4949 1207 5001 et
1223 4930 1349 5019 quidein
1366 4960 1422 5019 per
1438 4940 1703 5017 Berkisseuynam
