<?xml version="1.0" encoding="UTF-8"?>
<!DOCTYPE html PUBLIC "-//W3C//DTD XHTML 1.0 Transitional//EN"
    "http://www.w3.org/TR/xhtml1/DTD/xhtml1-transitional.dtd">
<html xmlns="http://www.w3.org/1999/xhtml" xml:lang="en" lang="en">
 <head>
  <title>
</title>
<meta http-equiv="Content-Type" content="text/html;charset=utf-8" />
  <meta name='ocr-system' content='tesseract 3.04.00' />
  <meta name='ocr-capabilities' content='ocr_page ocr_carea ocr_par ocr_line ocrx_word'/>
</head>
<body>
  <div class='ocr_page' id='page_1' title='image "./povjesnispomeni00laszgoog_0251.png"; bbox 0 0 3934 5550; ppageno 0'>
   <div class='ocr_carea' id='block_1_1' title="bbox 373 379 444 445">
    <p class='ocr_par' dir='ltr' id='par_1_1' title="bbox 373 379 444 445">
     <span class='ocr_line' id='line_1_1' title="bbox 373 379 444 445; baseline 0 0"><span class='ocrx_word' id='word_1_1' title='bbox 373 379 444 445; x_wconf 84' lang='lat'>218</span> 
     </span>
    </p>
   </div>
   <div class='ocr_carea' id='block_1_2' title="bbox 366 597 1655 3694">
    <p class='ocr_par' dir='ltr' id='par_1_2' title="bbox 366 597 1655 787">
     <span class='ocr_line' id='line_1_2' title="bbox 369 597 1655 680; baseline -0.001 -20"><span class='ocrx_word' id='word_1_2' title='bbox 369 600 503 661; x_wconf 90' lang='lat' dir='ltr'>cembris</span> <span class='ocrx_word' id='word_1_3' title='bbox 527 600 678 661; x_wconf 87' lang='lat' dir='ltr'>inclusive</span> <span class='ocrx_word' id='word_1_4' title='bbox 701 618 801 679; x_wconf 88' lang='lat' dir='ltr'>usque</span> <span class='ocrx_word' id='word_1_5' title='bbox 825 600 866 661; x_wconf 89' lang='lat' dir='ltr'>ad</span> <span class='ocrx_word' id='word_1_6' title='bbox 890 600 972 660; x_wconf 90' lang='lat' dir='ltr'>diem</span> <span class='ocrx_word' id='word_1_7' title='bbox 994 597 1042 663; x_wconf 85' lang='grc'>19.</span> <span class='ocrx_word' id='word_1_8' title='bbox 1059 600 1208 672; x_wconf 85' lang='lat' dir='ltr'>eiusdem,</span> <span class='ocrx_word' id='word_1_9' title='bbox 1224 599 1337 680; x_wconf 91' lang='lat' dir='ltr'>quibus</span> <span class='ocrx_word' id='word_1_10' title='bbox 1368 598 1525 660; x_wconf 82' lang='lat' dir='ltr'><strong>dabantur</strong></span> <span class='ocrx_word' id='word_1_11' title='bbox 1548 598 1655 659; x_wconf 88' lang='lat' dir='ltr'>dietim</span> 
     </span>
     <span class='ocr_line' id='line_1_3' title="bbox 366 704 1653 787; baseline 0.003 -20"><span class='ocrx_word' id='word_1_12' title='bbox 366 708 529 787; x_wconf 85' lang='lat' dir='ltr'><strong>portiones</strong></span> <span class='ocrx_word' id='word_1_13' title='bbox 545 708 603 768; x_wconf 90' lang='lat' dir='ltr'>No.</span> <span class='ocrx_word' id='word_1_14' title='bbox 616 705 646 783; x_wconf 89' lang='lat'>8,</span> <span class='ocrx_word' id='word_1_15' title='bbox 659 707 771 786; x_wconf 93' lang='lat' dir='ltr'>quibus</span> <span class='ocrx_word' id='word_1_16' title='bbox 783 707 921 768; x_wconf 77' lang='lat' dir='ltr'>limitetis</span> <span class='ocrx_word' id='word_1_17' title='bbox 937 708 980 767; x_wconf 91' lang='lat' dir='ltr'>uti</span> <span class='ocrx_word' id='word_1_18' title='bbox 995 726 1100 786; x_wconf 89' lang='lat' dir='ltr'>supra,</span> <span class='ocrx_word' id='word_1_19' title='bbox 1112 707 1187 768; x_wconf 88' lang='lat' dir='ltr'>lacit</span> <span class='ocrx_word' id='word_1_20' title='bbox 1201 709 1268 769; x_wconf 90' lang='lat' dir='ltr'>flor.</span> <span class='ocrx_word' id='word_1_21' title='bbox 1280 708 1378 768; x_wconf 86' lang='lat' dir='ltr'>Rhen.</span> <span class='ocrx_word' id='word_1_22' title='bbox 1391 704 1443 783; x_wconf 93' lang='lat'>28,</span> <span class='ocrx_word' id='word_1_23' title='bbox 1455 725 1586 787; x_wconf 87' lang='lat' dir='ltr'>grossos</span> <span class='ocrx_word' id='word_1_24' title='bbox 1605 705 1653 771; x_wconf 86' lang='grc'>16.</span> 
     </span>
    </p>

    <p class='ocr_par' dir='ltr' id='par_1_3' title="bbox 367 814 1655 1217">
     <span class='ocr_line' id='line_1_4' title="bbox 478 814 1651 890; baseline 0 -15"><span class='ocrx_word' id='word_1_25' title='bbox 478 816 554 875; x_wconf 93' lang='lat' dir='ltr'><strong>Item</strong></span> <span class='ocrx_word' id='word_1_26' title='bbox 588 815 710 875; x_wconf 84' lang='lat' dir='ltr'>effluxis</span> <span class='ocrx_word' id='word_1_27' title='bbox 743 814 854 875; x_wconf 92' lang='lat' dir='ltr'>iisdem</span> <span class='ocrx_word' id='word_1_28' title='bbox 879 815 1044 875; x_wconf 89' lang='lat' dir='ltr'>duodecim</span> <span class='ocrx_word' id='word_1_29' title='bbox 1068 814 1187 890; x_wconf 91' lang='lat' dir='ltr'>diebus,</span> <span class='ocrx_word' id='word_1_30' title='bbox 1212 815 1339 875; x_wconf 79' lang='lat' dir='ltr'>advenit</span> <span class='ocrx_word' id='word_1_31' title='bbox 1361 814 1507 874; x_wconf 90' lang='lat' dir='ltr'>dominus</span> <span class='ocrx_word' id='word_1_32' title='bbox 1529 814 1651 875; x_wconf 89' lang='lat' dir='ltr'>viceca-</span> 
     </span>
     <span class='ocr_line' id='line_1_5' title="bbox 372 920 1653 1003; baseline -0.003 -19"><span class='ocrx_word' id='word_1_33' title='bbox 372 924 517 1003; x_wconf 88' lang='lat' dir='ltr'>pitaneus</span> <span class='ocrx_word' id='word_1_34' title='bbox 540 922 724 1003; x_wconf 89' lang='lat' dir='ltr'>companiae</span> <span class='ocrx_word' id='word_1_35' title='bbox 743 924 879 983; x_wconf 91' lang='lat' dir='ltr'>Leemon</span> <span class='ocrx_word' id='word_1_36' title='bbox 897 942 967 981; x_wconf 89' lang='lat' dir='ltr'>cum</span> <span class='ocrx_word' id='word_1_37' title='bbox 991 922 1135 1000; x_wconf 87' lang='lat' dir='ltr'>personis</span> <span class='ocrx_word' id='word_1_38' title='bbox 1158 920 1190 995; x_wconf 96' lang='lat'>4,</span> <span class='ocrx_word' id='word_1_39' title='bbox 1205 922 1291 1001; x_wconf 89' lang='lat' dir='ltr'>prole</span> <span class='ocrx_word' id='word_1_40' title='bbox 1316 939 1388 998; x_wconf 87' lang='lat' dir='ltr'>una,</span> <span class='ocrx_word' id='word_1_41' title='bbox 1404 940 1442 981; x_wconf 88' lang='lat' dir='ltr'>ac</span> <span class='ocrx_word' id='word_1_42' title='bbox 1465 921 1554 999; x_wconf 86' lang='lat' dir='ltr'>equis</span> <span class='ocrx_word' id='word_1_43' title='bbox 1577 940 1653 1001; x_wconf 89' lang='lat' dir='ltr'>qua-</span> 
     </span>
     <span class='ocr_line' id='line_1_6' title="bbox 367 1025 1655 1110; baseline -0.001 -21"><span class='ocrx_word' id='word_1_44' title='bbox 367 1038 447 1107; x_wconf 84' lang='lat' dir='ltr'>tuor,</span> <span class='ocrx_word' id='word_1_45' title='bbox 472 1031 521 1090; x_wconf 89' lang='lat' dir='ltr'>cui</span> <span class='ocrx_word' id='word_1_46' title='bbox 544 1049 600 1110; x_wconf 92' lang='lat' dir='ltr'>per</span> <span class='ocrx_word' id='word_1_47' title='bbox 624 1030 734 1090; x_wconf 88' lang='lat' dir='ltr'>decem</span> <span class='ocrx_word' id='word_1_48' title='bbox 759 1030 826 1089; x_wconf 89' lang='lat' dir='ltr'>dies</span> <span class='ocrx_word' id='word_1_49' title='bbox 849 1028 1114 1090; x_wconf 89' lang='lat' dir='ltr'>subminstrarunt</span> <span class='ocrx_word' id='word_1_50' title='bbox 1145 1028 1250 1088; x_wconf 88' lang='lat' dir='ltr'>carnis</span> <span class='ocrx_word' id='word_1_51' title='bbox 1282 1028 1378 1088; x_wconf 82' lang='lat' dir='ltr'>libras</span> <span class='ocrx_word' id='word_1_52' title='bbox 1410 1025 1463 1104; x_wconf 80' lang='lat'>60,</span> <span class='ocrx_word' id='word_1_53' title='bbox 1494 1028 1655 1089; x_wconf 90' lang='lat' dir='ltr'>limitando</span> 
     </span>
     <span class='ocr_line' id='line_1_7' title="bbox 368 1135 1128 1217; baseline -0.003 -19"><span class='ocrx_word' id='word_1_54' title='bbox 368 1138 504 1199; x_wconf 86' lang='lat' dir='ltr'>denariis</span> <span class='ocrx_word' id='word_1_55' title='bbox 528 1135 558 1213; x_wconf 87' lang='lat'>3,</span> <span class='ocrx_word' id='word_1_56' title='bbox 581 1137 655 1197; x_wconf 83' lang='lat' dir='ltr'>iacit</span> <span class='ocrx_word' id='word_1_57' title='bbox 678 1139 744 1198; x_wconf 89' lang='lat' dir='ltr'>flor.</span> <span class='ocrx_word' id='word_1_58' title='bbox 770 1138 866 1198; x_wconf 85' lang='lat' dir='ltr'>Rhen.</span> <span class='ocrx_word' id='word_1_59' title='bbox 892 1136 921 1210; x_wconf 95' lang='lat'>2,</span> <span class='ocrx_word' id='word_1_60' title='bbox 945 1156 1075 1217; x_wconf 87' lang='lat' dir='ltr'>grossos</span> <span class='ocrx_word' id='word_1_61' title='bbox 1099 1135 1128 1197; x_wconf 90' lang='lat'>5.</span> 
     </span>
    </p>

    <p class='ocr_par' dir='ltr' id='par_1_4' title="bbox 478 1242 1654 1325">
     <span class='ocr_line' id='line_1_8' title="bbox 478 1242 1654 1325; baseline -0.002 -20"><span class='ocrx_word' id='word_1_62' title='bbox 478 1246 553 1305; x_wconf 91' lang='lat' dir='ltr'><strong>Item</strong></span> <span class='ocrx_word' id='word_1_63' title='bbox 579 1244 712 1324; x_wconf 86' lang='lat' dir='ltr'>gallinas</span> <span class='ocrx_word' id='word_1_64' title='bbox 729 1242 772 1304; x_wconf 83' lang='lat'>20</span> <span class='ocrx_word' id='word_1_65' title='bbox 788 1244 949 1305; x_wconf 84' lang='lat' dir='ltr'>limitando</span> <span class='ocrx_word' id='word_1_66' title='bbox 971 1244 1128 1325; x_wconf 85' lang='lat' dir='ltr'>singulam</span> <span class='ocrx_word' id='word_1_67' title='bbox 1142 1243 1262 1324; x_wconf 85' lang='lat' dir='ltr'>grossis</span> <span class='ocrx_word' id='word_1_68' title='bbox 1279 1243 1308 1318; x_wconf 91' lang='lat'>2,</span> <span class='ocrx_word' id='word_1_69' title='bbox 1324 1243 1399 1304; x_wconf 84' lang='lat' dir='ltr'>lacit</span> <span class='ocrx_word' id='word_1_70' title='bbox 1420 1244 1487 1304; x_wconf 91' lang='lat' dir='ltr'>flor.</span> <span class='ocrx_word' id='word_1_71' title='bbox 1511 1245 1607 1303; x_wconf 91' lang='lat' dir='ltr'>Rhen.</span> <span class='ocrx_word' id='word_1_72' title='bbox 1625 1242 1654 1303; x_wconf 88' lang='lat'>2.</span> 
     </span>
    </p>

    <p class='ocr_par' dir='ltr' id='par_1_5' title="bbox 370 1349 1654 1521">
     <span class='ocr_line' id='line_1_9' title="bbox 481 1349 1654 1431; baseline 0 -20"><span class='ocrx_word' id='word_1_73' title='bbox 481 1354 554 1412; x_wconf 91' lang='lat' dir='ltr'><strong>ltem</strong></span> <span class='ocrx_word' id='word_1_74' title='bbox 581 1353 642 1412; x_wconf 92' lang='lat' dir='ltr'>vini</span> <span class='ocrx_word' id='word_1_75' title='bbox 666 1352 889 1431; x_wconf 83' lang='lat' dir='ltr'>Zagrabiensis</span> <span class='ocrx_word' id='word_1_76' title='bbox 913 1371 1080 1412; x_wconf 83' lang='lat' dir='ltr'>mensurae</span> <span class='ocrx_word' id='word_1_77' title='bbox 1104 1352 1207 1431; x_wconf 88' lang='lat' dir='ltr'>pintas</span> <span class='ocrx_word' id='word_1_78' title='bbox 1231 1350 1283 1425; x_wconf 91' lang='grc'>20,</span> <span class='ocrx_word' id='word_1_79' title='bbox 1307 1352 1467 1411; x_wconf 89' lang='lat' dir='ltr'>limitando</span> <span class='ocrx_word' id='word_1_80' title='bbox 1491 1351 1611 1431; x_wconf 90' lang='lat' dir='ltr'>grossis</span> <span class='ocrx_word' id='word_1_81' title='bbox 1623 1349 1654 1423; x_wconf 84' lang='grc'>3,</span> 
     </span>
     <span class='ocr_line' id='line_1_10' title="bbox 370 1457 709 1521; baseline 0.003 -2"><span class='ocrx_word' id='word_1_82' title='bbox 370 1460 444 1520; x_wconf 85' lang='lat' dir='ltr'>lacit</span> <span class='ocrx_word' id='word_1_83' title='bbox 467 1460 533 1521; x_wconf 87' lang='lat' dir='ltr'>flor.</span> <span class='ocrx_word' id='word_1_84' title='bbox 558 1462 655 1520; x_wconf 85' lang='lat' dir='ltr'>Rhen.</span> <span class='ocrx_word' id='word_1_85' title='bbox 680 1457 709 1521; x_wconf 88' lang='grc'>3.</span> 
     </span>
    </p>

    <p class='ocr_par' dir='ltr' id='par_1_6' title="bbox 476 1565 1054 1647">
     <span class='ocr_line' id='line_1_11' title="bbox 476 1565 1054 1647; baseline 0.003 -21"><span class='ocrx_word' id='word_1_86' title='bbox 476 1568 552 1626; x_wconf 82' lang='lat' dir='ltr'>Item</span> <span class='ocrx_word' id='word_1_87' title='bbox 577 1567 667 1647; x_wconf 86' lang='lat' dir='ltr'>panis</span> <span class='ocrx_word' id='word_1_88' title='bbox 693 1567 753 1627; x_wconf 92' lang='lat' dir='ltr'>albi</span> <span class='ocrx_word' id='word_1_89' title='bbox 778 1584 834 1647; x_wconf 89' lang='lat' dir='ltr'>pro</span> <span class='ocrx_word' id='word_1_90' title='bbox 858 1567 977 1646; x_wconf 86' lang='lat' dir='ltr'>grossis</span> <span class='ocrx_word' id='word_1_91' title='bbox 1007 1565 1054 1628; x_wconf 91' lang='grc'>10.</span> 
     </span>
    </p>

    <p class='ocr_par' dir='ltr' id='par_1_7' title="bbox 370 1671 1655 1847">
     <span class='ocr_line' id='line_1_12' title="bbox 476 1671 1655 1755; baseline -0.001 -21"><span class='ocrx_word' id='word_1_92' title='bbox 476 1675 553 1734; x_wconf 87' lang='lat' dir='ltr'><strong>Item</strong></span> <span class='ocrx_word' id='word_1_93' title='bbox 586 1675 675 1753; x_wconf 82' lang='lat' dir='ltr'>panis</span> <span class='ocrx_word' id='word_1_94' title='bbox 706 1674 865 1734; x_wconf 87' lang='lat' dir='ltr'>lamiliaris</span> <span class='ocrx_word' id='word_1_95' title='bbox 898 1692 997 1753; x_wconf 89' lang='lat' dir='ltr'>panes</span> <span class='ocrx_word' id='word_1_96' title='bbox 1021 1673 1073 1748; x_wconf 88' lang='grc'>20,</span> <span class='ocrx_word' id='word_1_97' title='bbox 1096 1674 1258 1735; x_wconf 90' lang='lat' dir='ltr'>limitando</span> <span class='ocrx_word' id='word_1_98' title='bbox 1290 1694 1345 1753; x_wconf 88' lang='lat' dir='ltr'>per</span> <span class='ocrx_word' id='word_1_99' title='bbox 1373 1693 1503 1755; x_wconf 85' lang='lat' dir='ltr'>grossos</span> <span class='ocrx_word' id='word_1_100' title='bbox 1527 1671 1557 1749; x_wconf 83' lang='lat'>3,</span> <span class='ocrx_word' id='word_1_101' title='bbox 1580 1674 1655 1733; x_wconf 87' lang='lat' dir='ltr'>facit</span> 
     </span>
     <span class='ocr_line' id='line_1_13' title="bbox 370 1780 612 1847; baseline 0.004 -6"><span class='ocrx_word' id='word_1_102' title='bbox 370 1783 437 1843; x_wconf 90' lang='lat' dir='ltr'>flor.</span> <span class='ocrx_word' id='word_1_103' title='bbox 460 1783 557 1847; x_wconf 88' lang='lat' dir='ltr'>Rhen.</span> <span class='ocrx_word' id='word_1_104' title='bbox 582 1780 612 1843; x_wconf 91' lang='grc'>3.</span> 
     </span>
    </p>

    <p class='ocr_par' dir='ltr' id='par_1_8' title="bbox 476 1889 1652 1964">
     <span class='ocr_line' id='line_1_14' title="bbox 476 1889 1652 1964; baseline 0.002 -15"><span class='ocrx_word' id='word_1_105' title='bbox 476 1890 553 1949; x_wconf 89' lang='lat' dir='ltr'><strong>Item</strong></span> <span class='ocrx_word' id='word_1_106' title='bbox 578 1909 698 1951; x_wconf 86' lang='lat' dir='ltr'>avenae</span> <span class='ocrx_word' id='word_1_107' title='bbox 720 1889 840 1950; x_wconf 90' lang='lat' dir='ltr'>modios</span> <span class='ocrx_word' id='word_1_108' title='bbox 865 1889 895 1963; x_wconf 93' lang='lat'>5,</span> <span class='ocrx_word' id='word_1_109' title='bbox 918 1890 1080 1949; x_wconf 88' lang='lat' dir='ltr'>limitando</span> <span class='ocrx_word' id='word_1_110' title='bbox 1096 1889 1162 1949; x_wconf 88' lang='lat' dir='ltr'>flor.</span> <span class='ocrx_word' id='word_1_111' title='bbox 1176 1890 1265 1950; x_wconf 92' lang='lat' dir='ltr'>Rhen</span> <span class='ocrx_word' id='word_1_112' title='bbox 1296 1889 1320 1961; x_wconf 88' lang='lat' dir='ltr'>l,</span> <span class='ocrx_word' id='word_1_113' title='bbox 1336 1890 1411 1949; x_wconf 86' lang='lat' dir='ltr'><strong>facit</strong></span> <span class='ocrx_word' id='word_1_114' title='bbox 1426 1891 1494 1951; x_wconf 91' lang='lat' dir='ltr'>flor.</span> <span class='ocrx_word' id='word_1_115' title='bbox 1508 1891 1606 1951; x_wconf 85' lang='lat' dir='ltr'>Rhen.</span> <span class='ocrx_word' id='word_1_116' title='bbox 1622 1889 1652 1964; x_wconf 88' lang='lat'>5,</span> 
     </span>
    </p>

    <p class='ocr_par' dir='ltr' id='par_1_9' title="bbox 369 1997 1651 2183">
     <span class='ocr_line' id='line_1_15' title="bbox 479 1997 1651 2077; baseline -0.001 -19"><span class='ocrx_word' id='word_1_117' title='bbox 479 1999 555 2058; x_wconf 91' lang='lat' dir='ltr'><strong>ltem</strong></span> <span class='ocrx_word' id='word_1_118' title='bbox 586 1998 711 2058; x_wconf 86' lang='lat' dir='ltr'>foenum</span> <span class='ocrx_word' id='word_1_119' title='bbox 746 2017 802 2076; x_wconf 90' lang='lat' dir='ltr'>pro</span> <span class='ocrx_word' id='word_1_120' title='bbox 833 1998 957 2077; x_wconf 85' lang='lat' dir='ltr'>singulo</span> <span class='ocrx_word' id='word_1_121' title='bbox 989 2016 1070 2076; x_wconf 87' lang='lat' dir='ltr'>equo</span> <span class='ocrx_word' id='word_1_122' title='bbox 1101 1997 1262 2059; x_wconf 87' lang='lat' dir='ltr'>limitando</span> <span class='ocrx_word' id='word_1_123' title='bbox 1286 2017 1341 2076; x_wconf 87' lang='lat' dir='ltr'>per</span> <span class='ocrx_word' id='word_1_124' title='bbox 1368 1998 1452 2057; x_wconf 91' lang='lat' dir='ltr'>diem</span> <span class='ocrx_word' id='word_1_125' title='bbox 1476 2006 1507 2058; x_wconf 86' lang='lat' dir='ltr'><strong>et</strong></span> <span class='ocrx_word' id='word_1_126' title='bbox 1529 2006 1651 2058; x_wconf 88' lang='lat' dir='ltr'>noctem</span> 
     </span>
     <span class='ocr_line' id='line_1_16' title="bbox 369 2103 926 2183; baseline 0.002 -17"><span class='ocrx_word' id='word_1_127' title='bbox 369 2106 489 2183; x_wconf 78' lang='lat' dir='ltr'>grossis</span> <span class='ocrx_word' id='word_1_128' title='bbox 513 2104 542 2180; x_wconf 88' lang='grc'>2,</span> <span class='ocrx_word' id='word_1_129' title='bbox 566 2105 640 2166; x_wconf 85' lang='lat' dir='ltr'>lacit</span> <span class='ocrx_word' id='word_1_130' title='bbox 664 2106 740 2183; x_wconf 86' lang='lat' dir='ltr'>[flor.</span> <span class='ocrx_word' id='word_1_131' title='bbox 764 2106 872 2182; x_wconf 82' lang='lat' dir='ltr'>Rhen]</span> <span class='ocrx_word' id='word_1_132' title='bbox 897 2103 926 2168; x_wconf 95' lang='lat'>4.</span> 
     </span>
    </p>

    <p class='ocr_par' dir='ltr' id='par_1_10' title="bbox 370 2212 1654 2615">
     <span class='ocr_line' id='line_1_17' title="bbox 478 2212 1653 2287; baseline -0.001 -15"><span class='ocrx_word' id='word_1_133' title='bbox 478 2214 554 2272; x_wconf 89' lang='lat' dir='ltr'><strong>Item</strong></span> <span class='ocrx_word' id='word_1_134' title='bbox 580 2212 701 2273; x_wconf 86' lang='lat' dir='ltr'>effluxis</span> <span class='ocrx_word' id='word_1_135' title='bbox 725 2212 835 2272; x_wconf 89' lang='lat' dir='ltr'>iisdem</span> <span class='ocrx_word' id='word_1_136' title='bbox 859 2213 968 2272; x_wconf 88' lang='lat' dir='ltr'>decem</span> <span class='ocrx_word' id='word_1_137' title='bbox 989 2213 1108 2287; x_wconf 88' lang='lat' dir='ltr'>diebus,</span> <span class='ocrx_word' id='word_1_138' title='bbox 1124 2212 1286 2272; x_wconf 88' lang='lat' dir='ltr'>memorati</span> <span class='ocrx_word' id='word_1_139' title='bbox 1304 2212 1423 2273; x_wconf 88' lang='lat' dir='ltr'>nobiles</span> <span class='ocrx_word' id='word_1_140' title='bbox 1440 2214 1479 2274; x_wconf 91' lang='lat' dir='ltr'>de</span> <span class='ocrx_word' id='word_1_141' title='bbox 1496 2212 1653 2272; x_wconf 84' lang='lat' dir='ltr'>Hrascliia</span> 
     </span>
     <span class='ocr_line' id='line_1_18' title="bbox 374 2316 1654 2399; baseline -0.003 -19"><span class='ocrx_word' id='word_1_142' title='bbox 374 2320 621 2381; x_wconf 88' lang='lat' dir='ltr'>intertenuerunt</span> <span class='ocrx_word' id='word_1_143' title='bbox 646 2321 815 2381; x_wconf 82' lang='lat' dir='ltr'><strong>antelatum</strong></span> <span class='ocrx_word' id='word_1_144' title='bbox 840 2318 999 2379; x_wconf 91' lang='lat' dir='ltr'>dominum</span> <span class='ocrx_word' id='word_1_145' title='bbox 1024 2319 1292 2399; x_wconf 87' lang='lat' dir='ltr'>vicecapitaneum</span> <span class='ocrx_word' id='word_1_146' title='bbox 1316 2339 1372 2397; x_wconf 92' lang='lat' dir='ltr'>per</span> <span class='ocrx_word' id='word_1_147' title='bbox 1395 2320 1462 2380; x_wconf 89' lang='lat' dir='ltr'>dies</span> <span class='ocrx_word' id='word_1_148' title='bbox 1486 2316 1538 2393; x_wconf 89' lang='lat'>48,</span> <span class='ocrx_word' id='word_1_149' title='bbox 1560 2318 1654 2379; x_wconf 91' lang='lat' dir='ltr'>idest</span> 
     </span>
     <span class='ocr_line' id='line_1_19' title="bbox 370 2425 1653 2505; baseline -0.003 -16"><span class='ocrx_word' id='word_1_150' title='bbox 370 2430 409 2489; x_wconf 89' lang='lat' dir='ltr'>ad</span> <span class='ocrx_word' id='word_1_151' title='bbox 440 2425 486 2489; x_wconf 80' lang='lat'>16.</span> <span class='ocrx_word' id='word_1_152' title='bbox 512 2426 666 2503; x_wconf 86' lang='lat' dir='ltr'>februarii,</span> <span class='ocrx_word' id='word_1_153' title='bbox 690 2426 739 2486; x_wconf 90' lang='lat' dir='ltr'>cui</span> <span class='ocrx_word' id='word_1_154' title='bbox 764 2426 844 2485; x_wconf 90' lang='lat' dir='ltr'>intra</span> <span class='ocrx_word' id='word_1_155' title='bbox 869 2426 950 2486; x_wconf 89' lang='lat' dir='ltr'>idem</span> <span class='ocrx_word' id='word_1_156' title='bbox 965 2436 1099 2505; x_wconf 69' lang='lat' dir='ltr'>,tempus</span> <span class='ocrx_word' id='word_1_157' title='bbox 1123 2427 1231 2486; x_wconf 86' lang='lat' dir='ltr'><strong>datum</strong></span> <span class='ocrx_word' id='word_1_158' title='bbox 1248 2437 1297 2487; x_wconf 89' lang='lat' dir='ltr'>est</span> <span class='ocrx_word' id='word_1_159' title='bbox 1313 2428 1451 2487; x_wconf 85' lang='lat' dir='ltr'>carnium</span> <span class='ocrx_word' id='word_1_160' title='bbox 1477 2427 1573 2488; x_wconf 75' lang='lat' dir='ltr'>liltrae</span> <span class='ocrx_word' id='word_1_161' title='bbox 1597 2427 1653 2495; x_wconf 80' lang='lat' dir='ltr'>Nr,</span> 
     </span>
     <span class='ocr_line' id='line_1_20' title="bbox 376 2531 1598 2615; baseline 0 -20"><span class='ocrx_word' id='word_1_162' title='bbox 376 2534 446 2609; x_wconf 86' lang='lat'>144,</span> <span class='ocrx_word' id='word_1_163' title='bbox 470 2535 582 2615; x_wconf 91' lang='lat' dir='ltr'>quibus</span> <span class='ocrx_word' id='word_1_164' title='bbox 606 2534 743 2595; x_wconf 79' lang='lat' dir='ltr'>limiuitis</span> <span class='ocrx_word' id='word_1_165' title='bbox 766 2551 822 2613; x_wconf 89' lang='lat' dir='ltr'>per</span> <span class='ocrx_word' id='word_1_166' title='bbox 846 2534 951 2595; x_wconf 87' lang='lat' dir='ltr'>denar.</span> <span class='ocrx_word' id='word_1_167' title='bbox 976 2531 1006 2613; x_wconf 86' lang='lat'>3,</span> <span class='ocrx_word' id='word_1_168' title='bbox 1029 2533 1103 2593; x_wconf 86' lang='lat' dir='ltr'>lacit</span> <span class='ocrx_word' id='word_1_169' title='bbox 1125 2534 1192 2593; x_wconf 91' lang='lat' dir='ltr'>flor.</span> <span class='ocrx_word' id='word_1_170' title='bbox 1216 2535 1313 2593; x_wconf 90' lang='lat' dir='ltr'>Rhen.</span> <span class='ocrx_word' id='word_1_171' title='bbox 1338 2535 1368 2610; x_wconf 90' lang='lat'>5,</span> <span class='ocrx_word' id='word_1_172' title='bbox 1391 2553 1521 2614; x_wconf 87' lang='lat' dir='ltr'>grossos</span> <span class='ocrx_word' id='word_1_173' title='bbox 1544 2532 1574 2595; x_wconf 92' lang='lat'>8.</span> <span class='ocrx_word' id='word_1_174' title='bbox 1594 2542 1598 2549; x_wconf 82' lang='lat'>&#39;</span> 
     </span>
    </p>

    <p class='ocr_par' dir='ltr' id='par_1_11' title="bbox 477 2639 1461 2723">
     <span class='ocr_line' id='line_1_21' title="bbox 477 2639 1461 2723; baseline -0.001 -20"><span class='ocrx_word' id='word_1_175' title='bbox 477 2644 554 2703; x_wconf 89' lang='lat' dir='ltr'><strong>Item</strong></span> <span class='ocrx_word' id='word_1_176' title='bbox 578 2642 714 2723; x_wconf 82' lang='lat' dir='ltr'>gallinae</span> <span class='ocrx_word' id='word_1_177' title='bbox 738 2642 792 2702; x_wconf 91' lang='lat' dir='ltr'>Nr.</span> <span class='ocrx_word' id='word_1_178' title='bbox 815 2639 868 2716; x_wconf 87' lang='lat'>48,</span> <span class='ocrx_word' id='word_1_179' title='bbox 891 2642 966 2701; x_wconf 85' lang='lat' dir='ltr'>lacit</span> <span class='ocrx_word' id='word_1_180' title='bbox 988 2642 1055 2701; x_wconf 86' lang='lat' dir='ltr'>flor.</span> <span class='ocrx_word' id='word_1_181' title='bbox 1079 2642 1176 2702; x_wconf 86' lang='lat' dir='ltr'>Rhen.</span> <span class='ocrx_word' id='word_1_182' title='bbox 1200 2640 1231 2715; x_wconf 88' lang='grc'>4,</span> <span class='ocrx_word' id='word_1_183' title='bbox 1254 2660 1384 2721; x_wconf 87' lang='lat' dir='ltr'>grossos</span> <span class='ocrx_word' id='word_1_184' title='bbox 1412 2640 1461 2703; x_wconf 86' lang='grc'>16.</span> 
     </span>
    </p>

    <p class='ocr_par' dir='ltr' id='par_1_12' title="bbox 369 2745 1653 2942">
     <span class='ocr_line' id='line_1_22' title="bbox 475 2745 1653 2829; baseline -0.003 -17"><span class='ocrx_word' id='word_1_185' title='bbox 475 2752 551 2812; x_wconf 93' lang='lat' dir='ltr'><strong>Item</strong></span> <span class='ocrx_word' id='word_1_186' title='bbox 584 2750 647 2810; x_wconf 93' lang='lat' dir='ltr'>vini</span> <span class='ocrx_word' id='word_1_187' title='bbox 678 2750 781 2828; x_wconf 89' lang='lat' dir='ltr'>pintas</span> <span class='ocrx_word' id='word_1_188' title='bbox 814 2746 866 2824; x_wconf 80' lang='lat'>96,</span> <span class='ocrx_word' id='word_1_189' title='bbox 897 2748 1059 2810; x_wconf 90' lang='lat' dir='ltr'>limitando</span> <span class='ocrx_word' id='word_1_190' title='bbox 1094 2745 1122 2808; x_wconf 83' lang='lat'>3·</span> <span class='ocrx_word' id='word_1_191' title='bbox 1150 2750 1269 2829; x_wconf 87' lang='lat' dir='ltr'>grossis</span> <span class='ocrx_word' id='word_1_192' title='bbox 1293 2749 1367 2810; x_wconf 80' lang='lat' dir='ltr'>lucit</span> <span class='ocrx_word' id='word_1_193' title='bbox 1388 2750 1455 2811; x_wconf 90' lang='lat' dir='ltr'>flor.</span> <span class='ocrx_word' id='word_1_194' title='bbox 1481 2751 1576 2810; x_wconf 83' lang='lat' dir='ltr'>Rhen.</span> <span class='ocrx_word' id='word_1_195' title='bbox 1606 2747 1653 2823; x_wconf 95' lang='lat' dir='ltr'>l4,</span> 
     </span>
     <span class='ocr_line' id='line_1_23' title="bbox 369 2857 551 2942; baseline 0.005 -23"><span class='ocrx_word' id='word_1_196' title='bbox 369 2879 498 2942; x_wconf 88' lang='lat' dir='ltr'>grossos</span> <span class='ocrx_word' id='word_1_197' title='bbox 522 2857 551 2920; x_wconf 92' lang='lat'>8.</span> 
     </span>
    </p>

    <p class='ocr_par' dir='ltr' id='par_1_13' title="bbox 477 2963 1296 3046">
     <span class='ocr_line' id='line_1_24' title="bbox 477 2963 1296 3046; baseline -0.004 -19"><span class='ocrx_word' id='word_1_198' title='bbox 477 2969 555 3028; x_wconf 91' lang='lat' dir='ltr'><strong>ltem</strong></span> <span class='ocrx_word' id='word_1_199' title='bbox 578 2967 668 3046; x_wconf 88' lang='lat' dir='ltr'>panis</span> <span class='ocrx_word' id='word_1_200' title='bbox 693 2965 754 3026; x_wconf 90' lang='lat' dir='ltr'>albi</span> <span class='ocrx_word' id='word_1_201' title='bbox 778 2985 835 3044; x_wconf 88' lang='lat' dir='ltr'>pro</span> <span class='ocrx_word' id='word_1_202' title='bbox 857 2966 924 3028; x_wconf 87' lang='lat' dir='ltr'>flor.</span> <span class='ocrx_word' id='word_1_203' title='bbox 948 2965 1037 3024; x_wconf 87' lang='lat' dir='ltr'>Rhen</span> <span class='ocrx_word' id='word_1_204' title='bbox 1074 2964 1099 3038; x_wconf 90' lang='lat' dir='ltr'>l,</span> <span class='ocrx_word' id='word_1_205' title='bbox 1123 2965 1243 3044; x_wconf 91' lang='lat' dir='ltr'>grossis</span> <span class='ocrx_word' id='word_1_206' title='bbox 1267 2963 1296 3024; x_wconf 91' lang='grc'>8.</span> 
     </span>
    </p>

    <p class='ocr_par' dir='ltr' id='par_1_14' title="bbox 367 3070 1654 3243">
     <span class='ocr_line' id='line_1_25' title="bbox 474 3070 1654 3153; baseline -0.003 -17"><span class='ocrx_word' id='word_1_207' title='bbox 474 3077 551 3136; x_wconf 83' lang='lat' dir='ltr'><strong>Item</strong></span> <span class='ocrx_word' id='word_1_208' title='bbox 586 3075 676 3153; x_wconf 90' lang='lat' dir='ltr'>panis</span> <span class='ocrx_word' id='word_1_209' title='bbox 711 3073 872 3133; x_wconf 89' lang='lat' dir='ltr'>lamiliaris</span> <span class='ocrx_word' id='word_1_210' title='bbox 902 3093 1002 3153; x_wconf 88' lang='lat' dir='ltr'>panes</span> <span class='ocrx_word' id='word_1_211' title='bbox 1035 3074 1088 3134; x_wconf 92' lang='lat' dir='ltr'>Nr.</span> <span class='ocrx_word' id='word_1_212' title='bbox 1119 3070 1170 3146; x_wconf 83' lang='lat'>96,</span> <span class='ocrx_word' id='word_1_213' title='bbox 1203 3073 1364 3134; x_wconf 88' lang='lat' dir='ltr'>limitando</span> <span class='ocrx_word' id='word_1_214' title='bbox 1396 3082 1430 3132; x_wconf 91' lang='lat' dir='ltr'>ut</span> <span class='ocrx_word' id='word_1_215' title='bbox 1460 3093 1556 3151; x_wconf 91' lang='lat' dir='ltr'>supra</span> <span class='ocrx_word' id='word_1_216' title='bbox 1578 3072 1654 3133; x_wconf 81' lang='lat' dir='ltr'>facit</span> 
     </span>
     <span class='ocr_line' id='line_1_26' title="bbox 367 3180 632 3243; baseline -0.011 0"><span class='ocrx_word' id='word_1_217' title='bbox 367 3185 434 3243; x_wconf 90' lang='lat' dir='ltr'>flor.</span> <span class='ocrx_word' id='word_1_218' title='bbox 458 3182 556 3242; x_wconf 89' lang='lat' dir='ltr'>Rhen.</span> <span class='ocrx_word' id='word_1_219' title='bbox 581 3180 632 3240; x_wconf 93' lang='lat'>24.</span> 
     </span>
    </p>

    <p class='ocr_par' dir='ltr' id='par_1_15' title="bbox 368 3285 1654 3462">
     <span class='ocr_line' id='line_1_27' title="bbox 475 3285 1654 3368; baseline 0 -19"><span class='ocrx_word' id='word_1_220' title='bbox 475 3291 551 3349; x_wconf 86' lang='lat' dir='ltr'><strong>Item</strong></span> <span class='ocrx_word' id='word_1_221' title='bbox 588 3307 709 3348; x_wconf 88' lang='lat' dir='ltr'>avenae</span> <span class='ocrx_word' id='word_1_222' title='bbox 744 3307 887 3368; x_wconf 86' lang='lat' dir='ltr'>vaganos</span> <span class='ocrx_word' id='word_1_223' title='bbox 922 3288 975 3348; x_wconf 92' lang='lat' dir='ltr'>Nr.</span> <span class='ocrx_word' id='word_1_224' title='bbox 1013 3285 1064 3359; x_wconf 92' lang='lat'>24,</span> <span class='ocrx_word' id='word_1_225' title='bbox 1099 3287 1261 3347; x_wconf 89' lang='lat' dir='ltr'>limitando</span> <span class='ocrx_word' id='word_1_226' title='bbox 1293 3297 1326 3346; x_wconf 91' lang='lat' dir='ltr'>ut</span> <span class='ocrx_word' id='word_1_227' title='bbox 1357 3305 1454 3366; x_wconf 88' lang='lat' dir='ltr'>supra</span> <span class='ocrx_word' id='word_1_228' title='bbox 1488 3288 1561 3347; x_wconf 87' lang='lat' dir='ltr'>lacit</span> <span class='ocrx_word' id='word_1_229' title='bbox 1587 3289 1654 3349; x_wconf 90' lang='lat' dir='ltr'>flor.</span> 
     </span>
     <span class='ocr_line' id='line_1_28' title="bbox 368 3395 542 3462; baseline 0.023 -4"><span class='ocrx_word' id='word_1_230' title='bbox 368 3401 465 3462; x_wconf 86' lang='lat' dir='ltr'>Rhen.</span> <span class='ocrx_word' id='word_1_231' title='bbox 491 3395 542 3462; x_wconf 90' lang='lat'>24.</span> 
     </span>
    </p>

    <p class='ocr_par' dir='ltr' id='par_1_16' title="bbox 368 3503 1652 3694">
     <span class='ocr_line' id='line_1_29' title="bbox 474 3503 1652 3583; baseline -0.003 -18"><span class='ocrx_word' id='word_1_232' title='bbox 474 3506 551 3565; x_wconf 84' lang='lat' dir='ltr'><strong>Item</strong></span> <span class='ocrx_word' id='word_1_233' title='bbox 576 3504 700 3564; x_wconf 88' lang='lat' dir='ltr'>loenum</span> <span class='ocrx_word' id='word_1_234' title='bbox 726 3503 935 3581; x_wconf 86' lang='lat' dir='ltr'>computando</span> <span class='ocrx_word' id='word_1_235' title='bbox 956 3521 1012 3580; x_wconf 93' lang='lat' dir='ltr'>pro</span> <span class='ocrx_word' id='word_1_236' title='bbox 1032 3504 1155 3583; x_wconf 87' lang='lat' dir='ltr'>singulo</span> <span class='ocrx_word' id='word_1_237' title='bbox 1179 3522 1261 3581; x_wconf 80' lang='lat' dir='ltr'>eque</span> <span class='ocrx_word' id='word_1_238' title='bbox 1285 3523 1342 3581; x_wconf 88' lang='lat' dir='ltr'>per</span> <span class='ocrx_word' id='word_1_239' title='bbox 1365 3503 1448 3562; x_wconf 90' lang='lat' dir='ltr'>diem</span> <span class='ocrx_word' id='word_1_240' title='bbox 1472 3511 1504 3562; x_wconf 91' lang='lat' dir='ltr'><strong>et</strong></span> <span class='ocrx_word' id='word_1_241' title='bbox 1528 3511 1652 3562; x_wconf 87' lang='lat' dir='ltr'>noctem</span> 
     </span>
     <span class='ocr_line' id='line_1_30' title="bbox 368 3607 1013 3694; baseline -0.006 -20"><span class='ocrx_word' id='word_1_242' title='bbox 368 3613 486 3694; x_wconf 84' lang='lat' dir='ltr'>grossis</span> <span class='ocrx_word' id='word_1_243' title='bbox 511 3612 540 3688; x_wconf 91' lang='grc'>2,</span> <span class='ocrx_word' id='word_1_244' title='bbox 563 3611 638 3671; x_wconf 82' lang='lat' dir='ltr'>iacit</span> <span class='ocrx_word' id='word_1_245' title='bbox 660 3611 726 3671; x_wconf 87' lang='lat' dir='ltr'>flor.</span> <span class='ocrx_word' id='word_1_246' title='bbox 750 3609 781 3687; x_wconf 93' lang='lat'>4,</span> <span class='ocrx_word' id='word_1_247' title='bbox 807 3629 936 3686; x_wconf 85' lang='lat' dir='ltr'>grossos</span> <span class='ocrx_word' id='word_1_248' title='bbox 965 3607 1013 3670; x_wconf 85' lang='lat'>16.</span> 
     </span>
    </p>
   </div>
   <div class='ocr_carea' id='block_1_3' title="bbox 643 3877 1381 3959">
    <p class='ocr_par' dir='ltr' id='par_1_17' title="bbox 643 3877 1381 3959">
     <span class='ocr_line' id='line_1_31' title="bbox 643 3877 1381 3959; baseline -0.004 -19"><span class='ocrx_word' id='word_1_249' title='bbox 643 3880 683 3940; x_wconf 96' lang='lat' dir='ltr'>ln</span> <span class='ocrx_word' id='word_1_250' title='bbox 706 3879 828 3959; x_wconf 87' lang='lat' dir='ltr'>pagis</span> <span class='ocrx_word' id='word_1_251' title='bbox 852 3878 972 3958; x_wconf 90' lang='lat' dir='ltr'>Nagy</span> <span class='ocrx_word' id='word_1_252' title='bbox 997 3877 1137 3938; x_wconf 84' lang='lat' dir='ltr'>Mlalra</span> <span class='ocrx_word' id='word_1_253' title='bbox 1160 3886 1199 3938; x_wconf 90' lang='lat' dir='ltr'><strong>et</strong></span> <span class='ocrx_word' id='word_1_254' title='bbox 1222 3877 1381 3937; x_wconf 88' lang='lat' dir='ltr'>Pleszo.</span> 
     </span>
    </p>
   </div>
   <div class='ocr_carea' id='block_1_4' title="bbox 367 4019 1652 4968">
    <p class='ocr_par' dir='ltr' id='par_1_18' title="bbox 370 4019 1652 4318">
     <span class='ocr_line' id='line_1_32' title="bbox 477 4019 1652 4102; baseline -0.005 -18"><span class='ocrx_word' id='word_1_255' title='bbox 477 4026 538 4085; x_wconf 90' lang='lat' dir='ltr'>Pro</span> <span class='ocrx_word' id='word_1_256' title='bbox 562 4023 781 4084; x_wconf 89' lang='lat' dir='ltr'>intertentione</span> <span class='ocrx_word' id='word_1_257' title='bbox 804 4022 921 4082; x_wconf 90' lang='lat' dir='ltr'>domini</span> <span class='ocrx_word' id='word_1_258' title='bbox 945 4020 1083 4101; x_wconf 85' lang='lat' dir='ltr'>supremi</span> <span class='ocrx_word' id='word_1_259' title='bbox 1107 4021 1284 4102; x_wconf 86' lang='lat' dir='ltr'>vigiliarum</span> <span class='ocrx_word' id='word_1_260' title='bbox 1316 4019 1474 4098; x_wconf 85' lang='lat' dir='ltr'>praelecti,</span> <span class='ocrx_word' id='word_1_261' title='bbox 1504 4039 1561 4099; x_wconf 91' lang='lat' dir='ltr'>per</span> <span class='ocrx_word' id='word_1_262' title='bbox 1584 4019 1652 4079; x_wconf 90' lang='lat' dir='ltr'>dies</span> 
     </span>
     <span class='ocr_line' id='line_1_33' title="bbox 372 4127 1650 4214; baseline -0.008 -18"><span class='ocrx_word' id='word_1_263' title='bbox 372 4133 411 4198; x_wconf 90' lang='grc'>12</span> <span class='ocrx_word' id='word_1_264' title='bbox 435 4140 601 4214; x_wconf 83' lang='lat' dir='ltr'>erogatum</span> <span class='ocrx_word' id='word_1_265' title='bbox 634 4139 683 4192; x_wconf 90' lang='lat' dir='ltr'>est</span> <span class='ocrx_word' id='word_1_266' title='bbox 712 4139 842 4210; x_wconf 90' lang='lat' dir='ltr'>paratae</span> <span class='ocrx_word' id='word_1_267' title='bbox 873 4130 1025 4209; x_wconf 88' lang='lat' dir='ltr'>pecuniae</span> <span class='ocrx_word' id='word_1_268' title='bbox 1046 4149 1113 4208; x_wconf 91' lang='lat' dir='ltr'>·pro</span> <span class='ocrx_word' id='word_1_269' title='bbox 1141 4128 1296 4204; x_wconf 88' lang='lat' dir='ltr'>carnibus,</span> <span class='ocrx_word' id='word_1_270' title='bbox 1319 4127 1535 4200; x_wconf 85' lang='lat' dir='ltr'>condimentis,</span> <span class='ocrx_word' id='word_1_271' title='bbox 1558 4146 1650 4206; x_wconf 88' lang='lat' dir='ltr'>pane,</span> 
     </span>
     <span class='ocr_line' id='line_1_34' title="bbox 370 4233 1560 4318; baseline -0.003 -15"><span class='ocrx_word' id='word_1_272' title='bbox 370 4241 517 4316; x_wconf 88' lang='lat' dir='ltr'>candelis,</span> <span class='ocrx_word' id='word_1_273' title='bbox 540 4241 653 4317; x_wconf 89' lang='lat' dir='ltr'>butyro</span> <span class='ocrx_word' id='word_1_274' title='bbox 677 4247 709 4300; x_wconf 89' lang='lat' dir='ltr'><strong>et</strong></span> <span class='ocrx_word' id='word_1_275' title='bbox 732 4239 858 4318; x_wconf 89' lang='lat' dir='ltr'>reliquis</span> <span class='ocrx_word' id='word_1_276' title='bbox 884 4239 1070 4299; x_wconf 87' lang='lat' dir='ltr'>necessariis</span> <span class='ocrx_word' id='word_1_277' title='bbox 1093 4239 1161 4299; x_wconf 90' lang='lat' dir='ltr'>flor.</span> <span class='ocrx_word' id='word_1_278' title='bbox 1185 4237 1283 4298; x_wconf 82' lang='lat' dir='ltr'>Rhen.</span> <span class='ocrx_word' id='word_1_279' title='bbox 1307 4235 1359 4309; x_wconf 89' lang='grc'>40,</span> <span class='ocrx_word' id='word_1_280' title='bbox 1383 4252 1485 4316; x_wconf 88' lang='lat' dir='ltr'>gross.</span> <span class='ocrx_word' id='word_1_281' title='bbox 1514 4233 1560 4299; x_wconf 93' lang='grc'>10.</span> 
     </span>
    </p>

    <p class='ocr_par' dir='ltr' id='par_1_19' title="bbox 475 4342 1335 4424">
     <span class='ocr_line' id='line_1_35' title="bbox 475 4342 1335 4424; baseline -0.005 -14"><span class='ocrx_word' id='word_1_282' title='bbox 475 4351 552 4410; x_wconf 87' lang='lat' dir='ltr'><strong>ltem</strong></span> <span class='ocrx_word' id='word_1_283' title='bbox 577 4367 697 4409; x_wconf 84' lang='lat' dir='ltr'>avenae</span> <span class='ocrx_word' id='word_1_284' title='bbox 721 4347 816 4408; x_wconf 91' lang='lat' dir='ltr'>modii</span> <span class='ocrx_word' id='word_1_285' title='bbox 840 4348 894 4407; x_wconf 91' lang='lat' dir='ltr'>Nr.</span> <span class='ocrx_word' id='word_1_286' title='bbox 920 4345 972 4424; x_wconf 89' lang='grc'>22,</span> <span class='ocrx_word' id='word_1_287' title='bbox 996 4344 1069 4406; x_wconf 83' lang='lat' dir='ltr'>lacit</span> <span class='ocrx_word' id='word_1_288' title='bbox 1093 4346 1160 4408; x_wconf 86' lang='lat' dir='ltr'>flor.</span> <span class='ocrx_word' id='word_1_289' title='bbox 1183 4346 1259 4407; x_wconf 90' lang='lat' dir='ltr'>Ren.</span> <span class='ocrx_word' id='word_1_290' title='bbox 1284 4342 1335 4406; x_wconf 85' lang='lat'>22.</span> 
     </span>
    </p>

    <p class='ocr_par' dir='ltr' id='par_1_20' title="bbox 475 4453 1018 4537">
     <span class='ocr_line' id='line_1_36' title="bbox 475 4453 1018 4537; baseline -0.004 -19"><span class='ocrx_word' id='word_1_291' title='bbox 475 4459 551 4518; x_wconf 83' lang='lat' dir='ltr'>liem</span> <span class='ocrx_word' id='word_1_292' title='bbox 576 4457 731 4537; x_wconf 90' lang='lat' dir='ltr'>lignorum</span> <span class='ocrx_word' id='word_1_293' title='bbox 755 4474 864 4516; x_wconf 88' lang='lat' dir='ltr'>currus</span> <span class='ocrx_word' id='word_1_294' title='bbox 887 4455 941 4515; x_wconf 91' lang='lat' dir='ltr'>Nr.</span> <span class='ocrx_word' id='word_1_295' title='bbox 971 4453 1018 4516; x_wconf 88' lang='grc'>17.</span> 
     </span>
    </p>

    <p class='ocr_par' dir='ltr' id='par_1_21' title="bbox 367 4559 1651 4755">
     <span class='ocr_line' id='line_1_37' title="bbox 474 4559 1651 4644; baseline -0.005 -19"><span class='ocrx_word' id='word_1_296' title='bbox 474 4567 551 4626; x_wconf 90' lang='lat' dir='ltr'><strong>Item</strong></span> <span class='ocrx_word' id='word_1_297' title='bbox 568 4583 706 4644; x_wconf 88' lang='lat' dir='ltr'>capones</span> <span class='ocrx_word' id='word_1_298' title='bbox 729 4564 782 4628; x_wconf 90' lang='lat' dir='ltr'>Nr.</span> <span class='ocrx_word' id='word_1_299' title='bbox 807 4562 836 4638; x_wconf 83' lang='lat'>7,</span> <span class='ocrx_word' id='word_1_300' title='bbox 860 4563 1022 4623; x_wconf 89' lang='lat' dir='ltr'>limitando</span> <span class='ocrx_word' id='word_1_301' title='bbox 1044 4581 1101 4641; x_wconf 90' lang='lat' dir='ltr'>per</span> <span class='ocrx_word' id='word_1_302' title='bbox 1116 4580 1245 4642; x_wconf 88' lang='lat' dir='ltr'>grossos</span> <span class='ocrx_word' id='word_1_303' title='bbox 1268 4559 1298 4638; x_wconf 93' lang='lat'>4,</span> <span class='ocrx_word' id='word_1_304' title='bbox 1322 4561 1395 4620; x_wconf 85' lang='lat' dir='ltr'>lacit</span> <span class='ocrx_word' id='word_1_305' title='bbox 1417 4561 1484 4625; x_wconf 89' lang='lat' dir='ltr'>flor.</span> <span class='ocrx_word' id='word_1_306' title='bbox 1507 4559 1604 4618; x_wconf 86' lang='lat' dir='ltr'>Rhen.</span> <span class='ocrx_word' id='word_1_307' title='bbox 1624 4559 1651 4632; x_wconf 94' lang='lat' dir='ltr'>l,</span> 
     </span>
     <span class='ocr_line' id='line_1_38' title="bbox 367 4671 521 4755; baseline -0.006 -21"><span class='ocrx_word' id='word_1_308' title='bbox 367 4693 468 4755; x_wconf 91' lang='lat' dir='ltr'>gross.</span> <span class='ocrx_word' id='word_1_309' title='bbox 492 4671 521 4734; x_wconf 92' lang='lat'>8.</span> 
     </span>
    </p>

    <p class='ocr_par' dir='ltr' id='par_1_22' title="bbox 475 4773 1472 4860">
     <span class='ocr_line' id='line_1_39' title="bbox 475 4773 1472 4860; baseline -0.004 -21"><span class='ocrx_word' id='word_1_310' title='bbox 475 4781 549 4840; x_wconf 90' lang='lat' dir='ltr'><strong>ltem</strong></span> <span class='ocrx_word' id='word_1_311' title='bbox 574 4781 691 4860; x_wconf 91' lang='lat' dir='ltr'>gallum</span> <span class='ocrx_word' id='word_1_312' title='bbox 716 4778 871 4838; x_wconf 83' lang='lat' dir='ltr'>indiacum</span> <span class='ocrx_word' id='word_1_313' title='bbox 901 4781 926 4852; x_wconf 88' lang='lat'>1,</span> <span class='ocrx_word' id='word_1_314' title='bbox 949 4778 1111 4839; x_wconf 89' lang='lat' dir='ltr'>limitando</span> <span class='ocrx_word' id='word_1_315' title='bbox 1136 4776 1208 4836; x_wconf 83' lang='lat' dir='ltr'>lacit</span> <span class='ocrx_word' id='word_1_316' title='bbox 1231 4777 1297 4836; x_wconf 87' lang='lat' dir='ltr'>flor.</span> <span class='ocrx_word' id='word_1_317' title='bbox 1323 4777 1418 4835; x_wconf 79' lang='lat' dir='ltr'>eren,</span> <span class='ocrx_word' id='word_1_318' title='bbox 1448 4773 1472 4835; x_wconf 92' lang='grc'>1.</span> 
     </span>
    </p>

    <p class='ocr_par' dir='ltr' id='par_1_23' title="bbox 474 4883 1385 4968">
     <span class='ocr_line' id='line_1_40' title="bbox 474 4883 1385 4968; baseline -0.007 -20"><span class='ocrx_word' id='word_1_319' title='bbox 474 4889 550 4948; x_wconf 91' lang='lat' dir='ltr'><strong>ltem</strong></span> <span class='ocrx_word' id='word_1_320' title='bbox 574 4887 722 4968; x_wconf 88' lang='lat' dir='ltr'>gallinam</span> <span class='ocrx_word' id='word_1_321' title='bbox 746 4887 901 4946; x_wconf 86' lang='lat' dir='ltr'>indiacam</span> <span class='ocrx_word' id='word_1_322' title='bbox 930 4889 955 4964; x_wconf 88' lang='lat'>1,</span> <span class='ocrx_word' id='word_1_323' title='bbox 980 4885 1054 4946; x_wconf 74' lang='lat' dir='ltr'>lacit</span> <span class='ocrx_word' id='word_1_324' title='bbox 1077 4904 1207 4966; x_wconf 91' lang='lat' dir='ltr'>grossos</span> <span class='ocrx_word' id='word_1_325' title='bbox 1237 4883 1284 4946; x_wconf 85' lang='lat'>10.</span> <span class='ocrx_word' id='word_1_326' title='bbox 1379 4953 1385 4961; x_wconf 27' lang='lat'><strong>⁴</strong></span> 
     </span>
    </p>
   </div>
   <div class='ocr_carea' id='block_1_5' title="bbox 0 0 1975 5550">
    <p class='ocr_par' dir='ltr' id='par_1_24' title="bbox 0 0 1975 5550">
     <span class='ocr_line' id='line_1_41' title="bbox 0 0 1975 5550; baseline 0 0"><span class='ocrx_word' id='word_1_327' title='bbox 0 0 1975 5550; x_wconf 95' lang='lat' dir='ltr'> </span> 
     </span>
    </p>
   </div>
  </div>
 </body>
</html>
