3934 5550
1487 478 1552 541 445

267 694 551 757 electionem
580 693 897 773 magistratus
924 693 1087 771 publici
1110 693 1413 774 singilativis
1438 695 1553 753 votis

159 858 161 863 ,
271 801 1096 879 concurrendi,qualitersuperata.

372 980 568 1060 Dignabatur
602 980 759 1039 excelsum
794 978 956 1039 consilium
994 999 1054 1057 ope
1089 980 1372 1060 benigno-gratiosi
1407 981 1458 1042 dd.
1497 980 1544 1041 12.

266 1088 330 1148 iulii
353 1107 380 1149 a.
405 1108 430 1149 c.
455 1087 512 1149 No.
541 1083 664 1149 tamt.
696 1086 833 1147 emanati
860 1086 993 1145 intimati
1017 1095 1050 1145 ut
1074 1086 1133 1147 snb
1158 1087 1215 1147 No.
1240 1083 1328 1147 2910
1351 1087 1547 1148 universitati

265 1196 338 1255 huic
369 1214 425 1273 pro
456 1214 596 1272 congrua
629 1194 798 1254 directione
832 1201 863 1253 et
894 1192 1002 1253 stricto
1024 1193 1056 1253 in
1079 1194 1215 1253 futurum
1244 1195 1464 1255 observamine
1489 1194 1551 1275 sig-

266 1304 411 1364 nificare:
444 1321 534 1363 suam
565 1302 765 1362 maiestatem
798 1301 1042 1361 sacratissimam
1078 1302 1109 1361 in
1144 1302 1252 1362 ordine
1284 1303 1325 1363 ad
1357 1302 1552 1381 questionem

267 1412 350 1471 circa
384 1411 432 1471 ius
466 1410 615 1471 nobilium
646 1409 759 1489 Campi
790 1410 970 1489 Turopolya
1002 1410 1034 1469 in
1066 1410 1345 1471 restaurationibus
1384 1410 1551 1471 comitatus

266 1520 358 1581 huius
382 1520 422 1579 ad
445 1520 629 1580 electionem
652 1518 855 1599 magistratus
872 1517 987 1597 publici
1007 1516 1204 1598 singillativis
1228 1518 1309 1578 votis
1333 1517 1549 1592 concurrendi,

268 1647 378 1689 recens
402 1627 552 1689 altissimo
575 1626 695 1688 obtutui
729 1626 865 1703 demisse
890 1627 1081 1687 substratam
1104 1628 1274 1687 clementer
1297 1627 1456 1686 resolvere
1480 1625 1548 1705 dig·

267 1745 374 1795 natam
407 1754 494 1795 esse:
526 1734 615 1795 utin
638 1734 776 1795 tuturum
807 1733 906 1793 cuivis
931 1732 1046 1811 Campi
1069 1733 1250 1813 Turopolya
1272 1752 1348 1794 vero
1373 1741 1404 1794 et
1427 1733 1547 1793 indubi-

266 1850 331 1903 tato
367 1842 469 1917 nobili,
505 1860 561 1903 seu
596 1850 684 1901 extra
715 1840 829 1920 Campi
859 1840 1032 1901 recinctum
1062 1841 1135 1901 alibi
1166 1842 1197 1901 in
1228 1840 1351 1921 gremio
1386 1840 1552 1901 comitatus

266 1950 518 2030 possessionatus
542 1949 590 2022 sit,
614 1968 671 2009 seu
694 1948 805 2024 minus,
836 1948 939 2028 legale
963 1947 995 2007 in
1019 1946 1165 2028 eligendo
1200 1948 1386 2028 magistratu
1419 1947 1550 2009 comita·

267 2058 347 2131 tensi
371 2056 550 2137 singillativi
575 2056 639 2115 voti
661 2055 710 2115 ius
734 2056 856 2115 salvum
887 2055 1088 2135 relinquatur,
1121 2075 1168 2129 eo,
1200 2073 1240 2116 ne
1268 2056 1338 2135 quis
1362 2055 1438 2117 reali
1462 2055 1549 2116 nobi-

265 2164 359 2225 litatis
383 2164 604 2245 praerogativa
634 2162 719 2223 haud
742 2163 882 2243 gaudeat
904 2162 961 2222 sub
987 2164 1131 2241 specioso
1154 2164 1242 2223 titulo
1266 2162 1422 2224 nobilitari
1453 2162 1548 2241 privi-

267 2274 351 2354 legio
374 2273 529 2349 abutatur,
552 2272 725 2353 invigilare,
749 2272 951 2351 caeteroquin
975 2292 1038 2332 non
1058 2280 1178 2332 tantum
1210 2272 1251 2331 ad
1279 2271 1470 2332 activitatem
1493 2273 1552 2333 sed

267 2381 468 2441 inmediatam
492 2380 695 2441 comitatuum
719 2379 942 2461 obligationem
973 2379 1157 2460 pertinente.

375 2488 421 2549 De
455 2504 521 2568 qua
555 2486 706 2547 altissima
741 2486 928 2547 resolutione
961 2487 1051 2568 regia
1080 2486 1179 2547 fatum
1212 2486 1368 2565 Campum
1398 2486 1547 2549 nobilium

267 2596 448 2674 Turopolya
477 2596 581 2655 medio
612 2594 729 2655 domini
760 2594 908 2655 ordinarii
939 2594 1050 2654 iudicis
1084 2594 1233 2655 nobilium
1256 2594 1382 2656 loannis
1405 2594 1549 2669 Raizner‚

268 2722 306 2764 eo
329 2704 493 2765 subiuncto
516 2703 712 2763 edocendum
740 2702 891 2763 conclusit
914 2702 1111 2778 universitas,
1136 2702 1221 2783 quod
1252 2702 1367 2784 singuli
1392 2710 1423 2762 et
1447 2702 1551 2762 cuncti

269 2831 307 2872 ex
331 2812 536 2891 questionatis
559 2811 714 2872 nobilibus
731 2811 972 2891 Turopolitanis,
997 2811 1060 2872 huc
1083 2819 1190 2872 tamen
1212 2830 1276 2872 non
1299 2809 1464 2872 intellectis
1486 2809 1554 2884 illis,

270 2919 322 3000 qui
347 2921 487 2999 adusque
520 2920 591 2979 albo
616 2919 813 2999 gremialium
836 2918 987 2979 nobilium
1015 2919 1101 2997 illati,
1124 2920 1166 2979 ad
1189 2926 1294 2980 actum
1316 2917 1555 2980 restaurationis

269 3027 551 3107 magistratualium
588 3046 712 3108 semper
748 3026 870 3086 invitati
905 3035 994 3102 sunt,
1034 3026 1074 3087 ad
1113 3026 1299 3088 electionem
1333 3025 1554 3107 magistratus·

268 3134 344 3194 lium
377 3134 518 3212 proxima
551 3142 605 3194 aut
638 3132 748 3193 tuturis
780 3133 1060 3194 restaurationibus
1089 3134 1171 3194 votis
1193 3134 1259 3194 suis
1291 3151 1477 3194 concurrere
1500 3149 1556 3190 vo-

269 3244 380 3315 lentes,
410 3260 515 3302 coram
545 3241 614 3301 toro
639 3240 804 3301 comitatus
832 3240 924 3301 huius
956 3241 1085 3319 praevie
1116 3240 1309 3302 nobilitatem
1340 3258 1431 3301 suam
1453 3238 1555 3319 legiti-

271 3369 357 3409 mare
382 3357 556 3424 teneantur,
588 3367 691 3428 neque
717 3355 928 3426 anteaquam
953 3347 1148 3428 praescripta
1171 3348 1223 3408 via
1247 3346 1441 3407 nobilitatem
1464 3365 1555 3406 suam

272 3457 360 3517 hicce
375 3456 627 3538 legitimaverint,
651 3457 690 3516 ad
716 3454 897 3516 exercitium
912 3455 1092 3516 huiusmodi
1117 3454 1288 3516 nobilitaris
1311 3454 1552 3534 praerogativae

270 3564 455 3625 admittendi
479 3565 548 3626 sint.

374 3673 445 3751 lpsa
475 3671 507 3730 in
540 3671 658 3750 reliquo
691 3671 822 3748 praevia
845 3669 999 3730 altissima
1021 3670 1211 3731 resolutione
1234 3670 1332 3750 regia,
1354 3670 1441 3730 velut
1464 3687 1559 3772 men·5

268 3779 392 3839 tionatis
418 3777 649 3858 Turopolitanis
679 3777 710 3836 in
734 3778 902 3838 obversum
926 3777 1142 3858 praevigentis
1165 3797 1240 3838 usus
1264 3777 1433 3838 eorundem
1458 3794 1550 3858 regu·

267 3887 352 3948 lativi
384 3896 414 3947 et
444 3884 660 3966 compromissi
692 3885 824 3965 amplius
856 3886 918 3946 hac
949 3886 980 3945 in
1011 3894 1101 3966 parte
1128 3885 1177 3946 ius
1200 3886 1356 3948 tribuente
1380 3904 1436 3965 pro
1459 3903 1549 3969 prae·

270 3995 380 4075 gravio
403 3997 434 4055 in
458 3992 606 4075 proximis
631 3992 762 4053 comitiis
786 3993 989 4072 proponendo
1013 4000 1200 4072 praenotata
1224 3993 1386 4054 existente.

743 4150 890 4234 (Ceteris
915 4139 1080 4237 amasis.)

705 4315 967 4394 lmprothocolata
982 4333 1039 4393 per
1054 4315 1247 4375 Hermanum
1265 4315 1372 4374 Busan
1389 4287 1471 4394 m.p.

684 4423 753 4485 incl.
777 4423 943 4483 comitatus
968 4420 1191 4504 Zagrabiensis
1215 4421 1312 4484 ordin.
1336 4422 1502 4511 notarium.
1531 4397 1535 4402 ¹

373 4574 518 4655 Originalc
544 4581 732 4651 protocollum
757 4582 1012 4652 congregationum
1039 4582 1192 4634 comitatus
1218 4579 1424 4651 Zagrabiensis.
1451 4580 1483 4632 ln
1509 4593 1551 4632 ar·

267 4673 350 4727 chlvo
371 4673 500 4726 eiusdem
521 4673 681 4732 comitatus.
769 4729 771 4734 ,
