3934 5550
409 395 475 460 378

408 617 535 696 indiget,
568 619 662 678 haras
692 621 893 701 biangulares
925 641 1024 683 novas
1054 620 1164 698 bonaS,
1187 621 1368 702 pavimento
1403 621 1539 685 inferiori
1562 625 1692 722 indiget,

408 726 501 786 haras
524 727 683 787 mair-diurn
707 730 748 788 ad
771 729 850 788 duas
883 730 1046 790 clausuras
1077 731 1179 790 bonas
1214 731 1310 790 etiam
1333 731 1513 810 pavimento
1538 747 1625 794 caret
1645 735 1689 793 in-

408 832 519 908 feriori,
543 854 702 896 cameram
732 835 878 896 frumenti
910 838 1027 898 bonam
1060 839 1102 898 ad
1131 839 1211 898 duas
1235 839 1406 915 clausuras,
1428 839 1532 900 culina
1555 848 1603 900 est
1625 860 1690 900 una

407 960 477 1001 curn
502 941 629 1005 fornace
653 943 791 1021 pistorea
814 944 899 1004 bona
922 963 1014 1018 nova,
1030 945 1176 1005 omnibus
1199 947 1385 1006 necessariis
1408 946 1544 1026 provisa,
1567 948 1688 1008 colum·

410 1048 533 1109 barium
557 1050 718 1129 antiquum
742 1070 805 1110 non
828 1052 911 1111 bono
933 1058 1018 1113 tecto
1042 1052 1211 1130 provisum.

513 1152 568 1234 27.Ι
589 1175 709 1238 Nobilis
733 1177 890 1258 Georgius
908 1177 1010 1238 iunior
1025 1178 1199 1253 Arbanasz,
1219 1180 1346 1239 domurn
1363 1180 1458 1240 babet
1472 1180 1690 1260 biangularem

408 1282 533 1357 bonam,
565 1283 711 1343 horreum
744 1285 905 1365 antiquum
936 1284 1065 1344 basibus
1095 1285 1250 1365 indigens,
1278 1288 1372 1347 haras
1406 1287 1609 1368 biangulares
1645 1289 1686 1348 ad

406 1390 566 1449 clausuras
599 1388 621 1450 6
652 1391 682 1450 in
719 1391 836 1469 optimo
872 1398 955 1452 statu
987 1411 1088 1452 novas
1111 1393 1291 1472 pavimento
1315 1393 1501 1475 indigentes,
1532 1413 1689 1454 cameram

404 1496 549 1557 frumenti
575 1498 734 1577 antiquam
758 1500 955 1577 reparatione
980 1499 1109 1579 indiget,
1132 1500 1291 1560 fornacem
1317 1502 1485 1580 pistoream
1502 1503 1585 1561 bono
1598 1510 1684 1562 tecto

403 1625 464 1664 non
486 1625 543 1685 per
566 1605 717 1666 incuriam
740 1607 907 1685 provisam,
929 1607 1155 1668 columbarium
1179 1609 1340 1687 antiquum
1363 1610 1539 1687 proximum
1562 1610 1679 1672 ruinae.

510 1729 561 1792 28.
593 1733 710 1791 Paulus
741 1733 888 1792 Iakunich
918 1733 1015 1792 habet
1046 1734 1174 1793 domurn
1208 1733 1368 1813 antiquam
1392 1734 1422 1792 in
1447 1733 1561 1793 misero
1593 1742 1687 1806 statu,

405 1838 552 1898 horreum
577 1858 693 1899 novum
729 1841 844 1899 bonurn
868 1849 959 1919 porta
983 1841 1070 1900 bona
1093 1860 1155 1900 non
1183 1842 1352 1919 provisum,
1378 1841 1474 1901 haras
1498 1841 1538 1901 ad
1561 1839 1582 1899 4
1605 1842 1688 1900 clau·

405 1963 495 2004 suras
531 1945 675 2025 antiquas
699 1946 826 2007 basibus
851 1947 1028 2027 indigentes
1053 1957 1084 2007 et
1106 1948 1303 2026 pavimentis,
1335 1948 1494 2008 fornacem
1517 1947 1687 2026 pistoream

403 2053 477 2114 nihil
504 2055 667 2115 valentem.

511 2181 562 2266 29.
598 2183 718 2243 Nobilis
754 2184 869 2243 Paulus
911 2183 1083 2243 Klaffurich
1121 2184 1218 2243 habet
1254 2184 1382 2243 domurn
1423 2184 1523 2262 primo
1559 2184 1684 2244 novitus

404 2293 558 2350 errectam
581 2308 619 2350 ex
643 2289 749 2350 solidis
781 2290 942 2350 roboribus
966 2291 1115 2368 pulcram,
1148 2289 1292 2352 omnibus
1316 2290 1503 2350 necessariis
1526 2291 1683 2369 provisam

403 2409 529 2477 praeter
560 2398 730 2487 ambitum3
755 2397 829 2457 item
853 2399 1000 2457 horreum
1031 2398 1126 2457 habet
1159 2398 1319 2477 antiquum
1354 2417 1392 2457 ex
1423 2397 1559 2477 antiquis
1592 2400 1669 2458 robo

395 2505 498 2578 ‘ribus
524 2504 595 2579 alio,
625 2504 744 2584 indiget
768 2505 903 2577 meliori;
932 2505 1007 2564 item
1031 2504 1126 2564 babet
1149 2505 1276 2565 domum
1300 2506 1469 2584 antiquam,
1492 2524 1587 2585 quarn
1611 2525 1683 2566 con·

404 2617 495 2676 vertit
530 2611 587 2692 pio
620 2613 771 2686 cameris;
806 2613 881 2672 item
917 2631 1076 2672 cameram
1105 2613 1252 2672 frumenti
1283 2613 1313 2671 in
1346 2612 1495 2674 mediocri
1527 2621 1611 2672 statu
1643 2614 1684 2673 ad

403 2722 563 2782 clausuras
588 2721 676 2795 duaS,
715 2720 809 2781 haras
840 2720 1042 2798 biangulares
1066 2720 1107 2781 ad
1130 2721 1292 2781 clausuras
1317 2720 1337 2780 5
1369 2721 1468 2780 bonas
1504 2720 1684 2799 pavimento

403 2848 493 2889 secus
529 2829 666 2889 inferiori
700 2829 853 2908 indigens,
876 2828 1037 2888 fornacem
1073 2828 1242 2906 pistoream
1276 2828 1307 2887 in
1343 2830 1426 2888 malo
1457 2834 1541 2888 statu
1575 2830 1679 2906 quoad

401 2945 534 3008 tectum;
567 2936 639 2995 item
663 2937 758 2995 habet
791 2935 924 2995 Michael
950 2936 1077 2995 domurn
1102 2936 1243 2996 fabrilem
1267 2936 1427 3015 antiquam
1452 2954 1514 2995 non
1538 2936 1618 2995 adeo
1642 2936 1673 2994 in

402 3046 484 3104 bono
508 3052 600 3103 statu.

509 3166 561 3229 30.
585 3168 704 3228 Nobilis
728 3166 865 3226 Mathias
889 3168 1053 3225 Arbanasz
1078 3168 1230 3227 boltelrov
1248 3167 1357 3241 dictus,
1381 3167 1475 3227 habet
1498 3168 1626 3227 domum
1649 3167 1680 3226 in

400 3278 482 3336 bono
518 3285 601 3335 statu
636 3275 796 3353 antiquam
828 3273 970 3353 quidem;
1002 3275 1075 3334 item
1108 3277 1253 3335 borreum
1286 3275 1447 3353 antiquum
1481 3275 1679 3353 reparatione

401 3384 553 3462 indigens,
592 3383 686 3441 baras
720 3382 921 3462 biangulares
955 3402 1056 3442 novas
1091 3384 1131 3442 ad
1167 3384 1328 3442 clausuras
1363 3384 1384 3441 4
1419 3384 1598 3461 pavimento
1637 3384 1680 3441 in·

401 3492 509 3570 digere
543 3490 695 3562 inferiori;
732 3508 889 3556 cameram
923 3491 962 3550 ad
993 3491 1072 3550 duas
1103 3491 1264 3549 clausuras
1289 3490 1447 3569 antiquam
1481 3490 1680 3564 mediocrem,

400 3600 493 3657 haras
518 3596 675 3657 maialium
707 3597 815 3671 bonaS,
848 3571 1006 3657 fornacem
1031 3597 1199 3675 pistoream
1223 3598 1306 3656 bono
1330 3616 1392 3656 non
1414 3606 1498 3657 tecto
1514 3597 1681 3676 provisam.

506 3718 557 3781 31.
590 3720 743 3782 Providus
774 3722 907 3782 loannes
938 3722 1094 3796 lanclrich,
1125 3722 1254 3782 colonus
1289 3721 1405 3781 domini
1437 3722 1594 3782 substituti
1625 3741 1677 3782 co·

398 3827 481 3887 mitis
513 3828 667 3888 terrestris
700 3828 835 3903 Modich,
870 3830 998 3889 domum
1032 3829 1126 3888 habet
1157 3828 1317 3907 antiquam
1341 3829 1402 3888 alia
1434 3848 1518 3890 nova
1542 3830 1680 3910 indiget3

397 3938 545 3995 borreum
579 3936 740 4014 antiquum
771 3938 838 3996 sine
871 3944 954 3997 tecto
989 3936 1103 4014 incepit
1126 3955 1283 4015 reparare,
1308 3955 1449 4015 proquo
1473 3936 1593 4015 indiget
1615 3945 1682 3997 tota

398 4043 550 4121 superiori
581 4051 670 4121 parte
700 4052 730 4102 et
762 4044 899 4118 basibus,
931 4045 1025 4103 haras
1057 4044 1202 4123 antiquas
1234 4044 1275 4103 ad
1310 4044 1389 4104 duas
1420 4045 1582 4105 clausuras
1616 4064 1681 4105 me-

404 4152 535 4225 diocreS,
560 4148 687 4211 basibus
711 4158 743 4210 et
766 4151 946 4229 pavimento
969 4150 1104 4210 inferiori
1129 4150 1314 4229 indigentes,
1329 4150 1488 4211 fornacem
1513 4152 1682 4230 pistoream

400 4258 558 4335 antiquam
583 4257 651 4317 sine
675 4258 758 4317 bono
786 4265 877 4318 tecto.

505 4380 555 4444 32.
580 4384 701 4443 Nobilis
727 4386 841 4445 Paulus
873 4385 1103 4459 Szmollrovich,
1127 4385 1256 4445 colonus
1280 4404 1372 4444 secus
1396 4386 1541 4445 dominae
1566 4386 1679 4446 viduae

397 4491 509 4551 Annae
541 4492 715 4567 Arbanasz,
738 4493 833 4552 habet
865 4492 990 4552 domum
1027 4492 1196 4571 antiquam,
1224 4512 1305 4571 quae
1337 4494 1428 4553 valde
1464 4501 1601 4572 angusta
1623 4503 1680 4567 est,

398 4599 472 4677 quia
495 4602 623 4659 multam
647 4600 796 4659 familiam
820 4601 923 4673 habet,
947 4620 986 4660 ex
1009 4619 1071 4678 qua
1096 4601 1222 4679 antiqua
1238 4601 1321 4660 aliud
1344 4600 1520 4660 aedificium
1544 4601 1602 4660 sibi
1625 4620 1678 4660 ne-

396 4706 568 4765 cessarium
584 4707 756 4767 ellaborare
773 4707 894 4784 poterit,
908 4726 991 4766 novo
1008 4716 1113 4767 autem
1127 4708 1255 4787 indiget,
1270 4708 1417 4767 horreum
1428 4708 1544 4767 bonum
1560 4726 1678 4768 novum

396 4812 505 4873 saltem
537 4812 664 4872 basibus
698 4813 831 4891 podvale
865 4814 955 4874 dictis
986 4814 1146 4893 indigebit,
1178 4814 1271 4874 haras
1307 4834 1405 4874 novas
1441 4816 1482 4875 ad
1516 4817 1678 4876 clausuras

396 4916 426 4995 3,
450 4938 608 4980 cameram
639 4940 736 4999 penes
761 4923 920 4983 adunam
951 4932 1074 5002 portam
1098 4923 1156 4981 sub
1187 4923 1299 4982 eodem
1327 4930 1410 4983 tecto
1434 4923 1527 4983 etiarn
1552 4941 1676 4995 novam,
