3934 5550
388 838 480 895 Anno
510 829 600 895 1656.
629 831 675 895 ll.
700 830 835 912 augusti.
859 830 1010 891 Viennae.

388 1048 565 1127 Leopoldus
597 1048 617 1108 l.
647 1045 831 1127 Hungariae
857 1054 915 1107 etc.
938 1065 1003 1123 rex,
1027 1048 1167 1108 Blasium
1191 1004 1418 1123 Pvezekovich,
1442 1068 1480 1107 ac
1503 1066 1559 1126 per

281 1178 353 1219 eum
376 1156 548 1237 Georgium
573 1164 604 1216 et
628 1154 781 1215 Mathiam
815 1155 937 1230 tratres,
960 1155 1134 1237 Georgium
1162 1157 1336 1234 patruelem
1367 1156 1444 1231 eius,
1475 1155 1558 1215 Mar·

279 1267 388 1342 tinum,
411 1267 569 1341 loannem,
593 1265 785 1339 Mathaeum,
810 1263 998 1343 Gasparum,
1021 1264 1212 1347 Gregorium
1235 1265 1462 1339 Puczekouich,
1476 1264 1558 1323 Tho·

279 1394 364 1435 mam
388 1373 573 1449 Berkouich,
605 1374 733 1433 Petrum
756 1380 788 1432 et
811 1372 985 1453 Georgium
1013 1374 1183 1435 Siulrouich
1207 1374 1239 1434 in
1263 1381 1387 1433 coetum
1410 1371 1559 1432 nobilium

281 1483 421 1558 assumit,
446 1500 595 1561 armaque
619 1500 676 1541 seu
699 1480 835 1561 insignia
857 1480 1028 1542 nobilitatis
1049 1482 1126 1561 ipsis
1149 1482 1277 1545 conlert.

386 1590 566 1651 Publicatae
598 1598 670 1649 sunt
700 1590 761 1649 hae
791 1590 900 1651 literae
928 1589 1109 1651 nobilitates
1139 1590 1171 1651 in
1202 1590 1343 1671 generali
1372 1586 1463 1668 regni
1486 1607 1557 1647 con-

278 1698 464 1779 gregatione
488 1696 675 1778 Zagrabiae,
699 1716 725 1759 a.
755 1694 847 1759 1657.
872 1696 901 1759 4.
924 1680 1083 1759 lebruarii.

384 1838 530 1911 Originale
549 1840 764 1892 membraneum
783 1836 812 1891 in
831 1838 922 1895 forma
940 1839 1036 1906 libelli,
1054 1840 1200 1907 appendet
1218 1838 1350 1909 sigillum.
1376 1837 1461 1906 Apud
1480 1837 1556 1891 dom.

277 1928 445 1995 Pucekovid,
464 1928 606 1981 notarium
630 1941 773 1981 commun.
792 1928 859 1982 nob.
885 1929 922 1983 de
948 1926 1111 1998 Turopolje,
1137 1928 1166 1981 in
1184 1927 1264 1981 Kule
1282 1927 1329 1982 Nr.
1348 1927 1373 1981 5.
1403 1954 1425 1965 -
1446 1926 1559 1981 Vitezo·

276 2017 329 2086 vid,
349 2017 505 2088 mjesednik
524 2034 555 2071 aa
573 2017 763 2089 genealogiJu,
784 2017 932 2089 biogratiju
953 2024 1008 2072 etc.
1026 2016 1046 2071 l.
1066 2034 1093 2085 p.
1113 2016 1172 2071 176.

883 2339 958 2415 80.

385 2562 478 2621 Anno
506 2558 598 2622 1659.
627 2558 675 2621 10.
698 2559 843 2619 octobris.
868 2558 1005 2621 Posonii

386 2776 563 2856 Leopoldus
594 2777 613 2837 l.
645 2774 829 2855 Hungariae
854 2782 912 2836 etc.
937 2793 1002 2851 rex,
1025 2774 1211 2833 Nicolauum
1243 2772 1446 2832 Valicheuieh
1470 2772 1559 2832 aliter

279 2883 416 2958 Caelich,
442 2902 562 2943 necnon
586 2883 740 2942 Mathiam
771 2881 936 2955 Deverich,
965 2881 1038 2960 »qui
1064 2881 1141 2940 alias
1165 2881 1259 2940 etiam
1289 2879 1480 2940 universitati
1503 2899 1558 2940 no·

278 2991 386 3050 billum
402 2990 516 3068 Campi
529 2989 753 3069 Zagrabiensis
769 2989 843 3048 dicti
863 2988 1051 3068 incorporati
1068 2996 1205 3062 essent«,
1219 2987 1251 3048 in
1267 2996 1392 3050 coetum
1410 2989 1558 3049 nobilium

280 3099 418 3171 assumit,
441 3098 580 3177 ipsisque
603 3116 691 3158 arma
715 3115 771 3156 seu
794 3096 930 3177 insignia
954 3096 1122 3157 nobilitatis
1145 3096 1273 3160 confert

391 3205 572 3266 Publicatae
608 3214 680 3266 sunt
710 3205 771 3266 hae
809 3204 919 3265 literae
955 3206 1090 3266 armales
1124 3205 1155 3264 in
1190 3203 1331 3284 generali
1365 3206 1454 3285 regni
1485 3225 1558 3267 con·

280 3315 465 3396 gregatione
489 3314 664 3388 Varasdini,
688 3333 715 3376 a.
743 3311 836 3377 1660.
859 3310 889 3375 8.
911 3312 1052 3376 ianuarii.

386 3455 532 3527 Originale
552 3458 776 3522 membraneum,
797 3455 942 3522 appendet
961 3453 1093 3526 sigillum.
1112 3455 1198 3522 Apud
1215 3457 1282 3508 nob.
1305 3455 1420 3509 Petrum
1438 3455 1560 3510 Deverid

279 3545 329 3599 lnl.
349 3545 511 3599 Lomnicae.
532 3545 577 3597 Nr.
597 3545 640 3598 47.
662 3571 692 3584 -
713 3543 868 3612 Vitezovid,
893 3542 1054 3613 mjesednlk
1073 3559 1105 3597 aa
1123 3544 1312 3616 genealogiju,
1337 3544 1486 3616 biografiju
1504 3551 1560 3600 etc.

281 3636 301 3690 l.
321 3652 345 3703 p.
369 3634 429 3690 139.

879 3937 956 4012 8⁷.

346 4227 348 4232 Ι
386 4158 481 4216 Anno
510 4153 594 4216 1659
617 4154 668 4218 20.
693 4156 838 4219 octobris.
862 4157 999 4221 Posonii.

387 4370 564 4448 Leopoldus
595 4371 615 4434 1.
646 4369 830 4451 Hungariae
862 4377 921 4432 etc.
945 4389 1009 4443 rex,
1042 4371 1170 4430 Petrum
1193 4372 1420 4448 Trvpchevicb,
1444 4393 1481 4433 ac
1504 4393 1561 4453 per

280 4495 351 4535 eum
374 4477 522 4538 Ioanurm
553 4477 650 4537 lilium
682 4487 713 4537 et
743 4476 916 4558 Georgium
945 4476 1074 4538 tratrem
1098 4477 1180 4552 eius;
1204 4479 1340 4553 Petrum,
1363 4479 1560 4557 Michaelem,

279 4583 472 4657 Katarinam,
508 4584 679 4643 Barbaram
712 4591 743 4644 et
775 4585 993 4665 llargaretam
1026 4586 1131 4664 proles
1154 4585 1228 4645 dieti
1258 4586 1404 4666 Georgii;
1438 4606 1562 4648 necnon

278 4691 437 4751 Simonem
471 4691 613 4751 Horuath
637 4711 675 4751 ac
698 4691 766 4752 eius
789 4692 894 4770 proles
922 4691 1120 4772 Gregorium,
1149 4693 1313 4770 Helenam,
1337 4693 1561 4774 Margaretam‚

279 4798 463 4858 Katarinam
488 4806 519 4858 et
544 4799 744 4874 Dorotheam,
769 4800 799 4860 in
823 4806 948 4859 coetum
978 4799 1128 4859 nobilium
1160 4801 1300 4874 assumit,
1328 4801 1465 4879 ipsisque
1486 4802 1560 4862 insi·

279 4907 355 4987 guia
377 4906 547 4966 nobilitatis
570 4907 699 4968 eonlert

1453 5029 1489 5084 10
