3934 5550
1499 412 1543 475 77

269 648 466 723 zonyffalwa,
496 647 670 719 ianitomm,
693 648 854 725 Stephano
877 647 1049 723 lllieshazy,
1064 647 1168 709 curiae
1193 660 1328 722 nostrae,
1352 658 1383 707 et
1406 648 1545 728 Georgio

258 756 394 814 =Thurzo
418 756 457 815 de
480 754 758 827 Bettlelremfalwa,
773 754 991 833 pincernarum
1009 762 1184 814 nostrorum
1203 754 1355 835 regalium
1378 756 1546 836 magistris,

266 864 428 943 Stephano
451 862 551 938 Palffy
575 861 615 921 de
639 861 773 933 Erdeod,
797 861 910 921 comite
928 861 1137 936 *Posoniense
1165 863 1359 942 coeterisque
1383 864 1544 943 quamplu—

267 972 352 1033 rimis
376 972 465 1052 regni
490 971 588 1031 nostri
612 971 778 1031 comitatus
801 970 980 1031 tenentibus
1004 978 1036 1031 et
1060 960 1203 1033 bonores.

372 1116 556 1194 Rudolphus
580 1135 619 1176 m.
643 1136 672 1195 p.

740 1242 897 1301 Martinus
921 1240 1177 1322 archiepiscopus
1192 1242 1385 1343 ¹Colocensis
1409 1263 1448 1305 m.
1472 1264 1502 1322 P.

698 1410 701 1414 ,
738 1349 898 1409 Tiburtius
922 1350 1112 1411 Himelreich
1136 1372 1176 1411 m.
1200 1370 1228 1429 p.

373 1496 488 1557 lnfr'a
521 1495 561 1554 in
594 1492 801 1573 margine:
835 1493 929 1555 Anno
968 1494 1085 1554 domini
1120 1494 1283 1555 millesimo
1318 1497 1546 1557 sexcentesimo

267 1604 367 1678 terti0,
398 1614 582 1682 praesentes
613 1602 721 1661 literae
752 1600 963 1681 privilegiales
994 1600 1060 1661 sive
1092 1602 1375 1663 confirmationales
1403 1604 1546 1663 sacratis·

267 1714 366 1773 simae
398 1731 568 1773 caesareae
599 1710 772 1790 regiaeque
804 1709 987 1785 maiestatis,
1018 1710 1109 1770 nobis
1138 1710 1331 1771 universitati
1355 1720 1492 1771 statuum
1516 1721 1548 1771 et

268 1821 412 1881 ordinum
443 1820 533 1901 regni
564 1818 761 1894 Sclauoniae,
792 1818 824 1878 in
856 1819 997 1900 generali
1030 1818 1276 1899 congregatione
1301 1829 1416 1893 nostra,
1440 1819 1547 1879 ultimo

270 1930 415 1990 videlicet
448 1928 497 1989 die
529 1928 647 1988 mensis
678 1927 784 2006 aprilis
815 1927 992 2008 Zagrabiae
1024 1928 1190 2003 celebrata,
1222 1938 1294 1988 sunt
1327 1928 1481 1991 exhibitae
1509 1938 1548 1989 et

267 2044 495 2116 praesentatae.

830 2160 1009 2239 Stephanus
1040 2160 1235 2221 Berizlauich
1258 2161 1298 2221 de
1323 2161 1525 2239 Kysmlaka*

914 2268 1237 2347 viceprothonotarius
1265 2268 1355 2349 regni
1377 2270 1504 2331 Sclauo-

971 2407 975 2412 ·
1071 2396 1142 2438 mae
1167 2397 1206 2439 m.
1230 2397 1259 2455 p.

378 2527 417 2584 ln
443 2525 579 2584 dorso:
606 2525 792 2601 Regestrata
816 2524 888 2583 lolio
912 2522 986 2585 512.
1011 2543 1093 2583 anno
1122 2519 1212 2583 1602.

376 2671 522 2742 Originale
541 2669 796 2735 membraneum,a
814 2684 885 2723 zona
904 2669 1014 2733 sericea
1032 2668 1113 2738 nigri,
1133 2668 1209 2721 rubri
1229 2674 1258 2721 et
1276 2666 1339 2723 llavi
1359 2667 1462 2736 coloris
1481 2682 1550 2738 pen·

269 2766 319 2822 det
337 2764 467 2840 sigillum.
487 2763 518 2818 ln
537 2761 652 2818 archivo
671 2777 813 2817 commun.
833 2761 899 2816 nob.
919 2761 956 2817 de
974 2758 1136 2834 Turopolje.

863 3043 941 3118 ⁴0.

376 3252 469 3312 Anno
497 3247 589 3311 1602.
614 3249 666 3312 29.
691 3251 801 3316 martii.
826 3253 960 3332 Prngae.

272 3445 476 3532 liudolphus
502 3445 542 3510 ῙΙ.
566 3439 774 3534 Hnngarr'ae
788 3451 847 3510 etc:
869 3467 936 3526 rar,
960 3447 1086 3511 Ioanni
1100 3444 1322 3524 Drascouitb,
1339 3445 1435 3525 barm,
1449 3450 1549 3531 prae-

280 3554 368 3639 cipit,
391 3558 432 3618 ut
455 3552 583 3618 nobiles
605 3555 714 3620 unius
736 3550 909 3633 seesima,
928 3553 1131 3639 praesertim
1156 3558 1271 3619 nutem
1289 3553 1415 3618 nobiles
1434 3553 1556 3637 Campi

537 3660 741 3747 Turopolya,
764 3662 802 3725 in
826 3681 944 3727 eorum
975 3660 1110 3726 iuribus
1132 3664 1294 3747 protegat.

380 3860 563 3939 Rudolphus
595 3861 752 3920 secundus
784 3861 835 3919 dei
867 3860 970 3938 gratia
1002 3861 1118 3919 electus
1152 3861 1362 3920 Romanorum
1386 3861 1554 3939 imperator

258 3955 401 4047 'semper
436 3976 598 4049 augustus,
635 3987 672 4028 ac
695 3967 894 4038 Germaniae,
929 3951 1123 4046 Hungariae,
1154 3967 1333 4039 Bohemiae,
1369 3966 1553 4054 Dalmatiae,

278 4076 436 4150 Croatiae,
470 4076 657 4136 Sclauoniae
693 4083 751 4135 etc.
784 4093 848 4151 rex,
878 4074 1026 4134 archidux
1059 4073 1214 4148 Austriae,
1249 4076 1310 4134 dux
1343 4074 1553 4154 Burgundiae,

274 4183 413 4243 marchio
437 4183 610 4253 Morauiae,
635 4202 741 4242 comes
771 4182 895 4258 Tyrolis
919 4190 976 4244 etc.
1001 4181 1099 4241 Fideli
1123 4190 1229 4242 nostro
1254 4182 1422 4262 magnifico
1446 4181 1553 4240 loanni

274 4291 460 4351 Drascouitb
486 4292 524 4351 de
550 4290 770 4367 Trakostbian,
795 4308 963 4370 regnorum
988 4298 1163 4350 nostrorum
1199 4290 1382 4366 Dalmatiae,
1406 4289 1553 4350 Croatiae

276 4408 308 4458 et
330 4399 517 4460 Sclauoniae
541 4399 633 4473 bano,
663 4417 700 4458 ac
725 4398 982 4458 cubiculariorum
1019 4407 1194 4457 nostrorum
1229 4398 1381 4477 regalium
1412 4397 1442 4456 in
1469 4397 1554 4455 Hun-

275 4507 365 4588 garia
396 4507 557 4587 magistro,
581 4515 612 4566 et
636 4506 812 4568 consiliario
844 4516 959 4580 nostre,
991 4507 1123 4566 salutern
1147 4514 1179 4566 et
1209 4507 1351 4587 gratiam.
1383 4504 1555 4584 Conquesti

273 4624 345 4675 sunt
377 4615 535 4676 maiestati
567 4624 693 4674 nostrae
724 4633 781 4692 per
816 4614 1075 4693 supplicationem
1108 4633 1206 4690 suam,
1238 4614 1346 4673 fideles
1370 4613 1467 4673 nostri
1491 4613 1555 4673 uni-

276 4723 359 4784 versi
382 4722 502 4784 nobiles
524 4721 617 4782 unius
641 4722 791 4782 sessionis
814 4723 895 4781 intra
918 4722 998 4781 fines
1022 4723 1112 4800 regni
1136 4721 1234 4781 nostri
1256 4721 1443 4781 Sclauoniae
1468 4740 1555 4799 prae-

283 4832 338 4890 lati
371 4841 610 4903 commorantes,
642 4832 726 4909 quod
757 4829 829 4890 licet
853 4830 911 4910 ipsi
934 4830 1086 4889 haberent
1118 4839 1204 4889 certa
1227 4829 1390 4908 privilegia
1413 4836 1444 4888 et
1468 4829 1557 4888 liber-

282 4947 365 5005 tates
397 4958 416 5000 a
448 4940 529 5004 divis
560 4939 718 5022 quondam
749 4939 934 5019 Huugariae
958 4938 1096 5025 regibus,
1119 4940 1232 5004 nostris
1256 4936 1559 5022 praedecessoribus,
