3934 5550
404 378 447 453 42

404 609 560 667 decimum
583 608 666 667 diem
690 607 844 681 sabbathi,
868 606 997 685 vigiliae
1030 604 1147 665 scilicet
1177 604 1247 664 festi
1280 610 1410 663 sanctae
1442 610 1474 663 et
1503 594 1682 665 individuae

403 716 572 788 Trinitatis,
602 716 632 774 in
668 734 752 774 anno
787 714 905 773 domini
939 713 1102 773 millesimo
1137 711 1389 793 quingentesimo
1421 710 1682 791 quinquagesimo

403 832 524 903 quarto,
546 831 706 883 transacto
729 821 888 900 praeteriti
896 822 914 895 ¹,
945 820 1124 899 spectabilis
1156 829 1187 879 et
1219 819 1379 897 magnifici
1410 818 1526 880 domini
1561 818 1683 879 Nicolai

403 930 523 991 comitis
547 931 690 1009 perpetui
714 930 754 989 de
778 929 903 1006 Zrinyo,
927 948 964 989 ac
989 928 1067 989 alias
1091 928 1321 1006 praedictorum
1353 946 1523 1009 regnorum
1543 922 1682 987 'Dalma-

402 1038 474 1113 tiae‚
497 1037 645 1100 Croatiae
669 1045 701 1097 et
722 1037 912 1097 Sclauoniae
935 1037 1018 1109 bani,
1042 1036 1073 1095 in
1097 1036 1308 1115 praesentiam
1325 1035 1472 1119 traxisset
1487 1036 1518 1095 in
1535 1052 1682 1109 causam;

403 1164 507 1224 aquo
531 1145 657 1223 quidem
683 1144 806 1203 decimo
830 1144 937 1223 quinto
962 1143 1012 1203 die
1038 1163 1135 1203 causa
1158 1143 1226 1221 ipsa
1258 1142 1391 1203 diversis
1424 1142 1681 1223 prorogationum

403 1253 532 1313 cautelis
555 1251 843 1324 intervenientibus,
867 1251 1033 1310 terminum
1058 1250 1275 1311 celebrationis
1300 1249 1485 1310 iudiciorum
1509 1249 1580 1309 testi
1598 1249 1681 1309 beati

403 1360 533 1441 Georgii
557 1360 710 1436 martyris,
734 1359 766 1418 in
790 1378 872 1419 anno
903 1359 1020 1418 domini
1052 1358 1215 1419 millesimo
1246 1356 1498 1439 quingentesimo
1530 1358 1681 1436 quinqua·

403 1467 525 1547 gesimo
555 1467 672 1545 quinto,
704 1466 744 1525 ad
767 1486 861 1545 quem
885 1466 1030 1526 videlicet
1053 1466 1220 1525 terminum
1244 1466 1410 1525 universae
1435 1484 1551 1525 causae
1576 1465 1679 1546 regni-

403 1576 541 1635 colarum
564 1595 602 1633 ex
626 1574 716 1633 novis
738 1573 1009 1633 constitutionibus
1033 1573 1163 1652 publicis
1188 1572 1358 1633 adiudicari
1383 1572 1502 1649 solitae,
1518 1591 1575 1650 per
1590 1591 1680 1651 prae·

403 1683 499 1742 latum
531 1682 664 1741 condam
699 1680 858 1741 dominum
894 1681 1058 1741 Nicolaum
1093 1680 1239 1741 comitem
1275 1690 1305 1740 et
1339 1681 1456 1739 banum
1494 1680 1682 1760 generaliter

402 1789 526 1849 fuerant
548 1797 747 1869 prorogatae,
771 1788 897 1849 dilative
922 1788 1094 1869 attigisset;
1117 1807 1180 1868 quo
1213 1789 1348 1849 instante
1379 1788 1457 1849 teria
1489 1788 1580 1847 tertia
1611 1807 1681 1866 pro·

403 1896 487 1955 xima
509 1905 580 1974 post
604 1896 792 1956 dominicam
816 1896 1041 1971 Misericordia,
1065 1895 1096 1955 in
1121 1896 1233 1956 eodem
1259 1914 1341 1955 anno
1365 1894 1481 1955 domini
1517 1894 1680 1955 millesimo

402 2004 653 2084 quingentesimo
694 2003 955 2085 quinquagesimo
998 2004 1114 2083 quinto,
1151 1998 1376 2083 praeteritam²,
1412 2003 1597 2065 Ambrosius
1641 2003 1680 2063 de

403 2112 517 2188 Beycz,
542 2130 598 2189 pro
622 2113 763 2189 praelato
787 2111 913 2171 domino
938 2112 1061 2172 Thoma
1084 2112 1124 2172 de
1149 2112 1289 2187 Nadasd,
1313 2109 1452 2190 palatino
1476 2119 1508 2170 et
1530 2111 1678 2171 locumte-

405 2227 507 2294 nente,
531 2227 647 2295 actore,
670 2238 741 2279 curn
764 2218 986 2298 procuratoriis
1010 2220 1105 2279 literis
1131 2220 1280 2295 eiusdem,
1305 2220 1335 2279 in
1359 2220 1462 2298 figura
1478 2218 1582 2278 iudicii
1599 2218 1682 2279 eius-

404 2326 477 2387 dem
500 2326 618 2386 domini
640 2327 761 2387 Nicolai
784 2326 905 2387 comitis
929 2336 962 2386 et
983 2328 1057 2387 bani
1089 2327 1309 2406 comparendo,
1332 2327 1484 2386 rationem
1509 2326 1681 2405 praescrip·

404 2443 455 2494 tae
479 2434 733 2495 contradictionis
757 2434 933 2495 statutionis
965 2434 1039 2493 dicti
1070 2435 1189 2495 castelli
1222 2434 1408 2495 kaawecz
1440 2434 1508 2493 dari
1543 2443 1574 2493 et
1605 2433 1680 2493 assi-

404 2542 495 2623 gnari
517 2543 732 2621 postulaverat
755 2562 811 2622 per
834 2542 996 2603 iamfatum
1020 2542 1159 2603 Blasium
1182 2542 1373 2622 Pogledych,
1397 2549 1602 2620 caeterosque
1626 2560 1680 2601 no-

404 2649 482 2709 biles
505 2648 619 2727 Campi
643 2649 874 2729 Zagrabiensis,
906 2650 937 2709 in
968 2644 1097 2710 ca'usam
1131 2658 1281 2710 attractos
1312 2648 1574 2727 praenominatos.
1608 2648 1680 2724 Quo

406 2755 511 2817 audito
534 2757 646 2817 Petrus
669 2758 833 2835 Tharrody
857 2759 896 2819 de
919 2757 1085 2836 Zechewd,
1110 2778 1166 2837 pro
1190 2758 1332 2836 praefato
1357 2756 1462 2817 Blasio
1486 2756 1676 2837 Pogledych,

406 2865 601 2944 caeterisque
624 2865 778 2926 nobilibus
802 2865 875 2924 dicti
898 2865 1012 2944 Campi
1043 2866 1275 2946 Zagrabiensis,
1306 2866 1338 2925 in
1371 2883 1501 2924 causam
1533 2863 1680 2938 attractis,

406 2991 477 3032 cum
501 2973 721 3050 procuratoriis
744 2972 839 3032 literis
862 2972 989 3050 capituli
1014 2973 1164 3032 ecclesiae
1189 2965 1436 3053 Zagrabiensis³,
1461 2969 1600 3030 eiusdem
1626 2969 1680 3030 do·

406 3080 481 3140 mini
504 3079 625 3139 Nicolai
648 3079 770 3140 comitis
794 3087 825 3138 et
847 3080 920 3139 bani
944 3080 1126 3160 exurgendo
1162 3079 1192 3139 in
1226 3078 1446 3158 praesentiam,
1478 3077 1682 3156 responderat

403 3207 441 3247 ex
466 3186 609 3263 adverso,
633 3187 718 3264 quod
741 3197 881 3266 tempore
916 3186 947 3246 in
981 3187 1184 3265 praescripta
1220 3187 1250 3246 in
1274 3186 1417 3264 personis
1449 3184 1621 3245 eorundem
1650 3184 1681 3244 in

404 3313 532 3354 causam
556 3302 758 3354 attractorum
781 3313 838 3372 pro
861 3313 900 3354 eo
922 3293 1006 3354 sacta
1031 3294 1139 3354 luisset
1163 3293 1366 3354 contradictio
1391 3299 1585 3372 praenotata,
1609 3291 1682 3369 qnia

405 3401 566 3462 castellum
589 3401 776 3461 kaawecz
799 3401 1035 3480 praescriptum,
1063 3421 1145 3462 nunc
1169 3402 1314 3477 dirutum,
1339 3419 1464 3478 semper
1487 3409 1518 3459 et
1543 3399 1582 3459 ab
1607 3399 1682 3458 olim

402 3509 572 3569 eorundem
605 3508 637 3567 in
667 3527 797 3568 causam
829 3517 1031 3569 attractorum
1063 3509 1173 3570 fuisset
1204 3509 1462 3584 haereditarium,
1493 3507 1533 3568 ad
1567 3508 1681 3586 ipsum·

405 3635 466 3694 que
498 3617 658 3675 castellum
690 3617 794 3693 plures
825 3616 982 3676 sessiones
1015 3617 1238 3698 iobagionaleS,
1266 3617 1433 3695 pluresque
1457 3614 1558 3674 coloni
1585 3633 1680 3693 quam

404 3723 533 3803 triginta
556 3723 618 3782 duo
649 3723 848 3801 pertinerent,
879 3743 952 3784 narn
984 3724 1131 3784 universa
1165 3726 1249 3784 bona
1282 3724 1430 3784 nobilium
1462 3722 1535 3783 dicti
1567 3721 1682 3800 Campi

405 3829 628 3909 Zagrabiensis
660 3829 700 3890 ad
732 3831 832 3909 ipsum
863 3831 1025 3892 castellum
1057 3832 1243 3892 kaawecz
1273 3832 1313 3890 ab
1349 3831 1421 3890 olim
1452 3829 1682 3909 pertinuissent,

402 3937 654 4016 pertinerentque
692 3937 786 3998 etiam
822 3939 923 4016 modo,
962 3958 1044 4018 quae
1080 3940 1111 3998 in
1141 3949 1206 3999 toto
1239 3941 1307 4018 plus
1338 3957 1432 4018 quam
1468 3945 1594 3998 centum
1630 3955 1680 3997 co·

403 4045 500 4120 lonos,
523 4045 744 4124 sessionesque
768 4046 983 4127 iobagionales
1016 4048 1184 4124 populosas
1212 4047 1423 4120 continerent;
1448 4055 1479 4105 et
1511 4055 1677 4124 propterea

404 4151 563 4230 praefatus
587 4152 745 4229 quondam
768 4153 912 4215 dominus
936 4155 960 4212 F
962 4154 1121 4214 ranciscus
1146 4155 1291 4230 Wylaky,
1323 4153 1498 4232 episcopus
1531 4149 1679 4214 locumte-

404 4279 483 4320 nens
503 4260 618 4340 regius,
642 4262 804 4321 castellum
827 4262 937 4340 ipsum,
961 4263 1106 4341 bonaque
1131 4272 1163 4322 et
1186 4262 1254 4322 iura
1286 4262 1535 4340 possessionaria
1559 4259 1682 4340 praefa-

404 4375 505 4427 torum
528 4368 677 4428 nobilium
700 4367 813 4446 Campi
837 4369 1069 4449 ZagrabiensiS,
1092 4379 1243 4450 tanquam
1260 4371 1343 4429 bona
1362 4368 1583 4429 authoritatem
1601 4387 1677 4428 suae

403 4476 663 4536 locumtenentiae
688 4476 879 4554 excedentia,
903 4485 1076 4537 memorato
1099 4478 1226 4538 domino
1251 4477 1386 4555 palatino
1403 4487 1434 4536 et
1447 4476 1677 4551 locumtenenti‚

403 4581 509 4656 actori,
533 4583 651 4642 donare
667 4600 730 4642 non
745 4585 914 4662 potuisset;
938 4604 976 4644 eo
1000 4593 1148 4663 percepto
1164 4585 1323 4662 praefatus
1341 4584 1526 4644 Ambrosius
1545 4585 1679 4660 Eeyczy,

401 4698 583 4768 procurator
599 4689 672 4750 dicti
686 4689 803 4749 domini
819 4691 942 4764 actoris,
958 4692 1165 4769 replicaverat
1181 4692 1211 4751 in
1235 4692 1317 4752 hunc
1333 4693 1470 4767 modum,
1500 4693 1584 4770 quod
1600 4691 1682 4752 idem

405 4797 549 4857 dominus
585 4806 670 4857 actor
707 4797 789 4857 bona
823 4806 855 4858 et
889 4798 957 4858 iura
996 4798 1245 4876 possessionaria
1286 4800 1496 4879 praelatorum
1533 4799 1683 4860 nobilium

403 4905 516 4984 Campi
540 4904 763 4984 Zagrabieusis
788 4925 806 4964 a
830 4906 972 4983 praelato
996 4908 1130 4968 condam
1154 4907 1279 4967 domino
1303 4905 1532 4968 locumtenente
1558 4907 1683 4970 minime
