3934 5550
802 1514 968 1636 Anno
991 1533 1249 1634 MDOXV.

500 1802 593 1865 1615.
623 1803 701 1864 feria
732 1803 841 1882 quinta
867 1801 1009 1880 proxima
1032 1809 1103 1880 post
1127 1799 1314 1860 dominicam
1338 1795 1613 1878 Septuagesimae¹
1638 1799 1669 1858 in

388 1913 484 1972 domo
516 1919 548 1970 et
578 1912 664 1971 curia
696 1910 850 1970 nobilitari
873 1908 986 1969 nobilis
1009 1909 1154 1968 dominae
1181 1908 1342 1967 Barbarae
1367 1907 1523 1983 Bosnyak,
1548 1905 1669 1985 egregii

386 2021 458 2080 olim
482 2019 611 2100 Georgii
627 2020 808 2099 Pogledych
832 2019 863 2077 in
887 2017 1063 2088 Koriloucz‚
1087 2015 1209 2094 Campo
1234 2023 1264 2074 et
1288 2013 1435 2074 comitatu
1459 2012 1667 2091 Zagrabiensi

386 2126 530 2186 existenti
564 2127 679 2203 habita,
714 2126 798 2185 tacta
830 2133 878 2185 est
910 2123 1117 2204 congregatio
1148 2121 1342 2200 particularis
1374 2121 1523 2180 nobilium
1554 2119 1668 2197 Campi

388 2233 619 2313 Zagrabiensis.
1195 2311 1197 2316 ,

493 2340 705 2413 Concluditur,
729 2348 763 2398 ut
786 2347 949 2399 exactores
981 2339 1068 2399 iuxta
1102 2337 1237 2415 priorem
1262 2333 1494 2396 conclusionem
1518 2334 1667 2393 univcrsi-

387 2447 460 2506 tatis
483 2447 632 2507 nobilium
657 2446 731 2507 dicti
755 2445 869 2525 Campi
885 2465 941 2524 per
956 2445 1108 2504 famulum
1125 2443 1354 2505 communitatis
1372 2461 1444 2501 mox
1469 2449 1500 2500 et
1522 2441 1563 2499 dc
1585 2439 1668 2500 facto

389 2554 563 2617 vadiantur.

495 2661 576 2721 Vina
604 2662 776 2721 domestica
799 2661 894 2720 libere
929 2654 1151 2742 unusquisque}
1175 2659 1349 2732 educilabit,
1381 2658 1521 2737 emptitia
1544 2675 1669 2736 quoque

389 2769 521 2850 propriis
537 2769 677 2848 pecuniis
701 2789 756 2848 pro
781 2789 839 2829 sua
855 2767 1042 2828 necessitate
1060 2767 1197 2827 similiter
1220 2765 1464 2841 educilabuntur,
1488 2766 1532 2825 ita
1555 2776 1669 2839 tamen,

390 2885 423 2935 ut
446 2897 605 2957 congruus
621 2877 698 2936 ordo
714 2878 746 2937 in
763 2876 969 2936 educilatione
995 2876 1025 2935 in
1049 2875 1180 2955 singulis
1204 2874 1295 2954 pagis
1319 2883 1350 2932 et
1373 2873 1453 2935 villis
1477 2874 1669 2933 observetur.

387 2985 527 3065 Egregio
551 2985 681 3045 Nicolao
704 2985 873 3061 Malenych
905 2985 1044 3043 unanimi
1075 2992 1149 3042 voto
1173 2991 1205 3042 et
1229 3001 1384 3042 consensu
1416 2982 1554 3041 omnium
1579 2982 1669 3041 datur

387 3099 526 3169 potestas
550 3091 733 3152 aedificandi
757 3092 885 3151 domum
916 3092 946 3151 in
973 3092 1066 3170 Nagh
1090 3090 1243 3167 Gorycza‚
1267 3090 1298 3151 in
1321 3089 1386 3149 suis
1411 3089 1545 3167 propriis
1567 3087 1668 3160 bonis,

389 3199 441 3258 ubi
475 3200 621 3260 continue
656 3207 807 3277 perpetuo
843 3200 915 3258 vina
950 3199 1186 3258 educilabuntur
1220 3196 1316 3275 ipsius
1352 3196 1468 3255 domini
1503 3196 1671 3267 Malenich,

387 3306 488 3385 prouti
512 3326 547 3367 se
572 3307 653 3365 idem
678 3306 821 3366 dominus
845 3306 1013 3382 Malenych
1037 3305 1143 3379 offert3
1167 3305 1305 3383 exceptis
1329 3306 1491 3363 dumtaxat
1515 3302 1669 3377 nundinis,

388 3416 418 3472 in
449 3414 561 3492 quibus
577 3433 687 3474 omnes
706 3413 802 3473 libere
819 3414 1026 3474 educilabunt.
1051 3414 1084 3471 ln
1100 3412 1266 3472 Kotiloucz
1282 3430 1406 3490 quoque
1424 3412 1506 3490 apud
1523 3410 1670 3487 Giumlya

388 3522 529 3581 similiter
559 3530 744 3600 perpetuum
776 3521 941 3581 educillum
965 3522 1023 3579 erit
1046 3520 1119 3579 dicti
1143 3519 1260 3581 domini
1283 3519 1458 3595 Malenych.
1481 3519 1513 3579 Si
1537 3518 1607 3597 quis
1630 3538 1669 3577 ex

392 3628 577 3709 alienigenis
600 3630 639 3687 ad
668 3629 824 3688 nundinas
848 3629 962 3687 ibidem
988 3629 1027 3687 ad
1051 3628 1164 3687 dictam
1189 3628 1284 3707 Nagh
1308 3626 1464 3703 Gorycam
1497 3626 1668 3707 adduxerit,

387 3756 449 3795 non
473 3737 513 3795 sit
535 3736 653 3795 licitum
676 3735 833 3810 educilari,
857 3736 914 3796 sed
937 3736 964 3795 si
987 3736 1039 3813 qui
1063 3735 1303 3794 domesticorum
1324 3734 1455 3793 noluerit
1472 3753 1575 3793 emere
1596 3752 1668 3792 con-

388 3844 483 3919 digno
513 3844 628 3921 praem,
659 3844 738 3902 bene
770 3842 905 3921 quidem,
934 3842 1068 3920 alioquin
1105 3862 1177 3901 mox
1201 3851 1231 3902 et
1254 3842 1322 3920 ipso
1346 3842 1429 3901 facto
1462 3860 1499 3900 ex
1524 3840 1669 3900 nundinis

387 3970 522 4009 unacum
545 3950 618 4009 vino
642 3949 791 4010 discedat.

495 4058 577 4116 lnter
603 4058 732 4131 nobiles,
764 4057 922 4117 dominam
947 4058 1184 4136 Margaretham
1210 4056 1387 4131 Radenych‚
1412 4056 1545 4133 primum
1569 4074 1666 4133 quon·

387 4165 462 4223 dam
487 4164 606 4224 Nicolai
635 4165 783 4241 Mudych,
807 4184 889 4224 nunc
912 4184 988 4224 vero
1013 4164 1101 4223 Pauli
1125 4164 1274 4241 Krupych
1312 4162 1457 4221 nobilium
1483 4170 1668 4235 consortem,

388 4281 421 4330 ut
446 4272 603 4346 actricem,
629 4292 665 4331 ac
689 4273 884 4351 Stephanum
914 4273 1053 4349 Mudych
1077 4280 1108 4331 et
1133 4272 1286 4331 haeredes
1310 4270 1420 4332 nobilis
1443 4271 1516 4329 olim
1542 4269 1668 4329 alterius

388 4378 509 4437 Nicolai
533 4379 670 4452 Modich‚
686 4379 784 4438 veluti
808 4380 838 4438 in
855 4398 983 4438 causam
1015 4380 1146 4451 attracti,
1172 4378 1257 4437 iuxta
1280 4378 1414 4457 partium
1437 4377 1668 4456 praedictarum

386 4505 576 4545 consensum
611 4487 798 4547 benevolum
834 4488 1038 4546 deliberatum
1074 4496 1138 4559 est,
1174 4487 1258 4564 quod
1293 4485 1451 4563 praefatus
1489 4484 1668 4561 Stephanus

388 4592 527 4669 Mudych
560 4612 631 4651 cum
663 4593 850 4653 haeredibus
875 4594 948 4653 dicti
972 4593 1045 4652 olim
1072 4594 1192 4653 Nicolai
1216 4592 1344 4653 Mudich
1367 4611 1424 4671 pro
1448 4592 1520 4652 dote
1545 4592 1668 4670 integra

387 4701 522 4760 florenos
555 4701 776 4781 hungaricales
801 4700 821 4759 4
846 4704 967 4761 solvere
999 4702 1165 4775 debebunt,
1189 4720 1245 4779 pro
1270 4701 1483 4778 redemptione
1507 4719 1583 4759 vero
1606 4710 1667 4759 ter·

386 4826 490 4865 rarum
523 4807 667 4869 videlicet
702 4808 845 4888 iugerum
877 4805 952 4885 tlh,
986 4829 1066 4888 quoe
1099 4810 1156 4887 ipsi
1190 4808 1333 4870 dominae
1359 4810 1507 4868 cederent
1530 4808 1666 4867 florenos

387 4914 607 4993 hungaricales
632 4916 749 4976 decem.
774 4916 973 4976 Condonavit
999 4918 1113 4977 Paulus
1134 4917 1281 4996 Krupych
1299 4916 1429 4975 maritus
1446 4917 1585 4977 eiusdem
1612 4918 1671 4989 do-¹
