3934 5550
388 368 450 432 too

382 586 493 645 harum
518 584 599 646 serie
628 585 686 644 sub
718 584 927 665 gravissimae
958 584 1182 665 indignationis
1210 593 1346 661 nostrae,
1370 594 1401 643 et
1426 584 1603 645 amissionis
1627 604 1664 645 ac

382 692 567 753 sublationis
590 692 728 752 omnium
760 690 996 772 privilegiorum
1023 700 1198 752 vestrorum
1233 710 1344 771 poena,
1368 692 1545 753 firmissime
1579 711 1663 755 com·

382 798 533 860 mittimus
567 807 599 859 et
633 799 829 872 mandamus,
864 798 948 859 aliud
982 798 1110 859 omnino
1143 818 1181 859 ac
1211 798 1335 877 penitus
1366 798 1484 859 habere
1511 800 1662 872 nolentes,

381 914 537 986 quatenus
570 905 708 985 acceptis
739 905 967 985 praesentibus,
1000 914 1032 965 et
1061 924 1125 966 non
1156 905 1352 965 obstantibus
1384 904 1547 985 quibusvis
1570 906 1662 986 privi-

380 1014 481 1095 legiis,
504 1012 751 1075 immunitatibus
775 1020 808 1073 et
830 1011 1102 1091 praetensionibus
1125 1012 1245 1089 vestris,
1269 1032 1351 1091 quae
1374 1012 1480 1073 omnia
1504 1014 1544 1074 ad
1568 1033 1661 1093 paca·

381 1122 462 1181 tiora
485 1140 585 1199 usque
608 1129 749 1198 tempora
774 1120 871 1181 dilata
893 1138 965 1179 esse
989 1119 1142 1193 volumus,
1166 1118 1234 1179 sine
1258 1120 1451 1198 exceptione,
1485 1120 1659 1195 renitentia,

381 1228 592 1302 excusatione,
621 1225 802 1286 difficultate
834 1234 865 1286 et
899 1225 1048 1285 dilatione
1082 1224 1196 1303 aliqua,
1228 1224 1314 1285 iuxta
1348 1224 1495 1286 articulos
1526 1226 1661 1305 publica-

381 1354 450 1395 rum
473 1334 547 1395 dicti
570 1333 660 1413 regni
683 1331 781 1392 nostri
803 1332 997 1413 Hungariae,
1024 1332 1115 1411 eique
1139 1332 1349 1392 subiectarum
1381 1333 1514 1412 partium
1548 1335 1661 1395 consti·

379 1440 543 1517 tutionum,
578 1440 681 1500 dicam
714 1447 855 1500 nostram
886 1439 1009 1520 regiam
1040 1440 1082 1498 ad
1112 1457 1226 1499 manus
1258 1440 1413 1499 exactoris
1445 1439 1595 1517 eiusdem,
1622 1442 1662 1502 de

379 1548 470 1608 bonis
493 1546 607 1607 vestris
630 1545 794 1607 coelestim
816 1546 908 1625 plene
932 1553 964 1606 et
987 1544 1109 1625 integre
1136 1546 1296 1623 deponere
1321 1564 1359 1606 ac
1383 1546 1572 1625 persolvere,
1595 1566 1662 1608 om·

379 1674 500 1735 nesque
523 1654 691 1714 restantias
713 1652 895 1728 rectificare,
920 1661 1015 1731 atque
1039 1652 1188 1732 deinceps
1212 1652 1317 1727 etiam,
1342 1661 1373 1713 et
1395 1654 1581 1732 praesertim
1605 1656 1660 1715 du·

377 1769 467 1822 rante
490 1762 551 1821 boc
572 1760 654 1821 bello
678 1760 821 1837 Turcico,
843 1759 956 1839 quovis
978 1768 1131 1838 tempore,
1156 1760 1188 1819 in
1211 1760 1348 1820 medium
1372 1768 1568 1821 caeterorum
1585 1762 1659 1822 fide·

379 1869 455 1929 lium
478 1868 709 1948 regnicolarum
737 1875 916 1928 nostrorum
940 1875 1084 1947 prompte
1108 1876 1140 1928 et
1162 1868 1314 1928 benevole
1338 1866 1544 1943 contribuere,
1569 1889 1606 1930 ac
1630 1870 1661 1929 in

379 1975 524 2037 omnibus
556 1974 652 2035 rebus
687 1983 719 2034 et
753 1974 898 2055 negotiis,
931 1974 1090 2053 publicum
1125 1974 1216 2055 regni
1246 1974 1335 2037 istius
1359 1976 1457 2035 nostri
1480 1976 1606 2053 bonum,
1629 1986 1662 2037 et

378 2082 582 2144 confiniorum
606 2082 791 2162 praesertim
814 2082 948 2143 salutem
972 2090 1003 2143 et
1026 2082 1298 2143 conservationem
1313 2083 1574 2144 concernentibus
1611 2103 1660 2145 or·

378 2190 515 2267 dinariis,
540 2190 639 2251 instar
670 2190 860 2269 reliquorum
890 2190 1027 2249 fidelium
1051 2190 1246 2250 subditorum
1276 2209 1313 2249 ac
1348 2190 1579 2270 regnicolarum
1604 2211 1658 2253 no·

381 2307 517 2359 strorum
548 2297 698 2375 fidelium,
729 2305 867 2358 vestram
892 2315 1021 2376 operam
1045 2306 1076 2357 et
1100 2296 1246 2357 auxilium
1271 2305 1433 2376 praestare
1457 2306 1488 2358 et
1510 2294 1659 2377 declare¹,

379 2404 514 2485 huicque
537 2405 621 2466 serio
643 2406 794 2467 mandato
817 2413 924 2465 nostro
940 2405 1125 2465 obedienter
1147 2414 1179 2465 et
1200 2405 1381 2467 omnimode
1404 2424 1524 2467 morem
1548 2426 1660 2489 gerere

380 2513 522 2576 debeatis
546 2521 578 2574 et
600 2512 787 2588 teneamini;
811 2514 895 2592 quod
918 2513 946 2573 si
968 2513 1105 2573 feceritis
1126 2513 1207 2573 bene
1231 2513 1367 2593 quidem,
1391 2513 1552 2590 siminus,
1576 2534 1659 2575 corn-

379 2620 530 2681 mittimus
554 2620 635 2681 serie
658 2619 869 2699 praesentium
893 2618 978 2681 fideli
1005 2628 1111 2681 nostro
1135 2622 1304 2701 magnifico
1328 2622 1434 2683 loanni
1464 2624 1659 2685 Draslrouich

382 2730 422 2791 de
446 2728 644 2806 Tralrostian,
668 2728 927 2790 cubiculariomm
957 2737 1134 2790 nostrorum
1166 2730 1319 2811 regalium
1344 2731 1375 2792 in
1398 2732 1563 2813 Hungaria
1593 2752 1657 2796 ma·

380 2837 489 2918 gistro,
512 2857 550 2898 ac
582 2856 752 2918 regnomm
784 2837 970 2915 Dalmatiae,
1001 2837 1159 2915 Croatiae,
1190 2838 1377 2899 Sclauoniae
1408 2841 1501 2917 bane,
1525 2861 1562 2901 ac
1586 2861 1657 2904 con-

380 2945 497 3006 siliario
519 2954 636 3020 nostro,
667 2945 818 3004 moderno
842 2953 874 3006 et
896 2945 1001 3005 futuro
1033 2945 1219 3023 firmissime,
1244 2955 1278 3006 ut
1301 2947 1369 3006 visa
1392 2956 1499 3008 vestra
1521 2950 1659 3010 ulteriori

381 3053 545 3113 renitentia
578 3061 610 3112 et
640 3051 860 3124 inobedientia,
891 3072 954 3111 non
982 3055 1098 3113 curatis
1123 3054 1192 3114 ullis
1215 3053 1487 3133 praetensionibus
1512 3065 1543 3115 et
1565 3057 1660 3135 privi-

381 3159 473 3240 legiis
497 3159 618 3233 vestris,
641 3178 723 3238 quae
747 3159 874 3219 omnino
898 3161 939 3219 ad
962 3161 1124 3238 pacatiora
1145 3179 1245 3241 usque
1268 3170 1420 3240 tempora,
1444 3163 1488 3222 uti
1512 3163 1661 3242 praemis·

381 3287 450 3327 sum
483 3275 539 3341 est,
574 3266 671 3326 dilata
702 3267 855 3341 volumus,
886 3275 951 3326 tam
984 3267 1025 3327 ad
1057 3268 1238 3348 generalem
1274 3268 1543 3344 contributionem,
1566 3290 1661 3349 quam

381 3393 457 3435 vero
481 3375 522 3434 ad
545 3373 765 3451 particularem
790 3383 821 3433 et
844 3375 1026 3454 generalem
1049 3373 1317 3452 insurrectionem,
1334 3377 1457 3456 aliaque
1483 3377 1662 3439 communia

382 3491 413 3543 et
436 3483 561 3562 publica
584 3501 682 3542 onera
710 3481 841 3542 ferenda
864 3491 896 3542 et
920 3485 1119 3561 praestanda,
1151 3503 1208 3563 per
1239 3484 1342 3546 omnia
1370 3495 1546 3565 opportuna
1570 3487 1662 3546 etad

381 3590 442 3651 boc
471 3589 650 3650 necessaria
682 3589 831 3663 remedia,
862 3608 921 3650 vos
943 3599 975 3650 et
998 3590 1168 3669 quemlibet
1198 3600 1338 3652 vestrum
1365 3593 1495 3673 adigere
1518 3604 1549 3654 et
1572 3612 1656 3654 coru·

382 3697 497 3775 pellere
521 3697 643 3757 debeat
667 3697 766 3756 Secus
797 3696 892 3778 igitur
923 3698 1100 3758 nullatenus
1123 3701 1244 3759 tacturi.
1268 3700 1490 3760 Praesentibus
1513 3701 1659 3779 perlectis

381 3803 537 3864 exhibenti
575 3802 735 3865 restitutis.
767 3803 882 3864 Datum
914 3805 946 3865 in
977 3823 1050 3865 arce
1082 3816 1189 3866 nostra
1221 3808 1308 3887 regia
1341 3807 1503 3887 Pragensi,
1538 3807 1660 3868 decima

381 3920 492 3990 quarta
524 3909 575 3970 die
606 3910 723 3970 mensis
746 3910 932 3988 decembris,
955 3931 1039 3973 anno
1064 3914 1180 3976 domini
1205 3914 1369 3975 millesimo
1394 3915 1661 3995 sexingentesimo

381 4017 473 4077 tertio
500 4025 558 4076 etc.

489 4137 579 4207 Copia
596 4141 719 4208 simplex
737 4141 842 4195 saeculi
860 4142 947 4195 XVll.
967 4142 998 4197 ln
1018 4143 1134 4198 archivo
1153 4156 1294 4197 commun.
1314 4145 1380 4198 nob.
1400 4145 1438 4198 de
1457 4145 1617 4217 Turopoljc.

492 4265 500 4294 ¹
519 4267 568 4320 sic.
