3934 5550
377 442 442 503 422

376 656 552 736 praefatum
581 654 766 732 rescriptum
797 652 919 732 regium
951 652 982 711 in
1014 653 1126 712 eadem
1156 650 1325 729 publicare,
1354 648 1537 726 nobilesque
1561 666 1655 707 curae

377 784 453 824 suae
489 763 623 823 creditos
648 761 688 822 ad
712 761 853 840 paranda
885 760 1009 819 interim
1032 778 1132 837 usque
1156 758 1355 837 deligendam
1380 756 1411 816 in
1435 755 1577 833 proxima
1599 773 1655 834 ge·

378 871 474 931 nerali
499 871 588 951 regni
612 868 858 949 congregatione
890 866 1124 927 insurrectionis
1155 865 1378 937 modalitatem,
1408 882 1495 923 arma
1519 862 1655 922 excitare

378 980 460 1040 velit.
485 979 547 1055 Qui
570 980 601 1038 in
625 978 743 1057 reliquo
767 976 872 1038 debito
896 995 965 1035 curn
990 976 1075 1035 cultu
1098 992 1271 1033 manemus.

484 1089 669 1147 Praetactae
693 1084 912 1145 dominationis
937 1090 1062 1143 vestrae

1188 1168 1406 1250 obligatissimi

965 1282 1161 1343 Universitas
1191 1279 1356 1340 comitatus
1378 1277 1610 1359 Zagrabiensis.

486 1410 648 1469 Dabantur
681 1409 901 1488 eparticulari
929 1416 1036 1468 nostro
1067 1425 1123 1486 pro
1157 1404 1204 1465 13.
1230 1406 1334 1485 aprilis
1362 1402 1454 1463 1797.
1478 1402 1654 1483 Zagrabiae

379 1520 536 1579 celebrato
559 1536 740 1598 congressu.

485 1626 655 1705 Spectabili
678 1626 804 1687 domino
827 1625 932 1685 comiti
955 1624 1094 1685 terrestri
1118 1623 1224 1684 loanni
1251 1624 1427 1699 Zdenczay.

485 1750 638 1822 Originale.
663 1751 694 1803 ln
722 1750 836 1803 archivo
868 1765 1010 1803 commun.
1038 1748 1123 1803 nobil,
1144 1748 1180 1803 de
1198 1748 1366 1818 Turopolje:
1393 1745 1658 1818 congregationalia

378 1842 446 1899 fasc.
465 1842 526 1897 248.

968 2110 1073 2181 2⁴0.

485 2313 577 2373 Anno
606 2310 697 2372 1797.
723 2310 774 2372 20.
801 2312 914 2391 aprilis.
938 2313 972 2371 ln
996 2311 1125 2371 castello
1148 2311 1324 2370 Lukavecz.

379 2509 422 2572 In
441 2507 598 2593 generali
619 2506 884 2593 congregatione
917 2504 1041 2591 Campi
1077 2504 1338 2590 Turopoliensis
1369 2504 1575 2569 mandatum
1606 2522 1655 2566 re·

474 2615 576 2702 glum
600 2615 640 2680 in
654 2616 752 2703 sacto
776 2614 1048 2679 irasurrectionis
1071 2616 1192 2678 contra
1220 2612 1339 2679 Gallos
1357 2612 1567 2699 publicatur.

486 2816 578 2875 Anno
610 2815 727 2875 domini
763 2812 853 2873 1797.
878 2814 928 2874 die
960 2812 1011 2874 20.
1036 2815 1153 2876 mensis
1183 2815 1297 2893 aprilis,
1331 2814 1362 2874 in
1393 2814 1522 2874 castello
1552 2814 1654 2873 Luka·

380 2942 457 2986 vecz
481 2924 539 2982 sub
570 2922 727 3001 praesidio
751 2930 783 2982 et
807 2941 845 2982 ex
871 2922 1097 2981 convocatione
1121 2921 1299 3000 spectabilis
1330 2932 1361 2982 et
1392 2920 1573 3001 perillustris
1598 2921 1651 2980 do·

380 3031 454 3091 mini
470 3030 594 3091 loannis
612 3031 744 3109 Nepom.
760 3030 936 3108 Zdenczay,
958 3030 1079 3091 comitis
1097 3030 1262 3106 terrestris,
1291 3030 1509 3109 praesentibus
1532 3029 1656 3109 perillu-

381 3139 495 3200 stribus
519 3147 551 3200 et
573 3138 737 3219 generosis
752 3136 884 3198 dominis
908 3139 1002 3198 Petro
1022 3137 1159 3212 Modich,
1183 3138 1350 3198 substituto
1373 3137 1487 3198 comite
1510 3136 1657 3211 terrestri,

381 3247 502 3308 Mathia
525 3246 752 3319 Verchkovich,
785 3245 914 3321 notario,
942 3247 1059 3306 Ioanne
1082 3246 1196 3320 Kooss‚
1212 3245 1394 3306 vicecomite
1419 3252 1576 3319 montan0,
1600 3245 1658 3303 Mi-

381 3355 489 3422 chaele
520 3353 694 3427 Vitkovich,
728 3352 901 3430 capitaneo,
931 3353 1075 3413 omnibus
1107 3362 1212 3414 autem
1245 3353 1328 3413 sedis
1352 3352 1532 3414 iudiciariae
1556 3371 1657 3412 asses·

381 3462 521 3534 soribus;
560 3460 715 3520 Michaele
739 3459 938 3519 Hervachich
967 3460 1134 3520 honorario
1165 3479 1340 3535 assessore,
1383 3460 1543 3538 Stephano
1584 3460 1658 3520 item

382 3567 571 3648 Briglevich,
594 3568 757 3647 utriusque
781 3567 838 3626 fori
862 3569 962 3628 iurato
980 3587 1146 3629 causarum
1171 3569 1333 3641 advocato
1351 3567 1659 3642 ThomaPetravich,

386 3675 482 3736 incliti
507 3676 672 3736 comitatus
699 3676 921 3757 Zagrabiensis
946 3677 1140 3755 particularis
1172 3696 1282 3737 cassae
1306 3686 1497 3755 perceptore,
1520 3675 1660 3756 Georgio

382 3782 568 3864 Briglevich,
596 3785 767 3862 superiore,
792 3793 823 3844 et
854 3785 970 3844 loanne
994 3785 1152 3860 Norssich,
1188 3784 1332 3845 inferiore
1368 3783 1660 3859 locumtenentibus,

383 3889 551 3951 Laurentio
574 3890 685 3968 Leder,
710 3911 746 3951 ac
770 3893 925 3952 Michaele
953 3892 1198 3952 Szmendrovich
1222 3892 1366 3953 omnibus
1389 3893 1550 3971 praefatae
1573 3892 1659 3952 sedis

383 3998 562 4059 iudiciariae
586 3999 878 4075 viceassessoribus,
896 4000 1049 4060 universis
1070 4001 1204 4080 denique
1228 3994 1341 4079 Campi
1365 4000 1456 4060 huius
1481 4001 1661 4078 Turopolya

382 4106 535 4167 nobilibus
558 4107 676 4182 incolis,
700 4106 858 4168 celebrata
881 4107 939 4167 luit
962 4108 1120 4188 generalis
1144 4109 1358 4190 congregatio,
1382 4109 1413 4168 in
1436 4128 1514 4188 qua:

491 4215 633 4295 Benigno
657 4233 734 4274 suae
758 4216 930 4277 maiestatis
954 4217 1186 4277 sacratissimae
1209 4218 1249 4277 de
1265 4218 1339 4277 dato
1364 4215 1410 4277 10.
1423 4217 1540 4276 mensis
1557 4216 1661 4295 aprilis

384 4321 456 4381 anni
497 4321 657 4396 currentiS,
693 4323 834 4382 Viennae
875 4323 1022 4384 Austriae
1060 4324 1204 4404 expedito
1239 4325 1396 4398 mandato,
1431 4332 1539 4384 tenore
1574 4324 1662 4384 cuius

383 4429 414 4488 in
446 4429 551 4488 arduis
583 4428 695 4489 Gallici
726 4429 807 4503 belli,
832 4440 862 4491 et
885 4439 957 4509 post
980 4441 1164 4510 occupatam
1190 4432 1346 4512 integram
1368 4432 1488 4492 ltaliam
1521 4440 1551 4491 et
1582 4430 1661 4491 Car·

384 4537 509 4598 nioliam
544 4537 691 4600 Croatiae
727 4560 851 4620 quoque
884 4539 1163 4620 appropinguantis
1190 4541 1297 4616 hostis,
1332 4541 1506 4620 exindeque
1541 4541 1661 4618 patriae

384 4644 456 4705 huic
488 4645 614 4706 iamiam
647 4647 836 4709 imminentis
868 4647 975 4728 gravis
999 4647 1129 4726 periculi
1159 4648 1406 4724 circumstantiis,
1443 4648 1570 4709 altefata
1604 4667 1662 4708 sua

384 4756 597 4815 sacratissima
629 4757 777 4817 maiestas
809 4758 991 4836 generalem
1022 4757 1118 4816 totius
1141 4756 1237 4816 incliti
1261 4757 1350 4836 regni
1374 4756 1567 4836 Hungariae,
1590 4775 1661 4836 par-

384 4864 523 4941 tiumque
554 4863 656 4922 eidem
689 4863 880 4923 adnexarum
916 4863 1173 4923 insurrectionem
1209 4865 1383 4923 clementer
1411 4862 1557 4935 indicere,
1592 4881 1662 4921 con·

385 4977 550 5047 sequenter
574 4969 605 5028 in
629 4988 725 5030 sensu
748 4971 828 5051 legis
851 4971 991 5050 proxime
1019 4971 1194 5050 praeteritis
1219 4971 1291 5030 anni
1320 4967 1411 5031 1796.
1429 4970 1518 5051 regni
1531 4968 1662 5031 comitiis
