3934 5550
412 399 455 467 50

411 620 484 680 dam
519 609 645 680 domino
677 619 771 679 Petro
799 609 966 695 Erdewdy,
999 617 1076 677 alias
1106 616 1198 693 bauo,
1231 611 1408 678 huiusmodi
1432 617 1559 695 paribus
1584 616 1685 677 eidem

410 728 492 788 datis
525 734 556 787 et
586 725 753 802 concessis,
786 727 961 803 eodemque
990 732 1191 803 procuratore
1217 726 1257 785 ad
1281 724 1420 785 eiusdem
1454 723 1611 803 quondam
1637 724 1689 783 do-

413 834 531 896 domini
554 832 639 895 Petri
661 834 820 912 Erdewdy
844 833 1029 913 legittimam
1056 832 1298 911 requisitionem,
1331 833 1429 893 semel
1460 841 1554 909 atque
1577 829 1689 891 iterum

412 951 444 1003 et
466 942 557 1003 tertio
581 951 652 1021 post
675 941 783 1003 solitas
806 960 932 1020 semper
950 933 1179 1020 prohibitiones
1190 939 1315 1015 factam,
1332 940 1447 1000 nullam
1470 936 1688 999 rationabilem

409 1049 723 1130 nonprosequutionis
731 1048 948 1128 praescriptae
964 1044 1181 1128 appellationis
1198 1044 1580 1127 atque-nonpioductionis
1598 1064 1687 1125 prae·

410 1164 566 1219 tactarum
589 1158 748 1218 literarum
772 1156 936 1217 memorati
971 1156 1130 1236 quondam
1162 1155 1288 1215 domini
1311 1154 1462 1215 Ludouici
1497 1154 1591 1235 regis,
1632 1171 1688 1232 per

410 1264 565 1325 antefatos
599 1266 632 1325 in
666 1282 797 1325 causam
832 1271 982 1324 attractos
1014 1263 1187 1341 producere
1219 1270 1250 1323 et
1281 1263 1427 1323 exhibere
1464 1263 1687 1343 neglectarum,

409 1372 486 1433 dare
510 1380 542 1433 e't
566 1370 739 1452 assignare,
762 1371 819 1432 sed
842 1388 945 1450 neque
962 1370 1052 1430 aliter
1075 1369 1161 1449 ipsos
1176 1370 1208 1430 in
1225 1384 1354 1431 causam
1379 1377 1527 1431 attractos
1544 1369 1574 1429 in
1592 1387 1688 1428 causa

410 1480 570 1559 praesenti
593 1480 762 1540 delendcre
776 1468 920 1555 salente,
943 1477 1104 1557 praelatus
1135 1486 1320 1557 procurator
1351 1478 1464 1538 actoris
1493 1484 1687 1555 praetactam

410 1586 602 1648 iudiciariam
637 1586 893 1647 deliberationem
917 1594 949 1646 et
972 1585 1158 1646 sententiam
1195 1584 1269 1646 dicti
1300 1585 1434 1645 condam
1466 1584 1582 1645 domini
1605 1583 1687 1659 bani,

410 1713 508 1755 causa
537 1694 569 1755 in
592 1694 758 1773 praesenti,
781 1692 875 1754 modo
909 1712 972 1773 quo
996 1693 1139 1773 superius
1169 1693 1336 1767 declarato,
1360 1694 1455 1753 latam
1480 1701 1512 1752 et
1533 1710 1687 1772 pronunc-

409 1800 528 1878 tiatam,
558 1821 595 1861 ac
618 1821 675 1881 per
692 1796 872 1881 praefatum
905 1820 1030 1881 quoque
1058 1799 1216 1880 quondam
1241 1800 1400 1860 dominum
1424 1800 1558 1861 iudicem
1582 1796 1687 1861 curiae

410 1909 518 1989 regiae
541 1909 714 1969 maiestatis
737 1908 952 1988 approbatam,
980 1918 1012 1968 et
1035 1926 1091 1986 pro
1122 1908 1170 1967 sui
1202 1906 1338 1969 ulteriori
1370 1907 1612 1987 prosequutione
1637 1906 1685 1966 ad

411 2005 547 2076 eundem
571 2015 728 2095 quondam
752 2014 913 2075 dominum
936 2013 1052 2074 banum
1074 2014 1245 2091 remissam,
1270 2014 1331 2074 iam
1355 2014 1483 2074 tandem
1506 2032 1562 2092 per
1585 2012 1687 2091 ipsum

409 2123 571 2202 quondam
594 2121 755 2183 dominum
777 2122 894 2182 banum
921 2121 1046 2181 debitae
1078 2121 1252 2182 executioni
1283 2121 1467 2181 demandari
1497 2120 1602 2183 facere
1634 2140 1686 2199 po·

411 2231 600 2305 stulaverat;
624 2248 732 2289 verum
756 2229 830 2309 quia
852 2229 884 2287 in
908 2224 1101 2308 praescripto
1122 2230 1254 2289 termino
1270 2228 1488 2290 celebrationis
1504 2226 1688 2290 iudiciorum

409 2344 601 2397 memoratus
624 2346 808 2416 procurator
831 2336 985 2396 dictorum
1009 2337 1039 2395 in
1064 2356 1193 2397 causam
1223 2344 1426 2397 attractorum
1449 2336 1686 2414 praedeclarata

409 2443 570 2504 iudiciaria
597 2438 820 2504 deliberatione
844 2450 875 2502 et
899 2444 1055 2503 sententia
1079 2444 1176 2523 ipsius
1200 2445 1358 2523 quondam
1381 2442 1499 2505 domini
1522 2444 1606 2504 Petri
1630 2444 1686 2503 Er·

409 2552 533 2628 dewdy,
564 2552 643 2612 alias
670 2552 754 2627 bani,
786 2570 884 2611 causa
906 2551 938 2612 in
961 2551 1128 2631 praesenti,
1152 2552 1246 2612 modo
1274 2552 1418 2630 supen'us
1442 2551 1601 2611 declarato
1624 2553 1687 2611 lata

413 2667 446 2718 et
475 2660 701 2736 pronunctiata,
731 2672 795 2719 non
826 2666 1000 2734 contentus,
1025 2678 1152 2720 causam
1184 2660 1317 2720 eandem
1350 2656 1382 2720 in
1415 2659 1532 2720 curiam
1557 2660 1687 2739 regiam,

409 2766 484 2828 dicti
500 2756 625 2828 'scilicet
648 2768 806 2847 quondam
834 2766 951 2828 domini
982 2767 1323 2829 iudiciscuriaesuae
1346 2767 1519 2829 maiestatis
1543 2768 1574 2828 in
1598 2748 1689 2847 praess

409 2875 543 2938 sentiam
578 2877 761 2956 appellasse,
794 2895 953 2954 causaque
984 2875 1054 2954 ipsa
1084 2893 1140 2954 per
1154 2893 1157 2900 ’
1172 2877 1306 2938 eundem
1337 2875 1497 2956 quondam
1529 2877 1688 2936 dominum

407 2986 533 3045 Petrum
568 2983 734 3060 Erdewdy,
770 2983 847 3043 alias
877 2984 1004 3060 banum,
1035 2983 1067 3043 in
1102 2983 1203 3062 ipsam
1236 2983 1355 3043 curiam
1387 2984 1518 3064 regiam,
1557 2983 1689 3063 praefati

408 3092 526 3154 scilicet
548 3091 705 3171 quondam
730 3090 847 3150 domini
872 3089 981 3149 iudicis
996 3090 1101 3150 curiae
1116 3090 1224 3171 regiae
1241 3090 1414 3152 maiestatis
1431 3092 1462 3151 in
1478 3091 1689 3171 praesentiam

409 3198 592 3260 transmissa
618 3197 765 3270 extitisse,
789 3215 827 3257 ac
839 3196 1033 3275 praescripta
1053 3197 1275 3278 prorogatione
1298 3199 1534 3273 interveniente,
1550 3199 1688 3259 annotati

408 3308 440 3367 in
464 3296 593 3367 causam
609 3303 741 3379 attracti,
761 3314 940 3383 praetactas
956 3305 1061 3364 literas
1078 3305 1207 3365 antelati
1224 3307 1381 3384 quondam
1399 3307 1516 3366 domini
1539 3305 1691 3367 Ludouici

410 3414 503 3494 regis,
527 3422 632 3478 coram
656 3412 797 3490 praelato
817 3411 976 3491 quondam
993 3412 1119 3472 domino
1136 3412 1237 3473 iudice
1253 3414 1358 3474 curiae
1382 3414 1490 3494 regiae
1515 3414 1687 3474 maiestatis

409 3507 581 3602 producere
605 3527 637 3580 et
660 3519 806 3579 exhibere
829 3538 892 3579 non
917 3538 1054 3594 curasse,
1072 3520 1247 3599 exindeque
1263 3522 1501 3599 praedeclarata
1524 3521 1686 3582 iudiciaria

411 3627 634 3707 peliberatione
657 3635 688 3687 et
712 3625 867 3687 sententia
890 3626 988 3704 ipsius
1012 3628 1170 3705 quondam
1187 3627 1303 3688 domini
1327 3629 1411 3688 Petri
1427 3628 1594 3705 Erdewdy,
1611 3628 1688 3688 alias

411 3737 493 3811 bani,
515 3756 572 3814 per
595 3736 698 3814 ipsum
720 3735 752 3794 in
775 3754 873 3795 causa
895 3735 1054 3813 praesenti
1077 3735 1172 3796 modo
1200 3737 1343 3815 superius
1374 3737 1541 3810 declarato
1573 3738 1636 3797 lata
1660 3745 1691 3796 et

412 3844 637 3924 pronunctiata,
660 3861 718 3920 per
740 3842 915 3921 praefatum
939 3845 1097 3921 quondam
1120 3845 1278 3904 dominum
1295 3845 1429 3905 iudicem
1454 3844 1559 3904 curiae
1581 3843 1690 3920 regiae

411 3951 593 4024 maiestatis,
616 3951 648 4010 in
672 3951 816 4010 omnibus
840 3951 906 4010 suis
929 3951 1062 4029 punctis,
1086 3947 1233 4012 clausulis
1258 3961 1289 4013 et
1313 3953 1449 4013 articulis
1464 3952 1638 4031 approbata
1658 3960 1689 4012 et

410 4060 571 4134 ratificata,
597 4078 634 4118 ac
665 4078 722 4137 pro
754 4059 802 4118 sui
833 4059 971 4118 ulteriori
1002 4061 1245 4139 prosequutione
1269 4071 1301 4122 et
1322 4060 1408 4122 finali
1431 4061 1689 4121 determinatione

411 4169 452 4228 ad
474 4168 575 4245 ipsum
609 4166 767 4244 quondam
800 4167 970 4240 dominum,
1002 4167 1079 4227 alias
1110 4168 1236 4243 banum,
1269 4169 1409 4243 remissa,
1441 4169 1635 4248 subindeque
1658 4168 1689 4228 in

409 4275 574 4355 praedicto
598 4273 730 4334 termino
754 4272 972 4333 celebrationis
995 4274 1178 4336 iudiciorum
1203 4277 1351 4354 praelatis
1375 4277 1511 4355 partium
1541 4293 1688 4356 procura-

409 4365 528 4441 toribus
560 4399 665 4441 coram
698 4381 767 4459 ipso
797 4380 956 4460 quondam
992 4382 1118 4442 domino
1141 4383 1234 4443 Petro
1257 4382 1424 4460 Erdewdy,
1447 4383 1538 4456 banc,
1563 4401 1687 4462 compa·

411 4488 559 4562 rentibus,
573 4487 700 4550 antelati
724 4488 755 4548 in
780 4505 908 4548 causam
926 4489 1048 4548 attracti
1071 4509 1128 4568 per
1151 4499 1331 4551 annotatum
1349 4500 1582 4570 procuratorem
1606 4491 1685 4571 ipso-

413 4617 481 4658 rum
505 4616 610 4658 coram
634 4598 703 4676 ipso
726 4597 884 4675 quondam
909 4597 1044 4670 domino,
1077 4599 1153 4658 alias
1176 4600 1268 4673 bano,
1292 4602 1514 4679 comparuisse,
1538 4599 1687 4678 pariaque

407 4704 673 4785 praeinsertarum
699 4704 858 4764 literarum
882 4703 956 4763 dicti
979 4705 1137 4784 quondam
1171 4707 1285 4766 domini
1310 4706 1420 4766 iudicis
1444 4707 1548 4767 curiae
1580 4706 1687 4787 regiae

407 4811 580 4874 maiestatis
612 4811 671 4870 sibi
705 4810 773 4872 dari
809 4813 996 4890 postulasse,
1027 4813 1143 4873 nullam
1175 4823 1281 4874 tamen
1313 4814 1526 4874 rationabilem
1558 4831 1685 4874 causam

410 4918 726 4998 nonprosequutionis
756 4919 1015 4998 praedeclaratae
1051 4919 1266 5000 appellationis
1301 4930 1394 5000 atque
1422 4919 1688 4981 :nonexhibitiunis

508 5029 513 5052 r
