3934 5550
425 412 488 473 112

421 638 547 689 nostrae
571 650 626 708 pro
651 640 740 711 parte
765 632 849 691 etin
874 633 1016 709 personis
1040 632 1211 693 eorundem
1236 631 1452 691 universorum
1479 630 1569 689 unius
1586 630 1700 689 sessio·

421 736 469 796 nis
489 735 602 815 Campi
626 739 794 817 Turopolia
819 739 966 799 nobilium
990 739 1153 813 humiliter,
1177 738 1379 818 dignaremur
1403 737 1530 797 eosdem
1549 737 1579 797 in
1595 737 1702 796 huius·

423 844 506 907 modi
531 845 674 923 antiquis,
700 848 857 927 longoque
887 863 945 906 usu
978 845 1112 923 receptis
1147 853 1178 904 et
1213 844 1400 905 continuatis
1435 843 1629 905 libertatibus
1664 864 1703 905 ac

427 951 676 1029 exemptionibus
700 962 730 1011 et
753 952 983 1032 praerogativis
1007 952 1072 1012 suis
1090 951 1229 1032 gratiose
1245 950 1425 1011 conservari
1439 951 1553 1026 facere,
1571 970 1703 1030 quorum

424 1058 649 1136 supplicatione
672 1066 824 1137 tanquam
848 1058 937 1135 iusta,
954 1058 1166 1138 aequitatique
1189 1076 1329 1117 consona
1352 1059 1521 1118 clementer
1545 1058 1701 1129 exaudita,

424 1165 564 1225 fidelitati
590 1176 713 1226 vestrae
737 1175 769 1226 et
793 1176 931 1226 vestrum
956 1166 1096 1246 singulis,
1121 1164 1337 1243 praesentibus
1372 1174 1405 1224 et
1437 1164 1557 1239 futuris,
1593 1166 1704 1225 harum

424 1274 505 1333 serie
530 1274 707 1334 firmissime
732 1274 952 1334 committimus
982 1282 1014 1333 et
1048 1275 1244 1347 mandamus,
1280 1273 1365 1333 aliud
1398 1273 1516 1334 habere
1552 1273 1703 1343 nolentes,

423 1388 579 1458 quatenus
615 1400 633 1440 a
667 1382 760 1441 modo
796 1381 999 1459 imposterum
1035 1379 1194 1458 praelatos
1229 1381 1393 1440 universos
1428 1380 1519 1440 unius
1554 1380 1704 1441 sessionis

423 1487 537 1567 Campi
571 1488 795 1568 Zagrabiensis
829 1488 999 1567 Turopolia
1027 1487 1101 1547 dicti
1135 1488 1263 1561 nobiles,
1289 1488 1338 1547 vel
1362 1506 1469 1547 eorum
1495 1488 1639 1567 aliquem,
1663 1488 1704 1548 ad

424 1594 554 1655 alicuius
578 1594 823 1671 contributionis,
848 1594 946 1669 dicae,
970 1606 1063 1655 taxae
1087 1602 1142 1655 aut
1165 1594 1292 1655 alterius
1316 1594 1478 1654 solutionis
1511 1604 1543 1654 et
1575 1594 1701 1673 imposi-

424 1702 516 1763 tionis
541 1702 745 1775 exactionem,
761 1703 811 1762 vel
835 1703 950 1762 laboris
974 1702 1104 1762 alicuius
1128 1702 1402 1781 praestolationem
1428 1710 1550 1764 arctare
1568 1711 1599 1763 et
1615 1721 1699 1763 com·

425 1811 548 1887 pellere,
573 1819 626 1869 aut
649 1810 735 1887 ipsos
758 1818 925 1888 propterea
948 1810 979 1869 in
1004 1810 1155 1888 personis,
1179 1809 1332 1884 domibus,
1357 1808 1513 1886 rebusque
1537 1818 1592 1868 aut
1613 1809 1705 1869 bonis
1738 1882 1742 1888 ᾗ

426 1917 564 1995 ipsorum
588 1917 834 1995 quibuscunque,
859 1924 968 1977 contra
993 1915 1121 1995 antiqua
1144 1915 1315 1975 eorundem
1350 1914 1515 1995 privilegia
1549 1923 1581 1974 et
1614 1915 1703 1975 liber·

424 2033 506 2085 tates
530 2031 624 2104 atque
648 2026 886 2104 praerogativas
911 2025 1087 2097 molestare,
1110 2024 1237 2083 turbare
1269 2029 1301 2083 et
1332 2022 1543 2099 damnificare,
1566 2025 1616 2083 vel
1649 2042 1704 2101 per

426 2132 568 2192 homines
592 2142 624 2192 et
646 2132 795 2193 officiales
820 2141 942 2193 vestros
964 2132 1083 2191 turbari
1099 2142 1130 2191 et
1145 2132 1338 2191 damnificari
1354 2131 1534 2209 permittere
1549 2150 1704 2211 nusquam

425 2249 458 2300 et
480 2258 679 2319 nequaquam
704 2240 911 2318 praesumatis
936 2258 995 2300 nec
1018 2240 1085 2300 sitis
1109 2240 1177 2299 ausi
1200 2240 1295 2299 modo
1319 2238 1453 2317 aliquali
1485 2238 1542 2298 sed
1573 2238 1704 2300 eosdem

422 2347 452 2405 in
477 2347 657 2425 praemissis
691 2348 894 2424 libertatibus,
929 2347 1163 2427 privilegiisque
1194 2357 1226 2407 et
1260 2345 1517 2425 exemptionibus,
1548 2354 1614 2406 tam
1645 2364 1703 2405 vos

425 2454 491 2532 ipsi,
507 2455 637 2515 firmiter
661 2464 693 2514 et
716 2455 933 2515 inviolabiliter
956 2456 1135 2527 observare,
1170 2473 1264 2534 quam
1296 2472 1352 2532 per
1387 2462 1508 2513 vestros
1540 2453 1702 2515 observari

422 2560 527 2622 facere
551 2563 652 2622 modis
677 2562 820 2622 omnibus
845 2562 987 2623 debeatis
1010 2572 1042 2622 et
1065 2562 1242 2623 teneamini.
1264 2562 1364 2621 Secus
1381 2580 1445 2621 non
1460 2560 1579 2621 facturi.
1603 2561 1699 2621 Prae·

423 2670 565 2730 sentibus
589 2670 733 2748 perlectis
757 2670 914 2730 exhibenti
938 2670 1095 2730 restitutis.
1120 2670 1236 2729 Datum
1258 2670 1290 2727 in
1314 2668 1439 2728 civitate
1456 2677 1564 2728 nostra
1580 2666 1703 2727 Vienna

423 2778 578 2855 Austriae,
602 2778 652 2838 die
676 2778 798 2838 decima
823 2797 906 2838 nona
930 2779 1048 2838 mensis
1070 2777 1154 2854 iunii,
1179 2796 1260 2837 anno
1293 2776 1409 2836 domini
1441 2775 1605 2836 millesimo
1627 2793 1697 2836 sex·

422 2885 593 2945 centesimo
617 2884 789 2966 vigesim03
814 2905 981 2964 regnorum
1006 2893 1183 2944 nostrorum
1214 2883 1347 2944 Romani
1379 2884 1487 2962 primo,
1519 2881 1703 2964 Hungariae

424 3003 455 3053 et
478 2993 665 3070 reliquorum
692 2994 791 3067 tertio,
815 2993 986 3053 Bohemiae
1011 3010 1086 3053 vero
1111 3011 1193 3053 anno
1216 2981 1338 3071 quarto}

468 3137 684 3196 Ferdinandus
708 3157 748 3198 m.
772 3156 801 3214 p.

897 3261 1081 3320 Valentinus
1106 3261 1236 3339 Leepes,
1261 3262 1378 3320 electus
1402 3260 1655 3339 archiepiscopus

1123 3367 1306 3427 Colocensis
1329 3389 1370 3429 m.
1393 3388 1422 3449 p.

1022 3494 1209 3554 Laurentius
1232 3494 1256 3552 F
1258 3494 1414 3569 erenczfly
1438 3513 1479 3554 m.
1502 3513 1530 3571 p.

532 3639 570 3697 ln
593 3639 733 3697 dorso:
757 3639 850 3697 Anno
866 3637 982 3696 domini
999 3637 1164 3697 millesimo
1180 3637 1408 3696 sexcentesimo
1423 3636 1575 3716 vigesimo
1588 3635 1697 3714 primo,

421 3754 604 3823 praesentes
628 3745 748 3804 litterae
773 3744 1005 3804 sacratissimae
1030 3762 1200 3804 caesareae
1225 3743 1395 3823 regiaeque
1419 3743 1592 3802 maiestatis
1624 3761 1700 3802 con·

423 3852 653 3924 firmationales,
678 3851 708 3910 in
733 3851 873 3930 generali
897 3850 1145 3930 congregatione
1169 3851 1386 3910 universorum
1409 3859 1547 3910 statuum
1562 3869 1601 3909 ac
1616 3849 1700 3908 ordi·

423 3978 496 4018 num
521 3977 690 4039 regnorum
714 3956 862 4017 Croatiae
886 3965 918 4016 et
941 3957 1136 4029 Sclauoniae,
1160 3958 1191 4016 in
1215 3957 1304 4037 regia
1327 3957 1426 4017 libera
1454 3957 1579 4018 civitate
1612 3957 1701 4016 Mon·

426 4065 647 4146 tisgraecensis
670 4065 902 4145 Zagrabiensis,
926 4083 982 4143 pro
1005 4063 1168 4144 trigesima
1191 4075 1222 4125 et
1245 4065 1313 4124 aliis
1345 4065 1547 4142 sequentibus
1576 4059 1702 4124 diebus¹

423 4174 597 4246 celebrata,
633 4173 755 4251 publice
791 4173 946 4233 exhibitae
982 4182 1014 4232 et
1047 4182 1269 4252 praesentatae
1303 4181 1384 4246 sunt,
1419 4172 1543 4232 nemine
1578 4179 1700 4232 contra·

422 4282 553 4344 dicente.

872 4404 1026 4484 Magister
1048 4404 1226 4483 Stephanus
1251 4405 1414 4465 Pathatich
1438 4406 1477 4465 de
1501 4407 1657 4482 Zayezda‚

1005 4513 1258 4590 prothonotarius
1282 4514 1371 4593 regni
1395 4534 1434 4572 m.
1459 4534 1487 4591 p.

527 4656 673 4726 Originale
692 4657 915 4720 membraneum,
935 4655 1036 4707 subtus
1050 4670 1217 4722 appressum
1231 4654 1363 4727 sigillum.
1382 4655 1413 4710 lu
1433 4655 1548 4712 archivo
1562 4670 1707 4709 commun.

421 4747 487 4800 nob.
507 4745 544 4798 de
562 4745 727 4813 Turopolje.

532 4872 539 4901 ¹
559 4871 666 4926 mensis
685 4871 806 4944 augusti.
