3934 5550
1497 402 1560 463 179

274 616 365 657 rosae
389 600 531 661 homines
555 602 684 663 sistendi
708 614 823 677 essent,
848 627 882 666 se
905 627 1034 669 movere
1066 612 1134 671 sine
1167 632 1258 673 mora
1290 634 1329 675 eo
1359 616 1488 695 possint
1523 620 1557 678 ln

275 704 393 784 reliquo
417 726 581 768 manemus
605 732 636 791 g.
661 710 690 770 d.
715 722 840 773 vestrae
864 714 984 776 amicus
1008 717 1226 795 paratissimus

1043 862 1162 925 Comes
1184 866 1333 927 Nicolaus
1356 868 1512 946 Erdeody.

381 978 611 1054 Keresztinecz,
635 978 665 1043 8.
689 983 763 1043 maii
791 980 883 1044 1687.

380 1124 423 1181 In
447 1124 587 1185 dorso:
611 1124 774 1186 Generoso
789 1128 914 1189 domino
930 1132 1024 1191 Petro
1036 1133 1175 1194 Vallicza
1191 1136 1280 1195 aliter
1293 1136 1553 1214 Szenkouachky,

273 1229 483 1291 universitatis
506 1231 655 1291 nobilium
678 1232 792 1311 Campi
815 1235 1040 1315 Zagrabiensis
1063 1240 1235 1319 Turopolia
1257 1241 1331 1302 dicti
1363 1244 1468 1303 comiti
1491 1252 1556 1304 ter-

276 1336 366 1396 restri
389 1344 456 1415 etc,
480 1338 582 1399 amico
605 1339 899 1406 observandissime.

378 1462 523 1533 Originale
536 1464 725 1531 chartaceum,
745 1482 761 1517 a
779 1472 861 1535 tergo
881 1469 1010 1534 appressi
1027 1469 1111 1539 sigilli
1122 1472 1282 1541 vestigium,
1296 1489 1354 1541 quo
1364 1472 1445 1526 litera
1458 1473 1553 1527 clausa

271 1558 339 1605 erat.
360 1552 391 1604 ln
411 1552 525 1605 archivo
545 1568 687 1607 commun.
707 1555 773 1608 nob.
794 1556 830 1608 de
850 1556 1013 1627 Turopolje.

860 1858 959 1926 120.

376 2056 467 2115 Anno
497 2053 587 2121 1687.
617 2056 769 2119 tamaii.
794 2058 827 2117 ln
852 2059 1001 2120 Molrricz.
1057 2132 1064 2145 .

267 2249 437 2315 Nicotaus
460 2250 627 2335 Erdeody,
649 2250 770 2330 danais,
794 2251 914 2315 comiti
937 2256 1018 2317 terr.
1042 2250 1167 2337 Campi
1187 2253 1371 2339 Turopolia
1395 2255 1549 2331 nmaidei,

267 2361 306 2423 ut
329 2358 483 2444 sequenti
504 2358 558 2423 die
573 2356 705 2424 sabbati
725 2358 881 2423 homines
906 2380 990 2423 satos
1011 2359 1059 2423 ad
1083 2358 1359 2426 Carolostadium
1382 2362 1548 2447 apodiat.

482 2558 643 2619 Generose
667 2558 791 2619 domine
816 2558 915 2618 amice
940 2557 1235 2622 observandissime.

373 2702 525 2763 Dominus
549 2704 775 2786 vicegeneralis
799 2704 1065 2765 Carlostadiensis
1084 2722 1191 2764 comes
1208 2724 1228 2763 a
1243 2704 1396 2783 Rabbata‚
1420 2706 1545 2766 nomine

266 2829 342 2870 suae
367 2812 540 2872 maiestatis
564 2812 794 2872 sacratissimae
828 2812 911 2892 apud
935 2831 986 2872 me
1009 2811 1084 2872 fecit
1113 2813 1303 2884 instantiam,
1326 2823 1482 2892 quatenus
1506 2815 1545 2875 ad

266 2920 515 2997 promovendum
548 2919 688 2979 eiusdem
720 2937 796 2979 suae
829 2919 1003 2979 maiestatis
1033 2920 1264 2982 sacratissimae
1289 2920 1459 2996 servitium,
1481 2930 1547 2982 tam

266 3025 364 3106 regni,
388 3047 481 3106 quam
505 3028 645 3102 banalas,
673 3047 710 3088 ac
734 3028 811 3088 alias
835 3026 893 3088 sub
918 3026 1128 3087 iurisdictione
1160 3047 1232 3088 mea
1263 3030 1432 3089 existentes
1461 3047 1545 3089 com·

265 3134 376 3212 panias
400 3145 431 3194 et
454 3135 575 3210 milites,
598 3154 656 3214 pro
679 3127 764 3196 certa
789 3135 911 3195 militari
943 3135 1149 3214 expeditione,
1173 3156 1269 3215 quam
1292 3137 1375 3196 idem
1399 3137 1544 3196 dominus

265 3243 492 3324 vicegeneralis
516 3243 621 3303 animo
645 3243 873 3322 praeconcepit,
897 3242 1140 3320 suppeditarem,
1157 3243 1318 3303 offerendo
1342 3261 1376 3302 se
1400 3243 1431 3302 in
1455 3243 1546 3303 simili

263 3351 429 3411 occasione
447 3351 511 3410 suis
528 3349 717 3410 confiniariis
738 3349 1011 3428 reciprocatorum,
1026 3350 1114 3409 cuius
1130 3351 1295 3409 instantiae
1312 3351 1414 3409 locum
1432 3350 1544 3425 dando,

263 3459 410 3519 mandavi
442 3467 507 3520 tam
538 3459 636 3538 regni,
670 3475 764 3536 quarn
788 3456 952 3516 banalibus
985 3457 1132 3516 militibus
1156 3457 1310 3535 equestris
1334 3467 1365 3516 et
1388 3457 1543 3535 pedestris

262 3566 388 3643 ordinis,
412 3575 447 3626 ut
469 3585 525 3644 pro
549 3567 599 3626 die
623 3564 746 3626 sabbati
769 3564 909 3644 proxime
926 3561 1082 3638 venturo¹‚
1099 3583 1169 3624 sese
1186 3565 1272 3642 apud
1287 3563 1542 3624 Carolostadium

262 3693 300 3734 ex
324 3675 384 3734 bac
408 3681 497 3752 parte
521 3672 658 3751 Colapis,
682 3673 734 3732 ubi
758 3679 807 3731 est
830 3671 941 3731 domus
968 3671 1125 3748 Zriniana,
1155 3691 1212 3751 pro
1243 3671 1409 3732 duodecim
1433 3671 1544 3731 diebus

263 3801 388 3842 annona
411 3783 528 3862 provisi
552 3781 671 3856 sistant,
695 3780 806 3860 quibus
829 3780 856 3840 si
879 3779 1024 3839 dominus
1048 3799 1154 3840 comes
1174 3779 1360 3839 Franciscus
1386 3779 1542 3854 Erdeody,

263 3891 289 3950 si
314 3908 462 3969 praeesse
486 3888 607 3969 poterit,
630 3889 710 3948 bene
734 3888 868 3968 quidem,
893 3887 940 3947 sin
964 3889 1075 3961 minus,
1099 3887 1242 3947 dominus
1266 3887 1449 3966 capitaneus
1479 3885 1542 3945 Ka·

265 3997 390 4059 menian
423 3997 508 4058 vices
540 3995 703 4076 supplebit.
735 3995 853 4055 Idcirco
885 4003 991 4054 vestra
1014 3995 1185 4054 dominatio
1208 4012 1364 4074 generosa
1388 4013 1462 4053 suos
1486 3994 1539 4053 ho·

262 4107 362 4166 mines
386 4107 427 4165 ad
451 4107 552 4164 locum
577 4102 852 4182 praedestinatum,
876 4111 907 4161 et
930 4122 987 4181 pro
1012 4102 1175 4162 duodecim
1196 4102 1306 4162 diebus
1324 4120 1449 4161 annona
1471 4119 1541 4179 pro·

265 4214 359 4289 visos,
385 4213 504 4292 absque
528 4211 612 4271 omni
635 4211 894 4291 tergiversatione
919 4220 950 4269 et
974 4210 1139 4270 renitentia
1165 4210 1317 4288 expediet,
1333 4229 1436 4288 neque
1451 4229 1543 4269 secus

260 4321 363 4381 lacere
388 4326 576 4399 praesumat.
600 4319 632 4378 In
657 4317 776 4396 reliquo
799 4318 910 4380 valeat

368 4445 550 4505 Generosae
574 4443 793 4504 dominationis
818 4450 941 4503 vestrae

1128 4568 1247 4627 amicus
1270 4577 1399 4645 paratus

1028 4676 1145 4736 Comes
1169 4675 1318 4734 Nicolaus
1340 4674 1496 4750 Erdeody.

373 4787 521 4862 Molaria,
550 4787 597 4848 12.
622 4786 696 4845 maii
723 4782 815 4847 1687.
872 4829 876 4838 .

372 4915 415 4990 ln
439 4914 579 4986 dorso:
604 4913 767 4972 Generoso
783 4912 910 4972 domino
925 4913 1018 4971 Petro
1032 4912 1160 4972 Valicza
1176 4911 1264 4972 aliter
1280 4909 1541 4984 Szenlrouachky,

1437 5030 1451 5060 ⁸
