3934 5550
418 420 484 482 560

415 636 601 694 necessariis
641 636 724 695 vitae
760 637 871 695 mediis
906 636 1070 714 privasset,
1106 614 1271 709 consortia,
1301 636 1400 712 ludos,
1436 638 1701 716 congregationes

415 741 594 816 diabolicas,
628 744 821 823 aliarumque
853 762 1003 823 sagarum
1027 743 1265 822 frequentasset,
1290 752 1455 822 praeterea
1479 745 1618 822 pluribus
1642 747 1697 805 ho·

416 849 560 925 minibus,
583 852 705 912 tenellis
729 851 868 930 prolibus
892 859 923 910 et
945 851 1130 929 peccoribus
1154 869 1211 929 per
1227 851 1380 911 eiusmodi
1396 851 1583 912 diabolicam
1599 861 1700 914 artem

416 964 447 1016 et
470 957 724 1018 infascinationes
749 958 916 1033 nocuisset,
939 958 1078 1037 quinimo
1110 958 1204 1018 etiam
1229 977 1246 1017 e
1270 958 1350 1017 vivis
1383 959 1569 1034 sustulisset,
1601 968 1633 1020 et
1659 980 1700 1020 ne

416 1063 479 1123 fors
502 1066 607 1143 plures
631 1066 800 1144 complices
824 1085 899 1126 suas
923 1084 1021 1137 sagas
1038 1067 1078 1126 ad
1095 1067 1228 1126 eandem
1246 1067 1454 1126 exercendam
1470 1066 1699 1145 professionem

418 1180 449 1231 et
480 1173 583 1232 scelus
614 1173 849 1252 practicandum
882 1173 1052 1254 adegisset,
1084 1174 1293 1251 compulisset,
1323 1174 1539 1252 persvasisset,
1563 1174 1699 1235 induxis·

418 1288 537 1358 satque,
561 1279 696 1359 denique
728 1281 864 1340 animam
889 1289 920 1340 et
943 1299 1057 1360 corpus
1080 1280 1290 1341 infensissimo
1314 1281 1442 1342 humani
1465 1281 1592 1362 generis
1615 1283 1698 1342 hosti

417 1386 542 1447 diabolo
565 1387 768 1462 immolasset,
791 1388 955 1467 taliterque
979 1407 1014 1447 se
1039 1406 1148 1454 veram
1171 1395 1203 1448 et
1226 1387 1423 1448 manifestam
1447 1407 1561 1468 sagam
1584 1390 1696 1450 eadem

415 1495 446 1554 in
470 1514 599 1555 causam
628 1504 761 1556 attracta
785 1496 952 1571 effecisset,
983 1515 1119 1574 poenam
1152 1497 1224 1576 lege
1247 1495 1354 1555 divina
1378 1504 1408 1556 et
1432 1497 1570 1556 humana
1593 1515 1700 1576 super-

414 1603 486 1664 inde
510 1604 663 1664 sancitam
686 1606 844 1664 incurrere
869 1603 953 1663 haud
977 1602 1184 1666 formidando.

524 1711 693 1771 Praeterea
718 1710 848 1790 proinde
864 1711 1075 1770 mentionatus
1091 1710 1207 1770 fiscalis
1231 1718 1263 1770 et
1286 1717 1381 1784 actor,
1404 1711 1515 1792 vigore
1539 1708 1696 1791 generalis

414 1818 506 1898 regni
529 1819 656 1892 decreti,
680 1819 874 1897 aliarumque
891 1819 998 1899 legum
1013 1837 1106 1896 super
1123 1819 1276 1878 eiusmodi
1296 1818 1466 1878 attrocibus
1491 1817 1612 1879 delictis
1637 1827 1698 1878 sta·

415 1933 562 1996 tutarum,
574 1926 708 2004 praevia
723 1926 863 2006 legitima
884 1925 1106 1986 certificatione
1120 1926 1210 1986 toties
1223 1925 1320 1986 fatam
1337 1926 1368 1985 in
1384 1944 1513 1986 causam
1532 1933 1699 1985 attractam

416 2033 447 2092 in
463 2032 512 2092 ius
529 2041 561 2092 et
578 2051 769 2113 causamque
787 2033 963 2107 convenire,
981 2051 1018 2092 ac
1043 2032 1081 2092 de
1106 2034 1218 2093 eadem
1241 2033 1389 2092 iudicium
1413 2042 1444 2093 et
1467 2033 1615 2092 iustitiam
1639 2031 1698 2092 sibi

417 2140 563 2218 impendi,
593 2142 726 2202 eandem
758 2139 903 2200 videlicet
936 2141 967 2200 in
1000 2159 1129 2200 causam
1154 2148 1319 2201 attractam
1343 2141 1384 2200 ad
1407 2127 1587 2220 detegenda
1610 2141 1697 2218 plura

416 2248 477 2308 alia
511 2248 623 2308 similia
659 2266 715 2326 per
749 2249 881 2308 eandem
906 2256 1086 2327 perpetrata
1118 2257 1149 2308 et
1172 2248 1339 2310 commissa
1364 2249 1494 2322 scelera,
1529 2249 1697 2328 pluresque

415 2355 583 2433 complices
614 2356 809 2429 revelandos,
840 2355 968 2434 praevie
1004 2363 1143 2414 torturae
1174 2355 1293 2428 subiici,
1317 2365 1428 2435 expost
1451 2374 1526 2416 vero
1550 2355 1609 2434 ipsi
1632 2354 1698 2434 qui·

415 2464 487 2523 dem
511 2463 543 2522 in
559 2464 759 2542 promeritam
772 2481 916 2543 poenam,
934 2463 1065 2543 aliisque
1082 2481 1156 2523 vero
1173 2463 1318 2524 horribile
1342 2463 1374 2523 in
1391 2463 1568 2540 exemplum
1592 2463 1697 2523 vivam

417 2589 496 2650 rogo
520 2572 793 2647 concremandam,
817 2572 867 2631 vel
891 2578 984 2649 prout
1007 2570 1066 2629 iuri
1089 2569 1190 2630 visum
1214 2570 1306 2630 luerit
1329 2570 1422 2630 morti
1438 2569 1608 2633 adiudicari
1624 2571 1696 2650 lege

415 2677 505 2758 regni
529 2686 561 2738 et
584 2678 741 2738 communi
765 2678 881 2739 iustitia
905 2679 950 2738 sic
973 2677 1246 2756 praecipientibus.
1285 2676 1402 2738 Datum
1425 2678 1503 2737 Also
1518 2677 1695 2750 Lulrauecz,

419 2787 469 2847 die
493 2787 601 2866 quinta
624 2788 741 2847 mensis
765 2787 954 2861 novembris,
978 2806 1061 2847 anno
1089 2784 1182 2849 1733.

837 2932 899 2991 Per
921 2949 972 2990 me
996 2929 1164 2989 Matthiam
1187 2930 1313 3005 Mixich,
1337 2932 1538 2992 substitutum
1562 2950 1601 2994 m.
1625 2952 1654 3011 p.

523 3093 569 3153 ln
603 3094 756 3153 dorso:
788 3124 829 3137 -—
859 3091 893 3152 F.
927 3125 967 3134 -
1001 3089 1164 3170 Originale
1197 3090 1328 3151 actionis
1359 3092 1475 3153 fiscalis
1508 3099 1539 3152 et
1572 3090 1696 3167 actoris,

418 3208 527 3262 contra
558 3208 590 3259 et
621 3200 774 3259 adversus
805 3198 979 3258 Barbaram
1012 3198 1059 3268 N,
1091 3207 1269 3259 consortem
1299 3218 1375 3259 vero
1407 3198 1532 3259 loannis
1565 3198 1700 3279 Bogdan

418 3309 507 3369 aliter
530 3303 706 3383 Funinielr¹,
736 3307 833 3367 veluti
863 3306 957 3366 modo
989 3305 1221 3366 introdenotato
1253 3324 1365 3387 sagam
1390 3306 1475 3366 etin
1499 3324 1629 3367 causam
1654 3313 1699 3365 at·
1739 3310 1744 3324 '

421 3422 563 3476 tractam.
590 3414 756 3473 Terminus
786 3414 943 3492 praefixus
966 3413 999 3472 in
1023 3414 1151 3473 castello
1183 3414 1351 3474 Lulrauecz
1374 3432 1431 3491 pro
1455 3414 1505 3474 die
1530 3410 1582 3476 23.
1606 3412 1701 3472 modo

425 3522 577 3582 currentis
602 3522 719 3582 mensis
743 3520 922 3580 novembris
950 3516 1043 3581 1733.

1091 3628 1152 3688 Per
1175 3629 1310 3689 eundem
1333 3628 1534 3689 substitutum
1557 3648 1597 3690 m.
1621 3647 1650 3706 p.

527 3769 603 3823 ‘sic

988 3844 1003 3875 s
1049 3888 1064 3919 *
1111 3844 1125 3877 a

524 4058 616 4119 Actio
640 4058 785 4138 generosi
809 4057 961 4117 Matthiae
986 4058 1123 4133 Mudich,
1147 4077 1210 4136 qua
1233 4058 1367 4135 inclytae
1391 4057 1559 4119 nobilitatis
1583 4056 1700 4136 Campi

418 4166 598 4244 Turopolya
621 4165 735 4225 fiscalis
759 4174 791 4225 et
816 4165 938 4239 actoris,
962 4172 1072 4225 contra
1096 4174 1127 4225 et
1151 4166 1305 4225 adversus
1330 4167 1506 4227 Barbaram
1532 4164 1698 4227 Uukouich

418 4273 548 4353 Georgii
581 4272 752 4333 Ladessich
783 4273 872 4332 aliter
903 4273 1020 4333 Mitucz
1052 4282 1238 4347 consortem,
1271 4274 1366 4335 veluti
1398 4273 1579 4334 modalitate
1613 4272 1705 4332 infra·

418 4380 533 4458 scripta
556 4398 668 4459 sagam
698 4380 784 4439 etin
810 4398 940 4440 causam
964 4387 1140 4452 attractam,
1165 4380 1332 4440 occasione
1357 4390 1387 4440 et
1411 4388 1576 4459 praetextu
1599 4380 1701 4441 diver-

418 4506 524 4547 sorum
556 4494 682 4546 actuum
714 4486 910 4565 magicorum
942 4505 999 4564 per
1031 4488 1164 4547 eandem
1198 4488 1229 4547 in
1264 4505 1392 4546 causam
1428 4495 1594 4548 attractam
1625 4506 1701 4548 vero
1750 4508 1753 4519 ·

418 4604 666 4674 perpetratorum
691 4603 722 4653 et
745 4593 825 4653 infra
849 4594 975 4654 uberius
1000 4595 1255 4672 exponendorum
1280 4604 1366 4655 mota
1390 4603 1421 4655 et
1445 4603 1559 4658 erecta.

528 4702 671 4778 Qualiter
701 4700 846 4761 nimirum
868 4703 1140 4779 praementionata
1163 4702 1194 4761 in
1219 4721 1348 4763 causam
1373 4711 1515 4777 attracta,
1539 4703 1701 4783 ignoratur

419 4811 501 4869 unde
525 4819 618 4884 mota,
642 4828 746 4889 quove
771 4809 925 4868 diabolico
949 4819 980 4869 et
1004 4810 1143 4889 maligno
1169 4811 1277 4887 spiritu
1302 4812 1343 4870 ad
1367 4812 1399 4871 id
1422 4812 1548 4870 inductu
1573 4818 1604 4870 et
1628 4829 1699 4869 con·

419 4916 522 4989 citata,
553 4916 727 4994 postposito
758 4916 809 4975 dei
839 4915 1062 4995 hominumque
1086 4916 1206 4991 timore,
1232 4917 1429 4997 iustitiaeque
1453 4936 1490 4977 ac
1514 4919 1622 4998 legum
1645 4936 1697 4995 pa·
