3934 5550
1555 421 1621 484 407.

445 631 466 693 4
498 632 618 695 Nobilis
641 632 820 713 Stephanus
843 634 976 714 Vagych
1000 634 1095 694 habet
1118 634 1245 696 domum
1266 637 1391 709 bonam,
1415 637 1550 697 ambitus
1574 637 1618 697 in·

338 739 425 821 diget
448 750 532 801 tecto
556 750 587 802 et
610 742 687 814 basi,
719 742 864 802 horreum
889 742 1015 815 bonum,
1044 742 1139 803 haras
1162 744 1365 825 biangulares
1391 764 1491 805 novas
1521 745 1620 805 bonas

338 848 379 907 ad
402 845 423 907 4
447 850 607 909 clausuras
640 848 706 909 sine
737 850 820 909 bono
852 850 1034 928 pavimento
1066 850 1210 925 interiori,
1239 852 1333 912 haras
1369 852 1526 913 maialium
1562 871 1616 912 an-

337 955 441 1035 tiquas
465 956 642 1037 indigentes
666 958 871 1036 reparatione,
903 977 1061 1018 cameram
1086 960 1127 1019 ad
1151 958 1171 1019 3
1194 961 1357 1021 clausuras
1387 980 1487 1022 novas
1518 961 1618 1021 bonas

337 1063 478 1141 pulcras;
501 1064 576 1125 item
600 1083 758 1125 cameram
772 1065 917 1125 frumenti
941 1066 981 1127 ad
1005 1085 1100 1127 unam
1116 1068 1293 1128 clausuram
1316 1068 1441 1142 bonam,
1457 1068 1616 1129 fornacem

335 1189 405 1232 cum
431 1172 533 1231 culina
556 1173 671 1232 bonam
695 1181 727 1233 et
750 1174 835 1233 bono
850 1181 933 1233 tecto
949 1176 1118 1254 provisam,
1141 1183 1253 1254 puteus
1277 1195 1340 1236 non
1364 1177 1394 1237 in
1418 1177 1501 1236 bono
1525 1183 1617 1250 statu,

332 1280 443 1339 domus
468 1279 585 1340 fabrilis
610 1279 739 1359 antiqua
762 1300 824 1339 non
849 1280 987 1341 inbono
1011 1290 1102 1341 statu

437 1386 467 1449 5.
491 1387 613 1449 Nobilis
636 1388 770 1448 loannes
794 1388 916 1469 Evang.
932 1390 1067 1469 Vagych
1090 1391 1187 1449 habet
1209 1391 1335 1451 domum
1361 1390 1520 1469 antiquam
1544 1398 1616 1469 post

329 1494 445 1574 aliquot
462 1513 561 1555 annos
578 1496 775 1574 reparatione
792 1494 953 1575 indigebit,
976 1515 1060 1555 nunc
1075 1514 1132 1575 pro
1149 1497 1268 1556 ambitu
1283 1497 1503 1557 necessitatem
1526 1515 1611 1557 asse·

329 1620 397 1661 rum
432 1602 537 1679 habet,
571 1598 716 1663 horieum
748 1602 908 1681 antiquum
945 1602 1112 1679 mediocre,
1157 1604 1252 1664 haras
1295 1603 1474 1663 animalium
1515 1604 1556 1663 ad
1594 1601 1614 1661 4

330 1711 490 1769 clausuras
515 1709 658 1790 antiquas
682 1710 712 1769 in
736 1710 819 1770 bono
843 1718 926 1769 statu
949 1710 1018 1770 sine
1045 1711 1225 1789 pavimento
1248 1711 1340 1784 bono,
1364 1728 1523 1770 cameram
1546 1710 1607 1769 fru-

332 1816 427 1877 menti
451 1817 583 1891 bonam;
607 1817 681 1877 item
705 1825 776 1896 post
799 1817 926 1877 domum
943 1835 1102 1877 cameram
1121 1818 1162 1877 ad
1178 1836 1272 1879 unam
1288 1818 1465 1877 clausuram
1487 1817 1614 1891 bonam,

331 1925 490 1984 lomacem
514 1923 683 2003 pistoream
707 1925 774 1985 sine
798 1926 881 1986 bono
905 1934 998 2000 tecto,
1021 1934 1133 2003 puteus
1158 1926 1332 1986 mediocris.

437 2029 468 2092 6.
492 2032 612 2092 Nobilis
642 2034 822 2111 Stephanus
854 2035 1059 2094 Trumbetnss
1082 2034 1178 2092 habet
1201 2034 1327 2094 domum
1352 2034 1468 2094 bonam
1491 2034 1523 2094 in
1547 2055 1612 2096 am·
1714 2049 1716 2054 '

330 2140 397 2199 bitu
428 2158 498 2199 cum
530 2140 664 2199 molibus
699 2141 857 2201 asseribus
888 2160 951 2200 non
982 2141 1098 2201 bonum
1121 2149 1250 2215 tectum,
1280 2141 1482 2222 loenilegium
1505 2142 1536 2202 in
1560 2162 1610 2202 co·

329 2248 443 2309 lumnis
475 2246 506 2323 8,
539 2248 621 2308 circa
652 2250 768 2308 circum
801 2249 959 2308 asseribus
983 2257 1014 2308 et
1049 2248 1198 2327 vepribus
1230 2250 1408 2325 obductum,
1443 2250 1537 2327 haras
1570 2251 1611 2310 ad

329 2356 491 2416 clausuras
522 2355 543 2415 2
575 2356 606 2415 in
637 2363 721 2415 statu
752 2355 901 2416 mediocri
932 2355 1001 2416 sine
1032 2356 1221 2436 pavimento,
1258 2375 1416 2417 cameram
1449 2358 1609 2437 antiquam

329 2464 370 2523 ad
402 2464 482 2524 duas
514 2472 622 2543 portas
653 2464 684 2524 in
715 2472 799 2524 statu
830 2464 921 2540 bon0,
953 2464 1113 2524 lomacem
1141 2465 1267 2539 bonam,
1289 2484 1383 2525 secus
1405 2465 1437 2524 in
1461 2466 1610 2527 mediocri

328 2580 411 2631 statu
435 2572 466 2632 in
489 2580 581 2634 tecto.

435 2679 463 2742 7.
495 2680 648 2741 Providus
678 2680 827 2741 Nicolaus
859 2679 1075 2753 Thomassich,
1110 2680 1239 2740 colonus
1273 2680 1457 2761 perillustris
1491 2680 1608 2741 domini

327 2790 496 2850 assessoris
520 2789 664 2864 Milrsich,
679 2790 774 2849 habet
798 2790 923 2850 domum
939 2791 1050 2850 saltem
1067 2788 1201 2868 primum
1224 2788 1399 2848 cubiculum
1416 2796 1448 2848 et
1461 2789 1522 2848 hoc
1538 2807 1607 2866 pro-

326 2897 443 2956 ximum
465 2897 582 2972 ruinae,
598 2897 693 2956 haras
718 2895 758 2956 ad
782 2897 861 2956 duas
884 2896 1046 2956 clausuras
1069 2896 1100 2956 in
1124 2895 1274 2955 mediocri
1290 2904 1372 2956 statu
1396 2903 1468 2974 post
1492 2895 1609 2974 aliquot

326 3023 425 3064 annos
448 3002 577 3063 basibus
600 3002 763 3084 indigebit.

431 3107 460 3170 8.
492 3109 645 3170 Providus
674 3111 823 3170 Nicolaus
855 3110 1060 3171 Gallelrovich
1091 3109 1221 3170 Kolibar
1252 3109 1363 3187 dictus,
1390 3109 1519 3170 domum
1553 3129 1606 3170 an-

324 3219 440 3299 tiquam
472 3219 503 3278 in
533 3217 647 3278 misero
680 3227 771 3292 statu,
802 3219 977 3279 horreolum
1015 3217 1176 3296 antiquum
1199 3236 1316 3298 magna
1340 3217 1537 3297 reparatione
1561 3218 1606 3277 in·

326 3327 447 3409 digens,
490 3330 585 3388 haras
616 3327 656 3386 ad
687 3327 767 3386 duas
805 3326 966 3386 clausuras
1011 3326 1155 3404 antiquas
1184 3324 1313 3384 basibus
1345 3332 1377 3384 et
1407 3325 1606 3404 reparatione

324 3436 511 3517 indigentes.

430 3540 460 3605 9.
483 3542 604 3603 Nobilis
620 3543 798 3620 Stephanus
821 3540 1008 3601 Svastovich
1030 3541 1126 3600 hahet
1149 3539 1276 3599 domum
1301 3539 1460 3619 antiquam
1484 3540 1515 3599 in
1539 3559 1605 3600 me·

327 3650 425 3710 diocri
448 3657 540 3724 statu,
564 3650 709 3710 horreum
733 3649 892 3728 antiquum
914 3648 1007 3726 plane
1031 3666 1069 3707 ex
1093 3666 1156 3706 una
1179 3655 1269 3725 parte
1291 3646 1457 3722 ruinatum,
1481 3666 1519 3706 ex
1544 3647 1605 3706 alia

327 3758 447 3833 melius,
470 3759 526 3818 sed
550 3775 613 3816 non
636 3776 674 3815 ex
698 3755 789 3815 bonis
812 3754 983 3829 roboribus,
1008 3755 1088 3815 adeo
1111 3773 1194 3813 novo
1218 3753 1387 3835 indigebit;
1410 3754 1485 3814 item
1510 3755 1604 3814 haras

323 3866 470 3946 antiquas
495 3867 535 3927 ad
559 3863 579 3924 3
596 3867 764 3940 clausuras,
779 3863 908 3924 basibus
932 3863 1110 3943 indigentes
1126 3869 1157 3921 et
1171 3862 1361 3940 paviment0,
1380 3879 1539 3921 cameram
1564 3861 1604 3921 ad

324 3976 403 4036 duas
427 3983 534 4054 portas
558 3993 672 4034 novam
690 3975 830 4054 pulcram
847 3972 992 4033 omnibus
1007 3971 1183 4049 provisam3
1207 3969 1281 4029 item
1298 3987 1425 4030 camera
1440 3968 1604 4029 Michaelis

322 4083 446 4163 privata
468 4101 552 4144 nova
576 4084 733 4143 adunam
758 4089 881 4160 portam
904 4076 1032 4153 bonam,
1046 4078 1205 4138 fornacem
1229 4077 1398 4156 pistoream
1415 4077 1604 4138 mediocrem

323 4192 389 4253 sine
414 4194 495 4252 bono
519 4199 611 4266 tecto,
645 4198 757 4270 puteus
782 4189 811 4249 in
837 4189 920 4248 bono
944 4195 1027 4248 statu

434 4298 481 4359 10.
494 4298 589 4358 Curia
602 4297 784 4376 perillustris
796 4315 833 4356 ac
846 4294 992 4376 generosi
1002 4293 1119 4354 domini
1130 4293 1253 4372 losephi
1266 4292 1410 4369 Miksich,
1424 4291 1605 4367 assessoris,

322 4414 370 4467 est
392 4405 584 4486 biangularis
602 4405 736 4484 antiqua,
761 4401 813 4462 ubi
829 4403 868 4462 ab
892 4401 1055 4462 occidente
1067 4409 1099 4460 et
1114 4401 1336 4479 septemtrione
1358 4399 1487 4460 basibus
1501 4399 1604 4471 bonis,

320 4522 405 4574 tecto
436 4532 474 4572 ex
506 4512 610 4590 aliqua
640 4519 729 4590 parte
759 4511 889 4589 perpluo
922 4508 1057 4587 provisa,
1087 4526 1180 4567 secus
1203 4507 1234 4567 in
1257 4506 1405 4567 mediocri
1429 4514 1521 4581 statu,
1545 4524 1602 4583 pro

320 4640 384 4701 qua
415 4620 501 4679 curia
531 4620 671 4698 tegenda
700 4617 795 4677 habet
826 4636 950 4678 asseres
982 4617 1075 4677 fissos
1101 4617 1175 4680 Nro.
1207 4611 1302 4674 3600.
1326 4614 1431 4674 Habet
1454 4613 1600 4672 horreum

321 4729 438 4788 bonum
454 4735 527 4807 post
550 4727 668 4806 aliquot
683 4745 783 4786 annos
799 4726 927 4786 basibus
951 4726 1106 4806 indigens,
1123 4724 1278 4784 stabulum
1303 4722 1343 4781 ad
1366 4741 1461 4782 unam
1478 4727 1601 4800 portam

320 4837 403 4896 bono
436 4835 584 4896 assericio
615 4843 697 4893 tecto
729 4833 898 4912 provisum,
929 4851 1027 4912 penes
1051 4831 1148 4891 habet
1178 4850 1234 4910 pro
1258 4830 1364 4889 vaccis
1387 4847 1425 4888 ex
1448 4829 1596 4906 vepribus

322 4945 464 5005 harulam
497 4943 621 5016 iactam,
654 4941 756 5000 culina
787 4943 818 5001 in
851 4949 933 5000 statu
960 4941 1044 4998 bono
1068 4939 1134 4998 sine
1158 4938 1241 4997 bono
1265 4945 1356 5009 tecto,
1387 4935 1546 4996 fornacem
1569 4935 1601 4994 in
