3934 5550
1538 441 1604 503 237

322 658 534 736 praelatorum
558 660 648 740 regni
672 662 768 719 nostri
792 660 979 721 Sclauoniae
1012 661 1228 722 universorum
1244 668 1381 721 statuum
1405 670 1437 719 et
1459 659 1603 719 ordinum

321 766 492 843 articulum,
525 788 587 827 non
612 768 751 846 abrasas,
776 788 837 827 non
862 770 1051 829 cancellatas
1082 769 1195 829 necin
1219 769 1323 848 aliqua
1355 770 1403 829 sui
1434 776 1522 847 parte
1550 788 1601 826 su·

320 881 454 951 spectas,
484 874 541 935 sed
572 875 655 935 omni
687 894 815 953 prorsus
850 876 925 935 vitio
949 885 980 936 et
1004 876 1176 955 suspitione
1208 885 1360 951 carentes,
1383 875 1601 955 praesentibus

319 980 415 1041 literis
438 982 553 1043 nostris
576 982 682 1043 itidem
703 982 948 1063 privilegialibus
973 986 1012 1044 de
1035 984 1133 1045 verbo
1156 986 1197 1044 ad
1221 984 1352 1044 verbum
1374 984 1442 1043 sine
1466 983 1600 1043 diminu-

319 1088 402 1148 tione
426 1096 458 1147 et
482 1097 654 1169 augmento
679 1089 804 1169 aliquali
836 1090 970 1151 insertas
1004 1098 1036 1151 et
1068 1091 1242 1171 inscriptas,
1273 1093 1378 1170 quoad
1408 1108 1518 1151 omues
1550 1108 1600 1149 ea-

319 1198 448 1259 rundem
482 1206 513 1257 et
536 1198 676 1259 eiusdem
706 1199 921 1272 continentias
946 1200 1102 1261 clausulas
1125 1208 1157 1259 et
1180 1200 1335 1274 articulos,
1359 1208 1498 1276 eatenus,
1522 1219 1599 1279 qua·

318 1314 410 1366 tenus
442 1306 573 1367 eaedem
606 1316 637 1366 et
667 1306 748 1367 idem
781 1307 838 1367 rite
870 1318 901 1367 et
932 1309 1070 1389 legitime
1094 1308 1230 1369 existunt
1253 1317 1420 1369 emanatas
1443 1317 1475 1368 et
1498 1316 1599 1368 extra·

319 1417 423 1489 datae,
455 1414 635 1494 viribusque
668 1416 838 1477 earundem
871 1425 901 1477 et
933 1417 1074 1478 eiusdem
1097 1418 1213 1477 veritas
1236 1418 1436 1497 suffragatur,
1460 1436 1498 1477 ac
1521 1416 1546 1475 si
1571 1424 1602 1475 et

317 1522 348 1583 in
372 1529 523 1601 quantum
544 1522 638 1583 iidem
661 1524 754 1583 unius
777 1524 925 1584 sessionis
950 1522 1063 1603 Campi
1087 1524 1309 1605 Zagrabieusis
1333 1524 1502 1603 Turopolia
1528 1523 1602 1584 dicti

318 1632 406 1711 regni
430 1630 527 1691 nostri
558 1632 745 1692 Sclauoniae
778 1632 906 1707 nobiles,
937 1633 967 1693 in
990 1633 1292 1713 praerecensitorum
1322 1634 1480 1714 regiorum
1509 1633 1600 1712 privi-

317 1740 470 1820 legiorum
502 1740 649 1801 continuo
680 1760 738 1801 usu
762 1740 923 1820 hucusque
948 1742 1157 1820 perstiterunt,
1181 1749 1213 1801 et
1236 1742 1330 1803 modo
1352 1760 1478 1821 quoque
1501 1740 1597 1819 persi·

318 1856 411 1924 stunt,
433 1856 528 1922 ratas,
562 1856 670 1929 gratas
704 1856 734 1908 et
758 1857 888 1927 accepta
912 1849 1073 1924 babentes,
1097 1850 1348 1929 approbavimus,
1372 1848 1598 1925 roboravimus,

318 1955 551 2029 ratificavimus,
577 1974 614 2015 ac
637 1955 805 2035 supralatio
833 1956 925 2017 unius
949 1956 1099 2017 sessionis
1122 1956 1235 2035 Campi
1259 1956 1428 2035 Turopolia
1444 1955 1599 2015 universis

321 2071 352 2123 et
376 2064 507 2143 singulis
539 2064 701 2137 nobilibus
733 2064 966 2143 eorundemque
998 2064 1140 2143 posteris,
1163 2064 1352 2124 haeredibus
1376 2072 1407 2123 et
1438 2077 1599 2123 successo·

316 2170 400 2231 ribus
425 2172 578 2231 universis
602 2170 796 2245 innovantes,
820 2179 971 2250 perpetuo
1001 2172 1149 2232 valituras
1172 2172 1311 2252 gratiose
1335 2171 1600 2246 confirmavimus,

319 2279 381 2338 imo
417 2286 626 2357 acceptamus,
661 2280 880 2358 approbamus,
915 2280 1108 2356 roboramus,
1141 2279 1395 2359 ratificamusque
1426 2287 1458 2339 et
1489 2280 1599 2339 conflr-

320 2404 451 2467 mamus‚
487 2388 575 2446 salvo
610 2388 676 2447 iure
709 2388 819 2462 alieno,
850 2388 960 2448 harum
985 2396 1162 2448 nostrarum
1194 2396 1315 2448 secreto
1344 2387 1446 2467 sigillo
1483 2394 1599 2461 nostro,

316 2514 379 2573 quo
402 2503 436 2555 ut
460 2514 514 2555 rex
537 2495 721 2577 Hungariae
738 2496 853 2555 utimur
869 2496 1061 2575 impendenti
1077 2496 1346 2570 communitatum,
1362 2495 1472 2576 vigore
1495 2505 1527 2556 et
1550 2505 1596 2555 te·

316 2602 461 2663 stimonio
477 2603 643 2665 literarum.
668 2604 784 2663 Datum
807 2622 864 2683 per
887 2624 999 2664 manus
1022 2605 1123 2664 fidelis
1145 2604 1245 2663 nostri
1266 2602 1357 2663 nobis
1380 2603 1484 2663 dilecti
1505 2622 1593 2664 reve·

315 2710 404 2771 rendi
437 2710 574 2771 Ladislai
606 2710 883 2790 Mattyassowsky,
908 2711 1046 2793 episcopi
1069 2711 1256 2786 Nittriensis,
1279 2710 1402 2791 locique
1434 2718 1466 2771 et
1497 2711 1591 2770 ‹tomi-

317 2827 400 2879 tatus
425 2818 564 2880 eiusdem
589 2819 727 2898 supremi
751 2839 789 2880 ac
812 2821 954 2899 perpetui
974 2821 1104 2893 comitis,
1129 2819 1296 2880 consiliarii
1319 2820 1426 2895 nostri,
1450 2827 1481 2880 et
1505 2821 1595 2880 aulae

314 2936 440 2988 nostrae
465 2946 521 3006 per
543 2927 740 3008 Hungariam
759 2927 944 3003 cancellarii,
968 2929 1000 2988 in
1023 2927 1148 2988 civitate
1172 2937 1280 2988 nostra
1302 2927 1425 2987 Vienna
1443 2927 1596 3001 Austriae,

315 3035 366 3095 die
390 3035 576 3095 duodecima
600 3035 717 3094 mensis
741 3035 925 3109 decembris,
950 3055 1033 3096 anno
1057 3035 1173 3097 domiui
1197 3035 1360 3095 millesimo
1383 3035 1596 3114 septingente-

315 3141 394 3200 simo
418 3141 518 3216 tertio,
542 3162 711 3223 regnorum
741 3153 917 3204 nostrorum
949 3143 1082 3205 Romani
1112 3144 1356 3224 quadragesimo
1388 3152 1484 3215 sexto,
1509 3143 1595 3203 Hun-

315 3248 424 3328 gariae
449 3257 480 3308 et
504 3249 692 3329 reliquorum
715 3252 873 3326 XLVllll.,
897 3253 1067 3312 Bohemiae
1091 3271 1167 3312 vero
1192 3271 1274 3312 anno
1297 3252 1417 3312 XLVll.

404 3393 581 3472 Leopoldus
606 3413 645 3456 m.
671 3414 699 3472 p.

885 3505 1051 3564 Ladislaus
1074 3503 1338 3582 Matyassowsky,
1361 3505 1529 3584 episcopus

1075 3612 1240 3673 Nitriensis
1265 3633 1305 3676 m.
1328 3635 1358 3693 p.

976 3720 1161 3782 Franciscus
1184 3722 1326 3802 Somogy
1350 3741 1390 3783 m.
1413 3741 1443 3800 p.

418 3855 564 3928 Originale
584 3861 797 3914 membraneum
826 3862 854 3914 in
875 3862 966 3916 lorma
984 3862 1070 3916 libelli
1089 3863 1251 3917 conlectum
1271 3862 1299 3931 (6
1318 3862 1406 3930 solio),
1425 3879 1442 3916 a
1460 3879 1532 3916 aona
1550 3879 1594 3916 sc-

311 3947 386 4000 ricea
406 3947 494 4026 nigri,
523 3949 607 4015 rubri,
635 3950 762 4016 violacei,
790 3951 846 4005 albi
874 3959 903 4005 et
930 3952 994 4006 llavi
1022 3953 1125 4008 coloris
1153 3954 1260 4023 pendet
1279 3952 1409 4025 sigillum.
1429 3954 1460 4008 ln
1479 3953 1594 4008 archivo

310 4051 451 4090 commun.
472 4039 536 4091 nob.
557 4039 593 4092 de
612 4039 773 4109 Turopolia.

423 4162 430 4190 ¹
451 4165 601 4232 scriptum:
623 4165 869 4222 ›benemoratae‹.

415 4646 508 4707 Anno
536 4645 628 4710 1707.
654 4658 725 4710 ante
750 4649 779 4710 4.
804 4649 887 4709 maii.

415 4843 608 4904 Universitas
644 4845 790 4906 nobilium
828 4847 941 4926 Campi
974 4850 1165 4928 Turopolia,
1200 4853 1332 4914 statibus
1367 4863 1398 4914 et
1432 4855 1591 4914 ordinibus

306 4951 395 5032 regni
419 4951 566 5012 Croatiae
590 4955 717 5032 exponit
749 4955 924 5034 querulose,
948 4957 1081 5036 qualiter
1113 4978 1288 5039 generosus
1310 4962 1444 5022 loannes
1468 4963 1590 5042 Vzolin‚
