3934 5550
1480 391 1544 472 aar

266 608 463 681 convixisset,
495 608 557 668 imo
588 628 659 668 cum
689 608 757 667 aliis
792 608 993 686 complicibus
1026 609 1090 668 suis
1123 609 1163 668 ad
1195 609 1335 670 eiusdem
1361 610 1546 670 detestantis

265 715 392 776 sceleris
424 715 485 775 reis
516 715 575 775 sihi
607 715 779 794 peroptime
812 715 902 792 notiS,
927 735 963 775 ac
988 735 1045 774 suo
1069 716 1146 790 loc0,
1171 725 1310 795 tempore
1336 726 1366 776 et
1392 719 1442 776 via
1479 718 1546 776 iure

268 822 434 904 superinde
458 821 691 896 conveniendis,
716 821 854 882 adhibita
878 823 1020 883 demonis
1045 842 1104 902 ope
1120 835 1177 903 per'
1194 841 1277 902 aera,
1292 834 1425 901 monteS,
1442 825 1548 898 colles,

212 1006 214 1009 Ι
268 932 364 991 valles
395 940 426 991 et
457 931 582 992 deserta
612 931 751 990 volasset
774 940 806 990 et
830 932 1029 1005 ambulasset,
1062 931 1276 1012 eiusmodique
1301 933 1456 993 diabolica
1479 941 1546 992 arte

268 1045 480 1117 tempestates,
503 1038 657 1118 pruinam,
681 1048 712 1097 et
736 1035 921 1118 grandinem
946 1058 1018 1097 cum
1042 1039 1243 1117 complicibus
1263 1039 1327 1100 suis
1353 1039 1547 1112 confecisset,

267 1145 385 1205 fructus
417 1153 520 1205 terrae
552 1146 717 1204 mandatos
752 1146 988 1224 absumpsisset,
1012 1145 1177 1224 taliterque
1202 1147 1381 1207 modalitate
1406 1146 1549 1206 homines

268 1253 453 1313 necessariis
485 1253 569 1312 vitae
602 1251 714 1314 mediis
750 1253 912 1331 privasset,
948 1254 1114 1329 consortia,
1149 1254 1248 1329 ludos,
1282 1254 1546 1336 congregationes

268 1360 446 1435 diabolicas,
471 1361 663 1440 aliarumque
687 1380 836 1441 sagarum
873 1363 1110 1441 frequentasset,
1134 1373 1298 1441 praeterea
1321 1363 1460 1441 pluribus
1492 1363 1545 1421 ho·

267 1468 410 1542 minibus,
433 1469 555 1528 tenellis
578 1469 717 1547 prolibus
741 1479 773 1528 et
796 1470 980 1547 peccoribus
1004 1489 1060 1547 per
1077 1469 1229 1529 eiusmodi
1246 1470 1430 1530 diabolicam
1448 1477 1546 1528 artem
1585 1539 1589 1546 Ι

268 1585 300 1635 et
323 1575 575 1636 inlascinationes
610 1577 777 1647 nocuisset,
809 1575 947 1654 quinimo
980 1577 1074 1637 etiam
1099 1597 1116 1636 e
1142 1577 1221 1636 vivis
1245 1577 1429 1649 sustulisset,
1452 1582 1484 1634 et
1507 1593 1546 1634 ne

268 1683 332 1743 fors
354 1684 458 1763 plures
484 1684 652 1762 complices
676 1703 750 1742 suas
774 1703 870 1764 sagas
887 1685 928 1744 ad
942 1685 1076 1744 eandem
1097 1684 1303 1744 exercendam
1321 1681 1547 1762 protessionem

271 1801 302 1852 et
325 1794 427 1852 scelus
452 1793 686 1871 practicandum
711 1793 880 1874 adegisset,
903 1795 1104 1874 compulisset
1120 1801 1151 1853 et
1167 1793 1383 1872 peravasisset,
1411 1791 1546 1852 induxis-

270 1910 397 1980 setque;
420 1900 553 1980 denique
579 1901 715 1960 animam
740 1912 771 1961 et
795 1921 907 1981 corpus
922 1922 1014 1963 suurn
1037 1901 1246 1963 infensissimo
1270 1900 1398 1964 humani
1422 1899 1548 1980 generis

271 2008 353 2068 hosti
388 2007 511 2068 diabolo
541 2009 743 2084 immolasset,
776 2010 939 2088 taliterque
963 2030 998 2069 se
1023 2029 1129 2071 veram
1154 2019 1184 2070 et
1208 2009 1406 2070 manifestam
1433 2025 1545 2088 sagam

217 2137 220 2141 ·
273 2117 384 2176 eadem
410 2116 440 2175 in
465 2134 593 2176 causam
617 2125 752 2177 attracta
783 2117 938 2189 elficisset,
963 2137 1104 2196 poenam
1129 2119 1201 2199 lege
1226 2117 1332 2178 divina
1357 2126 1387 2176 et
1410 2117 1547 2176 humana

267 2223 434 2302 superinde
460 2225 613 2284 sancitam
637 2225 795 2284 incurrere
819 2227 902 2285 haud
926 2227 1133 2286 lormidasset.

376 2333 502 2392 Peteret
524 2330 654 2411 proinde
684 2333 894 2392 mentionatus
924 2334 1040 2393 fiscalis
1070 2343 1100 2393 et
1126 2341 1221 2406 actor,
1254 2333 1364 2412 vigore
1388 2329 1546 2412 generalis

276 2439 368 2520 regni
391 2439 517 2512 decreti,
542 2439 734 2518 aliarumque
759 2442 863 2522 legum
889 2460 983 2519 super
999 2441 1151 2500 eiusmodi
1168 2441 1324 2501 atrocibus
1347 2439 1467 2499 delictis
1486 2447 1547 2497 sta·

271 2554 417 2622 tutatum,
440 2548 568 2626 praevia
590 2549 729 2630 legitima
747 2548 969 2608 certificatione
987 2549 1174 2608 totieslatam
1189 2549 1220 2606 in
1237 2565 1364 2608 causam
1383 2553 1547 2605 attractam

268 2655 300 2715 in
323 2655 371 2716 ius
396 2665 426 2715 et
450 2675 578 2716 causam
610 2657 787 2733 convenire,
811 2676 849 2716 ac
872 2657 911 2716 de
936 2657 1047 2717 eadem
1079 2657 1225 2716 iudicium
1251 2663 1281 2715 et
1304 2654 1452 2714 iustitiam
1490 2653 1548 2712 sibi

267 2763 413 2843 impendi,
445 2765 578 2825 eandem
612 2764 757 2826 videlicet
781 2765 811 2825 in
837 2784 965 2825 causam
998 2772 1163 2825 attractam
1187 2765 1228 2824 ad
1252 2761 1431 2843 detegenda
1460 2761 1548 2841 plura

268 2872 329 2931 alia
361 2872 473 2932 similia
505 2892 559 2951 per
592 2875 726 2934 eandem
759 2882 938 2952 perpetrata
970 2884 1002 2933 et
1033 2872 1201 2933 commissa
1228 2872 1356 2947 scelera,
1381 2872 1547 2949 pluresque

269 2980 438 3057 complices
462 2981 656 3055 revelandos,
683 2981 810 3060 praevie
827 2988 965 3041 torturae
982 2980 1099 3054 subiici,
1117 2988 1227 3059 expost
1248 2998 1323 3038 vero
1340 2978 1398 3057 ipsi
1421 2976 1548 3056 quidem

267 3087 298 3145 in
324 3087 524 3165 promeritam
548 3107 683 3167 poenam
707 3089 774 3148 aliis
805 3107 881 3148 vero
912 3088 1058 3149 horribile
1083 3088 1114 3147 in
1139 3089 1315 3166 exemplum
1338 3086 1444 3145 vivam
1469 3103 1546 3165 rogo

271 3195 543 3269 concremandam,
568 3196 617 3254 vel
642 3204 734 3273 prout
751 3196 809 3256 iuri
827 3196 928 3255 visum
952 3197 1044 3255 luerit
1060 3195 1150 3255 morti
1168 3193 1347 3267 adiudicari,
1372 3194 1443 3273 lege
1458 3190 1548 3271 regni

273 3312 303 3360 et
318 3301 476 3360 communi
496 3301 613 3363 iustitia
637 3304 681 3362 sic
705 3302 977 3383 praecipientibus.
1001 3304 1116 3363 Datum
1138 3302 1214 3362 Also
1229 3303 1405 3373 Lukavecz,
1421 3300 1470 3358 die
1500 3296 1546 3359 12.

268 3408 384 3468 mensis
408 3410 540 3469 ianuarii
568 3408 660 3472 1734.

766 3501 852 3560 ldem
877 3501 1026 3561 Matthias
1049 3500 1176 3575 Mixich,
1200 3498 1384 3559 substitutus
1408 3517 1447 3558 m.
1471 3516 1501 3573 p.

373 3626 418 3684 ln
453 3625 607 3684 dorso:
643 3660 683 3670 -
715 3626 751 3685 E.
784 3660 825 3670 -
856 3624 1019 3707 Originale
1051 3626 1181 3686 actionis
1210 3623 1398 3701 introseripti
1431 3620 1546 3681 fiscalis

269 3742 300 3791 et
324 3732 448 3807 actoris,
471 3740 580 3792 contra
604 3742 635 3792 et
658 3735 811 3793 adversus
827 3734 999 3793 Barbaram
1017 3733 1276 3793 Czandrekovich
1291 3732 1380 3791 aliter
1395 3729 1546 3801 Czuinelr,

268 3840 378 3900 nobilis
407 3840 495 3899 Pauli
519 3840 652 3900 lurinich
685 3840 773 3901 aliter
796 3841 945 3917 Kernyak
969 3842 1192 3915 conthoralem,
1216 3840 1312 3899 veluti
1335 3839 1429 3898 modo
1452 3836 1547 3895 intro·

268 3948 383 4025 scripto
415 3965 528 4026 sagam
552 3948 636 4007 etin
664 3966 791 4008 causam
816 3957 990 4008 attractam.
1022 3949 1188 4009 Terminus
1219 3947 1250 4007 in
1283 3946 1411 4006 castello
1445 3944 1547 4002 Luka·

267 4073 344 4113 uecz
374 4055 532 4133 praefixus
565 4074 622 4133 pro
660 4056 710 4115 die
743 4054 795 4117 26.
818 4057 1111 4134 mensiscurrentis
1136 4055 1267 4115 ianuarii
1296 4049 1387 4113 1734.

940 4182 1002 4240 Per
1026 4183 1160 4242 eundem
1184 4178 1386 4241 substitutum
1411 4198 1450 4238 m.
1474 4196 1503 4255 p.

377 4304 384 4331 ¹
402 4304 452 4357 SlC.
838 4329 854 4364 ιιι
960 4288 980 4365 ,μ’

898 4380 915 4415 ιιι

373 4466 465 4527 Actio
481 4467 628 4547 generosi
643 4468 796 4529 Matthiae
819 4468 958 4542 Mudieh,
970 4488 1033 4548 qua
1049 4466 1259 4529 universitatis
1271 4466 1417 4526 nobilium
1434 4462 1547 4543 Campi

266 4574 434 4651 Turopolia
465 4575 580 4634 fiscalis
612 4581 643 4634 et
674 4574 797 4649 actoris,
828 4583 938 4635 contra
977 4584 1008 4635 et
1040 4578 1191 4637 adversus
1225 4573 1359 4634 nobilem
1390 4572 1543 4631 Helenam

265 4680 398 4741 lurinich
432 4682 519 4742 aliter
543 4683 702 4758 Kernyak,
727 4682 839 4741 nobilis
861 4684 1011 4761 Stephani
1037 4684 1201 4743 Arbanasz
1225 4683 1313 4741 aliter
1337 4680 1449 4740 Boltek
1473 4698 1545 4738 con-

265 4790 426 4862 thoralem,
451 4790 546 4849 veluti
570 4790 751 4849 modalitate
769 4789 966 4869 infrascripta
990 4810 1101 4871 sagam
1124 4800 1156 4851 et
1170 4790 1201 4850 in
1218 4808 1346 4849 causam
1371 4796 1544 4858 attractam,

270 4914 377 4956 coram
410 4915 462 4956 me
497 4896 631 4956 Matthia
665 4896 791 4972 Mixich,
827 4898 982 4957 antelatae
1012 4898 1222 4959 universitatis
1253 4894 1400 4957 nobilium
1432 4892 1543 4973 Campi
