3934 5550
1003 617 1077 695 ⁷0.

505 804 598 862 Anno
628 802 718 865 1648.
748 802 794 865 13.
818 805 974 866 lebruarii.
999 806 1031 864 ln
1056 825 1128 865 arce
1153 806 1242 887 regia
1266 806 1447 890 pragensi„

504 982 719 1042 Ferdinandus
727 984 775 1045 lll.
784 985 967 1063 Hungariae
978 993 1035 1043 etc.
1048 1003 1112 1058 rex,
1120 985 1222 1043 luturo
1233 984 1325 1061 bano,
1334 986 1542 1065 generalibus,
1552 986 1677 1065 vicege-

398 1090 564 1165 neralibus,
573 1090 745 1168 capitaneis
754 1091 967 1161 confiniorum,
978 1111 1148 1171 regnorum
1157 1091 1305 1151 Croatiae
1318 1100 1350 1151 et
1363 1092 1559 1166 Sclauoniae,
1572 1092 1676 1151 comiti

397 1198 527 1256 Nicolao
550 1198 696 1274 Erdeddy
720 1198 834 1257 seniori
858 1198 897 1257 de
922 1200 1185 1275 Monyorokerelr,
1202 1198 1306 1257 comiti
1321 1200 1460 1258 terrestri
1475 1208 1506 1258 et
1522 1200 1676 1259 nobilibus

396 1305 508 1383 Campi
532 1306 764 1386 Zagrabiensis,
790 1310 911 1366 riecnon
944 1307 1098 1367 iudicibus
1130 1328 1166 1366 ac
1198 1308 1307 1366 iuratis
1340 1308 1461 1367 civibus
1492 1308 1673 1367 civitatuum

396 1413 618 1491 Zagrabiensis
641 1422 672 1473 et
697 1415 915 1473 Varasdiensis
941 1415 1100 1493 praecipit,
1124 1423 1158 1473 ut
1191 1415 1393 1493 magnificum
1426 1416 1581 1475 Thomam
1614 1416 1671 1474 Mi·

396 1522 497 1579 lrulicli
522 1522 561 1580 de
587 1522 801 1595 Brukonoucz,
824 1524 998 1599 personalis
1022 1522 1220 1600 praesentiae
1244 1523 1341 1600 ipsius
1365 1523 1473 1603 regiae
1497 1524 1526 1582 in
1552 1523 1674 1582 iudiciis

396 1629 655 1687 locumtenentern
680 1638 711 1687 et
735 1628 952 1705 consiliarium,
969 1638 1032 1688 tam
1058 1630 1087 1688 in
1112 1648 1248 1707 persona
1271 1649 1366 1707 quam
1390 1630 1420 1688 in
1445 1630 1540 1689 rebus
1564 1638 1595 1689 et
1618 1631 1673 1688 bo·

396 1736 443 1793 nis
468 1736 531 1794 suis
554 1736 586 1795 in
603 1736 731 1796 Croatia
758 1744 789 1795 et
813 1738 979 1796 Sclauonia
997 1738 1119 1810 habitis,
1134 1738 1256 1816 quoties
1279 1756 1335 1815 per
1359 1747 1542 1815 praesentes
1566 1739 1672 1797 literas

396 1844 508 1903 luerint
533 1844 680 1921 requisiti,
705 1855 813 1904 contra
837 1846 992 1923 quoslibet
1017 1846 1194 1921 illegitimos
1223 1844 1414 1923 impetitores
1443 1855 1501 1905 etc.
1517 1853 1673 1919 tueantur,

394 1960 561 2031 protegant
584 1960 615 2010 et
638 1952 815 2013 defendant.

501 2072 591 2140 Copia
608 2073 729 2141 simplex
748 2074 853 2127 sacculi
873 2074 958 2127 XVll.
984 2074 1141 2128 chartacea.
1168 2076 1198 2127 ln
1232 2075 1347 2128 archivo
1372 2091 1515 2128 commun.
1544 2075 1610 2127 nob.
1636 2074 1673 2127 de

394 2162 556 2230 Turopolje.
592 2192 599 2202 -

993 2446 1069 2516 80.

500 2630 591 2688 Anno
621 2627 711 2690 1649.
740 2628 787 2690 18.
812 2630 894 2691 iunii.
919 2630 1069 2689 Viennae.

394 2791 637 2855 lerdinandus
674 2790 733 2856 III.
768 2791 979 2876 Hungariae
1012 2794 1071 2854 etc.
1103 2811 1172 2867 rex,
1199 2790 1434 2875 privilegium
1469 2787 1671 2867 nundinale,

390 2919 432 2961 ae
454 2898 555 2962 aliud
576 2905 682 2983 super
705 2899 914 2983 exemptione
937 2920 958 2962 a
983 2898 1077 2961 lanis
1098 2902 1131 2961 et
1153 2896 1470 2962 contributionibus
1498 2895 1673 2960 nobilibus

393 3006 516 3091 Campi
553 3006 738 3091 Turopolia
770 3027 976 3084 concessum,
1000 3010 1119 3069 ratum
1151 3005 1257 3084 habet,
1274 3006 1402 3092 forum
1432 3003 1672 3070 hebdomadale

390 3115 436 3178 ad
458 3115 546 3178 diem
579 3114 718 3179 Veneris
742 3115 921 3199 traitsserl,
943 3117 975 3178 el
991 3115 1117 3199 forum
1142 3113 1295 3177 animale
1318 3111 1566 3176 adherentium
1590 3111 1671 3174 cele-
1702 3133 1707 3143 ·

864 3221 1038 3286 ὸναηάαηι
1062 3223 1197 3286 aiiitnit.

496 3406 563 3464 Nos
587 3407 610 3464 F
613 3405 801 3465 erdinandos
825 3405 933 3465 tertius
950 3404 1001 3464 dei
1018 3405 1120 3484 gratia
1134 3407 1252 3464 electus
1270 3406 1480 3465 Romanorum
1497 3405 1668 3481 imperator

391 3533 515 3592 semper
548 3521 709 3593 augustus,
742 3533 778 3572 ac
810 3512 1009 3586 Germaniae,
1042 3514 1233 3592 llungariae‚
1266 3513 1445 3583 Bohemiae,
1479 3512 1666 3584 Dalmatiae,

391 3621 549 3696 Croatiae‚
573 3621 821 3698 Sclauoniaeque
846 3632 903 3680 etc.
928 3639 992 3693 rex,
1009 3620 1157 3679 archidux
1184 3620 1340 3693 Austriae,
1365 3621 1427 3679 dux
1455 3619 1667 3698 Burgundiae,

391 3727 587 3798 Brnbantiae,
622 3727 754 3804 Styrlae,
787 3727 986 3802 Carintniae,
1019 3726 1196 3799 Carniolae,
1228 3727 1367 3786 marchio
1399 3727 1569 3799 Moraviae,
1603 3727 1665 3786 dux

389 3836 629 3914 Lucemburgae
654 3855 691 3894 ac
716 3833 892 3912 Superioris
917 3843 947 3892 et
973 3833 1128 3893 lnferioris
1152 3833 1292 3907 Silesiae,
1316 3834 1611 3913 Wierthembergae
1635 3842 1665 3892 ct

389 3944 528 4016 Thekae,
551 3943 695 4020 princeps
719 3943 863 4014 Sveviae,
888 3957 994 4000 comes
1018 3941 1209 4020 Habspurgi‚
1234 3941 1357 4017 Tyrolis
1382 3950 1413 4000 et
1439 3941 1580 4001 Goritiac
1605 3949 1665 4002 etc.

389 4050 557 4111 memoriae
582 4049 837 4108 commendamus
861 4061 969 4108 tenore
994 4049 1206 4126 praesentium
1237 4048 1452 4128 significantes
1475 4048 1588 4126 quibus
1612 4068 1664 4106 ex·

390 4159 475 4237 pedit
507 4155 670 4230 universis,
693 4158 776 4234 quod
812 4175 868 4235 pro
900 4165 989 4234 parte
1024 4165 1055 4215 et
1086 4156 1118 4215 in
1142 4155 1283 4233 personis
1315 4156 1453 4214 fidelium
1486 4163 1664 4214 nostrorum

390 4266 588 4346 egregiorum
613 4264 742 4344 Georgii
767 4265 940 4333 Aarbanaz,
965 4263 1087 4322 comitis
1110 4263 1265 4322 terrestris
1295 4262 1443 4322 nobilium
1467 4262 1581 4340 Campi
1604 4263 1662 4322 Za-

389 4373 564 4454 grabiensis
589 4371 655 4430 sive
674 4371 915 4448 Turopoliensis‚
931 4370 1066 4430 Simonis
1089 4370 1265 4446 Pliuschalr,
1280 4369 1403 4438 fiscalis,
1428 4369 1578 4428 Ludouici
1601 4371 1663 4428 Va·

388 4483 459 4561 gich
494 4489 524 4540 et
553 4479 682 4558 Georgii
715 4479 910 4554 Blaslrovich,
936 4479 1114 4549 iuratorum,
1139 4497 1176 4536 ac
1207 4478 1302 4536 totius
1333 4477 1545 4537 univcrsitatis
1576 4478 1662 4536 nobi·

387 4589 460 4648 lium
484 4587 615 4666 praelati
640 4587 752 4664 Campi
777 4587 953 4664 Turopolia,
978 4585 1135 4644 exhibitae
1159 4593 1232 4643 sunt
1254 4583 1344 4643 nobis
1378 4593 1409 4642 et
1440 4592 1662 4662 praesentatae

389 4704 492 4756 certae
517 4693 672 4772 quaedam
696 4693 788 4752 binae
812 4693 918 4751 literae
950 4691 1232 4751 sacratissimorum
1255 4691 1428 4770 principum
1452 4691 1663 4752 Romanorum

388 4804 619 4881 imperatorum,
644 4821 680 4858 ac
705 4801 903 4875 Germaniae,
928 4800 1119 4878 ilungariae.
1137 4800 1307 4858 Bohemiae
1331 4808 1389 4860 etc.
1414 4819 1533 4878 regum,
1555 4808 1586 4858 et
1602 4801 1662 4877 pri-

388 4931 457 4972 mae
483 4909 607 4988 quidem
633 4907 784 4985 llnclolplri
809 4907 936 4966 secundi
962 4907 992 4964 in
1025 4926 1220 4984 pargameno
1251 4915 1396 4984 patenter
1427 4908 1598 4980 conlectae,
1622 4907 1660 4966 si-
