3934 5550
1520 459 1558 522 13

278 677 332 737 lati
356 677 427 738 olim
453 676 600 736 Anthonii
625 677 841 754 Laczkowych
867 677 906 736 de
930 677 1015 736 dicta
1038 677 1133 756 Nagh
1157 678 1274 752 Mlaka,
1297 677 1425 736 fratrem
1449 685 1557 754 utpote

279 805 369 846 suurn
394 787 560 858 carnalem,
585 785 680 845 veluti
713 785 744 844 in
775 803 905 846 causam
936 793 1114 858 attractum,
1145 803 1253 845 coram
1285 785 1375 845 nobis
1408 793 1493 845 mota
1525 791 1557 844 et

280 893 420 964 vertenti,
444 891 520 952 fen'a
544 892 642 952 tercia
665 892 807 970 proxima
830 899 902 971 post
924 891 1039 952 festum
1064 902 1171 952 sancte
1187 892 1350 952 Elizabeth
1366 893 1469 966 vidue,
1486 911 1555 970 pro·

279 1000 360 1060 xime
384 1009 575 1060 transactum
608 995 781 1078 preterita¹,
805 999 943 1059 secundo
968 1000 1086 1060 scilicet
1109 1000 1159 1060 die
1183 999 1306 1060 termini
1330 999 1555 1060 celebracionis

281 1108 463 1169 iudiciorum
487 1117 558 1187 post
581 1107 752 1186 quamlibet
775 1109 956 1188 generalem
988 1107 1272 1188 congregacionem
1307 1108 1503 1168 dominorum
1527 1117 1558 1166 et

277 1215 506 1295 regnicolarum
530 1215 570 1274 de
595 1213 819 1274 constitucione
837 1215 1007 1306 eorundem
1025 1214 1149 1294 publica
1165 1214 1319 1274 continuis
1335 1215 1434 1274 tribus
1446 1214 1557 1276 diebus

280 1342 335 1401 per
359 1342 416 1382 nos
440 1322 591 1381 celebrari
607 1321 776 1395 solitorum,
793 1321 842 1380 hic
870 1321 1027 1401 Zagrabie
1053 1323 1288 1396 celebratorum,
1316 1341 1451 1382 unacum
1475 1321 1556 1381 vice-

278 1429 441 1490 comitibus
466 1429 579 1489 nostris
604 1440 634 1489 et
657 1406 992 1501 iudicibus'nobilium,
1009 1448 1047 1489 ac
1071 1429 1140 1489 aliis
1164 1430 1317 1489 nobilibus
1349 1429 1424 1489 iuris
1447 1429 1555 1508 peritis

278 1539 361 1611 viris,
387 1538 471 1598 sedis
495 1538 613 1598 scilicet
636 1547 742 1598 nostre
768 1537 927 1598 iudiciarie
951 1538 1060 1597 iuratis
1084 1538 1306 1613 assessoribus,
1330 1558 1387 1616 pro
1410 1537 1555 1598 faciendo

279 1645 472 1706 moderativo
508 1645 620 1705 iudicio
660 1645 877 1719 causantibus,
912 1663 1087 1723 causasque
1123 1646 1286 1705 universas
1321 1664 1426 1705 coram
1467 1645 1556 1705 nobis

278 1762 380 1814 motas
405 1759 436 1813 et
460 1761 626 1828 vertentes,
650 1761 735 1813 recto
771 1753 845 1811 iuris
880 1753 1004 1813 tramite
1039 1753 1289 1828 discucientibus‚
1312 1754 1363 1813 hic
1398 1752 1555 1832 Zagrabie

279 1861 461 1936 constitutis,
485 1880 541 1940 per
564 1861 757 1939 Stephanum
782 1859 946 1936 Drenoczy
970 1860 1010 1919 de
1034 1860 1216 1936 Feyerkew,
1240 1860 1413 1941 legitimum
1438 1859 1556 1920 scilicet

279 1977 512 2048 procuratorem
535 1969 609 2028 dicti
633 1967 779 2048 Gregorii
803 1969 1021 2044 Laczkowych
1046 1969 1076 2027 in
1101 1988 1229 2028 causam
1263 1968 1396 2042 attracti,
1419 1969 1556 2047 quedam

279 2076 350 2136 hine
374 2076 470 2152 litere,
494 2095 554 2134 une
579 2075 724 2136 videlicet
744 2076 876 2135 condam
901 2075 996 2135 'Vlrici
1014 2076 1199 2153 Kozthybol,
1216 2076 1338 2136 comitis
1361 2075 1475 2154 Campi
1497 2076 1556 2135 Za-

278 2183 462 2264 grabiensis,
488 2203 524 2242 ac
550 2183 694 2242 lobannis
718 2181 771 2242 lilii
796 2181 927 2242 condam
953 2183 1115 2242 Benedicti
1138 2184 1281 2262 swppani
1313 2183 1450 2263 lagnych
1483 2182 1557 2242 dieti

279 2291 317 2350 de
342 2290 499 2368 Superiori
517 2291 704 2364 Lukawecz,
728 2289 848 2349 comitis
872 2291 1028 2350 terrestris
1052 2290 1193 2350 eiusdem
1209 2291 1332 2369 Campi,
1350 2291 1464 2350 alteras
1480 2308 1556 2351 vero

277 2396 422 2457 Iohannis
445 2398 611 2474 Rayachar
635 2398 774 2458 similiter
798 2397 919 2458 comitis
943 2398 1017 2457 dicti
1040 2396 1153 2476 Campi
1177 2399 1409 2478 Zagrabiensis,
1432 2418 1471 2459 ac
1494 2398 1555 2459 Ge·

279 2505 359 2586 orgii
384 2505 437 2565 filii
460 2505 564 2584 Egidii
588 2506 628 2565 de
652 2505 848 2582 Korylowcz,
872 2505 1073 2565 consimiliter
1097 2506 1218 2565 comitis
1241 2506 1397 2566 terrestris
1421 2506 1553 2585 pretacti

278 2611 391 2691 Campi
415 2611 646 2694 Zagrabiensis,
670 2620 800 2690 utreque
824 2613 855 2672 in
887 2631 1091 2692 pargameno,
1116 2623 1147 2672 et
1172 2622 1300 2692 utreque
1333 2633 1403 2673 cum
1435 2613 1557 2674 duobus

279 2718 388 2801 sigillis
411 2719 620 2798 pendentibus
643 2720 878 2801 privilegialiter
901 2721 1041 2781 coniecte
1066 2729 1098 2781 et
1132 2731 1287 2797 emanata,
1322 2741 1430 2783 coram
1466 2722 1555 2783 nobis

278 2830 309 2889 in
334 2828 446 2889 iudicio
471 2828 606 2888 exhibite
629 2828 761 2888 luissent
784 2838 816 2888 et
838 2837 1035 2907 presentate;
1060 2848 1132 2889 mox
1155 2830 1316 2889 Mattheus
1340 2832 1480 2891 literatus
1497 2832 1555 2890 Za·

276 2937 426 3013 lathnoky
449 2955 506 3014 pro
537 2935 659 3013 prefata
690 2936 816 2995 domina
848 2936 1054 3016 Margaretha
1085 2937 1199 2997 actrice
1231 2957 1301 2996 curn
1335 2937 1556 3014 procuratoriis

276 3046 372 3105 literis
395 3044 510 3105 nostris
534 3045 667 3105 eandem
691 3053 830 3104 nostram
854 3045 1037 3123 exurgendo
1062 3043 1093 3103 in
1117 3045 1322 3122 presenciam,
1338 3045 1427 3124 paria
1444 3064 1554 3105 earun-

278 3153 348 3213 dem
374 3152 536 3212 ambarum
560 3152 719 3211 literarum
743 3170 799 3229 per
822 3172 879 3211 nos
904 3152 962 3211 sibi
987 3152 1054 3210 dari
1078 3152 1254 3229 postulavit.
1290 3152 1433 3228 Quarum
1457 3152 1555 3231 prime

274 3268 364 3320 tenor
399 3260 425 3319 is
461 3268 524 3319 est:
572 3259 686 3335 (Vide
720 3259 803 3321 doc.
841 3260 938 3319 anni
982 3258 1073 3321 1455.
1109 3258 1156 3319 10.
1192 3259 1372 3320 novemb.
1412 3260 1495 3319 Vol.
1533 3260 1554 3318 l.

274 3369 332 3429 No.
357 3364 443 3443 303).
467 3368 612 3428 Secunde
636 3368 790 3446 siquidem
820 3368 1036 3446 predictarum
1061 3368 1221 3427 literarum
1257 3368 1454 3427 continencia
1487 3377 1555 3427 erat

276 3476 470 3535 huiusmodi:
506 3475 622 3549 (Vide
647 3476 730 3535 doc.
755 3476 852 3534 anni
881 3472 972 3533 1445.
998 3472 1050 3535 26.
1082 3475 1184 3536 iulii
1216 3477 1301 3537 Vol.
1325 3475 1346 3537 l.
1377 3474 1435 3538 No.
1469 3473 1555 3549 254).

276 3584 364 3659 Quas
388 3602 445 3643 nos
470 3591 618 3661 utrasque
641 3583 681 3642 de
707 3582 803 3641 verbo
837 3582 877 3641 ad
910 3581 1040 3641 verbum
1071 3582 1138 3641 sine
1170 3583 1378 3643 diminucione
1411 3592 1442 3641 et
1476 3602 1553 3661 aug-

275 3699 380 3751 mento
405 3691 531 3769 aliquali
553 3690 718 3750 transcribi
742 3698 772 3749 et
795 3690 989 3763 transummi‚
1013 3690 1273 3769 presentibusque
1306 3691 1401 3750 literis
1435 3689 1551 3749 nostris

273 3799 303 3857 in
327 3799 454 3859 modurn
478 3797 571 3856 libelli
595 3798 626 3856 in
649 3805 796 3876 quattuor
819 3797 899 3857 foliis
922 3797 1023 3875 papiri
1048 3805 1191 3876 patenter
1223 3797 1372 3857 confectis
1404 3797 1499 3857 inseri
1524 3805 1555 3855 et

273 3905 399 3965 inscribi
422 3905 582 3979 facientes,
606 3914 779 3965 memorate
803 3905 928 3964 domine
952 3905 1156 3983 Margarethe
1173 3905 1402 3980 Laczkowych,
1419 3904 1555 3963 consorti

273 4012 346 4072 dicti
369 4012 504 4073 Simonis
529 4012 688 4091 Krwpych
711 4012 750 4071 de
775 4012 916 4090 predicta
940 4012 1035 4090 Nagh
1060 4012 1175 4085 Mlaka,
1200 4011 1315 4085 actrici,
1340 4011 1451 4070 iurium
1483 4030 1552 4070 suo·

275 4140 343 4179 rum
369 4120 410 4179 ad
433 4121 598 4180 cautellam
624 4120 745 4179 dandas
770 4118 915 4179 duximus
939 4128 970 4177 et
994 4118 1222 4179 concedendas.
1248 4119 1362 4177 Datum
1386 4118 1551 4196 Zagrabie,

272 4226 349 4287 leria
372 4228 470 4287 tercia
497 4226 638 4306 proxima
660 4236 731 4305 post
754 4226 868 4287 festum
901 4234 1010 4285 sancte
1042 4225 1205 4286 Elizabeth
1238 4226 1331 4286 vidue
1361 4225 1554 4303 supradicta,

275 4353 356 4395 anno
381 4334 498 4395 domini
522 4333 684 4394 millesimo
708 4333 960 4413 quingentesimo
984 4334 1185 4412 sexagesimo
1209 4334 1357 4393 secundo.

376 4473 479 4528 Coaev.
511 4476 593 4542 copia
628 4476 783 4528 chartacea.
810 4475 840 4527 ln
869 4474 944 4529 arch.
979 4474 1076 4527 accad.
1110 4475 1209 4527 scient.
1240 4474 1345 4527 Slavor.
1376 4473 1475 4527 morid,
1505 4473 1553 4528 Za-

271 4565 393 4633 grabiae.

383 4725 388 4753 ¹
409 4728 451 4785 24.
472 4728 618 4783 novembr.
