3934 5550
399 391 470 454 426

512 608 594 683 Quia
627 615 718 669 vero'
732 608 961 697 individualemR
986 610 1229 689 repartitionem,
1262 621 1413 691 quantum
1443 634 1500 691 per
1530 614 1687 695 singulum

406 715 540 775 nobilem
572 716 650 775 solvi
680 716 817 792 deberet,
848 717 975 777 nimium
1009 718 1138 780 arduam
1171 737 1251 791 esse,
1282 728 1315 778 ut
1346 720 1458 780 eadem
1483 721 1602 800 absque
1626 722 1688 782 dis·

401 822 515 901 pendio
533 824 682 901 temporis
702 824 783 883 errui
806 825 932 900 valeret,
956 845 1012 904 per
1028 826 1171 886 dominos
1189 845 1382 887 assessorem
1399 829 1525 888 Petrum
1543 830 1686 890 Modichs

403 940 434 991 et
467 931 639 991 actuarium
672 932 870 1009 procedentis
901 933 1111 1011 deputationis
1139 934 1318 995 Samuelem
1350 937 1543 997 Ludovicum
1579 938 1680 998 Zden·

401 1059 488 1117 czay,
512 1040 698 1100 ermendam
723 1058 793 1099 esse
817 1041 937 1101 censuit
960 1041 1127 1101 considens
1151 1043 1319 1121 deputatio,

508 1147 591 1207 Curn
622 1147 819 1207 nihilominus
851 1148 1023 1208 secundum
1054 1149 1189 1209 defixam
1221 1151 1343 1225 clavim,
1371 1162 1405 1211 ut
1429 1171 1447 1211 a
1471 1152 1595 1233 singulo
1630 1152 1689 1212 fio·

403 1274 479 1315 reno
503 1254 656 1335 crucigeri
669 1253 698 1317 2.
708 1256 933 1334 persolvantur,
950 1258 1187 1334 supernatantia
1203 1259 1369 1319 manifesta
1385 1260 1534 1334 eveniret,
1549 1263 1683 1323 eandem

406 1361 660 1440 dispositionibus
687 1362 810 1423 inclitae
842 1362 1055 1425 universitatis
1077 1385 1135 1443 pro
1158 1366 1398 1429 necessitatibus
1425 1368 1604 1447 improvisis
1640 1388 1686 1429 re-

402 1468 611 1547 linquendam,
629 1478 659 1529 et
677 1470 836 1529 dominum
860 1470 987 1530 Petrum
1013 1472 1150 1546 Modich‚
1166 1482 1392 1553 perceptorem,
1408 1476 1446 1536 ad
1463 1478 1689 1554 praestandam

402 1578 465 1637 iam
504 1576 607 1637 dictae
641 1577 852 1637 universitatis
895 1579 934 1638 de
965 1598 1089 1640 summa
1123 1581 1264 1642 eiusdem
1299 1582 1483 1644 relationem
1517 1585 1690 1665 obligatum

406 1684 524 1743 habere
550 1684 677 1762 opinata
701 1692 749 1744 est
773 1685 884 1746 eadem
909 1686 1084 1765 procedens
1107 1688 1276 1767 deputatio.
1300 1690 1394 1766 Quod
1426 1690 1528 1769 ipsum
1565 1692 1688 1752 inclitae

410 1792 604 1852 universitati
627 1792 738 1852 reffero
763 1794 875 1854 eadem
898 1795 1074 1873 procedens
1097 1795 1265 1875 deputatio.

657 1938 719 1997 Per
732 1936 911 1998 Samuelem
928 1939 1006 2000 Lud.
1021 1939 1196 2017 Zdencsay,
1216 1942 1414 2019 procedentis
1428 1943 1639 2021 deputationis

991 2046 1163 2107 actuarium
1188 2068 1228 2109 m.
1251 2069 1304 2127 p„

509 2166 663 2238 Originale.
682 2167 713 2221 ln
742 2168 856 2223 archivo
883 2184 1026 2223 commun.
1054 2170 1119 2223 nob.
1148 2170 1185 2225 de
1212 2169 1379 2242 Turopolje:
1411 2170 1676 2243 congregationalia

405 2256 471 2311 fasc.
490 2256 553 2312 848.

516 2384 523 2414 ¹
542 2386 583 2441 sic
602 2382 803 2455 (Zahromich).

893 2728 897 2739 ,
988 2652 1096 2729 245.

512 2857 604 2917 Anno
632 2853 724 2918 1809.
752 2854 800 2918 15.
824 2856 935 2946 martii.
958 2857 1053 2936 Nagy
1076 2855 1238 2918 Goriczae.

406 3034 549 3102 Modum
580 3032 852 3100 insurrectionis
887 3035 927 3098 in
959 3031 1088 3118 Campo
1117 3033 1313 3121 Turopotya
1343 3033 1518 3120 deputatio
1541 3033 1692 3101 ordinat.

513 3235 605 3294 Anno
640 3232 756 3294 domini
796 3231 888 3294 1809.
920 3233 969 3294 die
1006 3232 1055 3298 15.
1087 3232 1204 3293 mensis
1237 3233 1347 3305 martii,
1384 3233 1415 3293 in
1446 3233 1533 3293 curia
1566 3241 1688 3292 murata

406 3340 697 3422 Nagy·Goriczensi
723 3340 924 3401 iurisdictioni
956 3341 1167 3401 universitatis
1195 3341 1342 3401 nobilium
1365 3340 1480 3420 Campi
1496 3343 1685 3420 Turopolya,

408 3458 440 3510 et
464 3449 568 3510 inclito
592 3448 752 3508 comitatui
764 3447 970 3528 Zagrabiensi
990 3448 1176 3528 ingremata,
1200 3449 1258 3508 sub
1281 3448 1439 3526 praesidio
1455 3449 1634 3527 spectabilis
1658 3457 1689 3508 et

409 3555 591 3636 perillustris
626 3555 742 3616 domini
775 3554 901 3615 Antonii
932 3555 1108 3632 Zdenczay,
1133 3555 1254 3615 comitis
1285 3556 1449 3628 terrestris,
1472 3556 1690 3634 praesentibus

409 3664 630 3744 spectabilibus
656 3671 686 3724 et
710 3663 935 3742 perillustribus
952 3663 1086 3724 dominis
1110 3665 1204 3723 Petro
1228 3663 1364 3739 Modich‚
1387 3671 1580 3742 perceptore,
1596 3664 1689 3724 Erne-

407 3772 472 3832 rico
495 3771 738 3832 Haraminchich
768 3779 800 3830 et
830 3771 947 3830 Ioanne
976 3770 1190 3844 Trumbetass,
1214 3771 1395 3849 capitaneis,
1419 3771 1556 3833 Martino
1579 3771 1687 3830 Blase·

408 3879 530 3954 kovich,
558 3877 715 3939 ordinario
738 3877 868 3952 notari0,
901 3886 932 3937 et
964 3879 1081 3938 Ioanne
1118 3877 1310 3954 Chuuchich,
1346 3878 1449 3938 dictae
1471 3877 1684 3938 universitatis

408 3989 497 4061 fisc0,
512 3994 639 4048 servata
660 3994 708 4046 est
730 3986 761 4045 in
785 3985 896 4046 merito
913 3986 1063 4046 lustratae
1080 3985 1208 4045 militiae
1231 3984 1496 4046 insurrectionalis
1520 3985 1690 4065 deputatio.

841 4129 1061 4189 Articulus
1087 4129 1253 4208 primus

517 4257 549 4317 ln
573 4275 636 4336 qua
660 4263 854 4337 assumptum
879 4265 927 4316 est
950 4255 1053 4315 denuo
1077 4256 1151 4315 illud
1174 4255 1329 4316 obiectum
1353 4254 1596 4330 insurrectionis,
1620 4254 1689 4333 quis

411 4385 524 4443 nempe
554 4360 758 4442 pecuniarum
784 4365 914 4438 illarum,
938 4383 1021 4442 quae
1044 4363 1075 4421 in
1100 4363 1301 4444 erogationes
1324 4362 1597 4422 insurrectionales
1621 4381 1690 4441 pro·

413 4473 591 4534 fundendae
608 4473 743 4546 venient,
763 4473 832 4532 lons
857 4472 976 4532 futurus
1000 4472 1040 4531 sit
1063 4472 1172 4550 quisve
1197 4491 1252 4531 eas
1276 4472 1455 4531 soluturus?
1479 4489 1581 4550 neque
1613 4471 1692 4530 alter

410 4582 480 4642 lons
504 4599 558 4658 per
582 4561 816 4659 deputationem
836 4579 967 4640 inveniri
991 4587 1122 4658 poterat,
1146 4599 1241 4658 quam
1264 4588 1298 4638 ut
1321 4580 1433 4639 domus
1453 4580 1523 4658 plus
1538 4578 1691 4639 habentes

412 4688 443 4747 in
474 4687 522 4746 his
545 4687 731 4748 necessariis
763 4687 908 4766 expensis
941 4696 1120 4763 concurant,
1154 4705 1193 4745 ea
1223 4695 1328 4746 tamen
1360 4686 1489 4759 ratione,
1520 4694 1555 4745 ut
1584 4705 1622 4745 ex
1654 4684 1692 4742 iis

412 4796 576 4873 personale
617 4795 849 4884 cpordinandae
885 4794 1118 4854 insurrectionis
1142 4813 1204 4852 non
1229 4801 1415 4866 assumatur,
1451 4802 1543 4869 atque
1579 4791 1609 4850 in
1643 4791 1717 4850 his'

413 4902 654 4962 circumstantiis
687 4911 879 4962 memoratae
903 4903 1014 4961 domus
1039 4919 1058 4961 a
1084 4901 1242 4980 personali
1265 4899 1488 4960 insurrectione
1513 4917 1550 4958 ex
1575 4899 1691 4958 motivo
