3934 5550
1497 425 1564 492 377

278 641 464 706 necessariis
497 641 665 723 provisam,
697 643 842 708 horreum
867 641 1051 728 bianguiare
1078 646 1240 727 antiquum
1264 647 1370 726 quoad
1395 647 1510 707 robora
1534 646 1564 705 in

277 753 360 813 malo
384 761 476 827 statu,
500 754 605 832 quoad
627 762 744 815 tectum
767 755 893 828 bonum,
917 773 1042 815 camera
1067 774 1165 833 penes
1188 755 1248 814 sub
1270 773 1333 814 uno
1356 763 1440 814 tecto
1464 754 1563 834 bona;

276 857 350 919 item
385 879 542 920 cameram
577 861 617 920 ad
653 861 733 921 duas
767 863 928 922 clausuras
962 863 1063 922 bonas
1092 863 1237 922 omnibus
1265 861 1435 940 provisam,
1467 861 1562 920 haras

277 966 480 1047 biangulares
515 969 555 1028 ad
590 969 750 1028 clausuras
782 967 802 1027 7
834 969 944 1042 bonas,
976 969 1157 1047 pavimento
1193 976 1265 1047 post
1300 969 1416 1048 aliquot
1453 986 1561 1041 annos,

279 1073 390 1134 saitem
414 1075 445 1133 in
469 1094 532 1135 una
555 1077 735 1154 pavimento
771 1076 899 1156 indiget,
934 1077 1093 1137 fornacem
1122 1077 1293 1154 pistoream
1317 1076 1348 1136 in
1372 1076 1455 1135 malo
1479 1084 1562 1134 statu

274 1199 331 1259 per
353 1182 587 1264 negligentiam,
620 1203 677 1262 pro
712 1183 814 1244 culina
847 1183 1014 1264 errigenda
1053 1184 1167 1244 robora
1201 1183 1233 1242 in
1263 1183 1368 1262 aliqua
1398 1190 1488 1261 parte
1520 1201 1558 1241 ex

277 1289 371 1348 domo
395 1290 522 1368 antiqua
545 1289 648 1354 habet

384 1394 435 1456 23.
461 1395 581 1456 Nobilis
612 1397 761 1458 Nicolaus
785 1397 955 1458 Klaffuricb
983 1397 1080 1458 habet
1103 1397 1230 1456 domurn
1252 1397 1369 1456 bonam
1392 1415 1508 1456 novam
1531 1396 1562 1456 in

278 1503 422 1563 omnibus
454 1505 641 1564 necessariis
673 1505 842 1584 provisam,
872 1506 1019 1565 horreum
1050 1523 1166 1564 novum
1198 1523 1235 1563 err
1268 1504 1376 1564 solidis
1399 1504 1562 1563 roboribus

278 1618 478 1687 exstnrctum,
502 1612 596 1672 haras
625 1631 723 1672 novas
749 1612 951 1692 biangulares
975 1613 1016 1672 ad
1040 1611 1176 1690 quinque
1200 1612 1362 1672 clausuras
1382 1611 1562 1689 pavimento

278 1717 415 1778 inferiori
451 1719 482 1779 in
518 1721 622 1799 aliqua
652 1729 741 1799 parte
775 1729 846 1799 post
878 1740 973 1780 unum
1007 1739 1132 1794 annum,
1167 1737 1325 1779 cameram
1353 1718 1499 1779 frumenti
1522 1717 1562 1778 ad

277 1826 357 1886 duas
390 1828 551 1887 clausuras
585 1847 699 1888 novam
735 1829 865 1902 bonam3
897 1828 971 1887 item
995 1828 1091 1887 habet
1114 1828 1224 1886 haram
1261 1826 1421 1886 maialium
1444 1844 1560 1885 novam

275 1932 464 2011 pavimentis
495 1935 687 2016 indigentem
732 1935 866 1996 culinam
898 1953 1013 1996 novam
1044 1934 1232 1995 forinsecam
1263 1952 1380 1994 novam
1403 1951 1483 1993 curn.
1499 1933 1559 1993 for·

277 2059 356 2101 nace
379 2041 518 2120 pistorea
540 2043 691 2122 optimam
714 2063 771 2122 pro
795 2063 886 2117 nunc,
910 2043 1051 2103 ultimam
1075 2051 1181 2102 autem
1205 2042 1299 2102 debet
1322 2043 1362 2102 de
1386 2061 1477 2102 novo.

385 2147 436 2210 24.
469 2149 588 2210 Nobilis
620 2150 755 2210 Michael
786 2149 957 2210 Klaffurich
990 2150 1085 2210 babet
1115 2149 1242 2209 domurn
1266 2149 1392 2223 bonam,
1415 2150 1562 2208 horreum

280 2256 407 2331 bonum,
438 2258 533 2317 baras
564 2258 742 2318 animalium
778 2259 818 2318 ad
842 2256 863 2316 4
899 2258 1060 2320 clausuras
1092 2276 1191 2316 novas
1226 2257 1334 2331 bonas,
1364 2258 1459 2316 haras
1497 2274 1560 2315 ma·

283 2363 388 2424 ialium
421 2364 561 2443 inceptas
592 2365 717 2425 novitus
741 2365 808 2425 sine
833 2365 984 2444 superiori
1015 2373 1104 2444 parte
1129 2374 1160 2424 et
1182 2363 1379 2443 pavimentis,
1403 2364 1561 2424 lomacem

181 2491 185 2498 ·
279 2471 448 2550 pistoteam
473 2473 597 2548 bonam,
622 2491 779 2533 cameram
794 2473 940 2533 frumenti
954 2474 1069 2532 bonam
1092 2491 1217 2548 novam,
1233 2472 1378 2531 omnibus
1393 2471 1561 2551 provisam.

383 2578 434 2639 25.
459 2579 555 2640 Curia
590 2599 708 2660 magna
743 2580 935 2661 biangularis
972 2580 1100 2658 antiqua
1123 2579 1240 2639 domini
1264 2577 1447 2658 perillustris
1471 2577 1555 2637 Petri

279 2685 417 2761 Modich,
441 2686 598 2747 substituti
629 2687 750 2748 comitis
779 2687 942 2762 terrestris,
967 2685 1096 2746 basibus
1120 2693 1151 2745 et
1174 2685 1387 2764 repraratione
1410 2684 1556 2763 indigens

278 2812 315 2852 ex
359 2794 490 2874 integrm
536 2802 619 2855 tecto
657 2796 797 2874 perpluo,
835 2814 892 2874 pro
931 2813 993 2873 quo
1043 2794 1138 2854 babet
1177 2811 1301 2853 asseres
1347 2793 1421 2853 Nr0.
1471 2790 1559 2851 5000

280 2910 464 2979 preparatus
488 2902 642 2981 tegenda,
665 2904 811 2962 borreum
835 2922 931 2961 unum
962 2901 1057 2961 habet
1086 2920 1202 2960 novum
1234 2900 1360 2974 bonum,
1391 2899 1475 2959 aliud
1506 2917 1558 2958 an·

279 3008 398 3085 tiqnum
430 3008 566 3083 basibus
597 3010 753 3069 stabulum
785 3011 954 3088 antiquum,
987 3009 1048 3068 alio
1071 3027 1154 3074 novo
1185 3007 1313 3087 indiget,
1348 3006 1420 3085 quia
1443 3007 1503 3066 hoc
1526 3005 1557 3064 in

278 3116 361 3174 malo
385 3122 467 3174 statu
493 3115 698 3191 adinvenitur,
721 3124 786 3175 tum
811 3116 915 3196 quoad
938 3124 1056 3175 tectum
1081 3115 1252 3193 perpluum,
1285 3132 1379 3193 quarn
1403 3121 1435 3173 et
1457 3114 1489 3171 in
1513 3132 1559 3171 ro-

276 3220 403 3281 boribus
437 3220 573 3300 antiquis
604 3221 753 3300 pudridis,
784 3222 879 3281 haras
911 3222 1091 3281 animalium
1124 3221 1164 3280 ad
1195 3222 1357 3281 clausuras
1391 3217 1411 3277 3
1446 3218 1558 3290 bonas,

277 3330 373 3389 haras
398 3328 557 3389 maialium
589 3330 704 3408 incepit
732 3330 904 3390 ellaborare
937 3331 977 3390 ad
1001 3330 1081 3389 duas
1104 3330 1275 3405 clausuras,
1300 3346 1356 3407 pro
1379 3326 1492 3405 quibus
1516 3326 1560 3385 in-

279 3437 366 3517 diget
396 3444 461 3496 tota
493 3438 646 3515 superiori
677 3446 766 3516 parte
790 3447 821 3497 et
844 3438 1040 3517 pavimentis,
1065 3437 1168 3497 culina
1192 3436 1320 3515 antiqua
1343 3454 1399 3514 pro
1423 3434 1560 3493 nuncin

278 3552 360 3603 statu
384 3545 476 3619 bon0,
499 3552 615 3604 tectum
639 3546 735 3605 habet
759 3564 874 3604 novum
899 3564 935 3605 ex
961 3544 1120 3604 asseribus
1151 3543 1284 3603 molibus
1307 3541 1421 3621 sviglin
1445 3540 1546 3600 dictus

275 3646 349 3711 item
373 3651 404 3711 in
428 3653 521 3713 domo
545 3671 698 3713 caseacea
722 3652 850 3731 antiqua
866 3652 960 3712 etiam
975 3654 1039 3712 tale
1055 3660 1171 3712 tectum
1186 3651 1281 3710 habet
1298 3669 1423 3723 novum,
1439 3649 1556 3709 colum·

276 3759 397 3819 barium
422 3760 582 3839 antiquum
619 3760 816 3839 reparatione
846 3760 982 3841 indiget;
1014 3762 1110 3821 barae
1134 3778 1191 3839 pro
1227 3758 1380 3819 alatilibus
1416 3758 1562 3835 antiquae

274 3867 403 3928 basibus
444 3878 475 3928 et
506 3868 703 3947 reparatione
739 3868 933 3949 indigentes3
968 3868 1042 3927 item
1074 3868 1266 3927 camerulam
1308 3865 1468 3944 antiquam
1505 3882 1562 3942 pro

277 3975 418 4035 caulibus
450 3974 599 4036 mediocri
631 3986 714 4035 tecto
748 3975 896 4035 assericio
928 3974 1096 4053 provisam,
1127 3992 1219 4033 secus
1243 3972 1274 4031 in
1297 3973 1381 4032 bono
1410 3978 1503 4049 statu,
1526 3970 1562 4029 in

278 4082 368 4142 horto
392 4082 573 4163 granarium
598 4082 755 4143 asseribus
771 4083 950 4157 obductum,
973 4089 1058 4143 tecto
1087 4080 1216 4159 perpluo
1241 4078 1388 4141 assericio
1412 4096 1495 4138 novo
1518 4078 1562 4135 in·

278 4189 374 4269 diget,
398 4198 490 4269 prout
513 4198 544 4249 et
567 4189 705 4251 basibus

383 4370 482 4429 ltem
516 4368 582 4428 die
619 4366 667 4431 tb.
714 4368 919 4429 februarii
950 4368 990 4427 in
1028 4366 1307 4446 possessione
1330 4365 1431 4424 Also
1454 4365 1563 4423 Lom-

276 4474 398 4535 nicza
422 4474 673 4535 continuata
696 4474 963 4554 conscriptio

384 4615 435 4679 26.
461 4616 581 4677 Nobilis
604 4617 761 4698 Georgius
785 4617 890 4679 senior
907 4618 1079 4688 Arbanasz,
1096 4617 1190 4676 iudex
1205 4613 1448 4691 lomniczensis‚
1469 4613 1565 4672 habet

277 4726 395 4786 curiam
421 4726 537 4785 bonam
566 4724 633 4785 sine
665 4724 777 4799 culina,
811 4724 869 4785 sed
891 4732 1009 4783 tectum
1031 4730 1130 4784 totum
1166 4721 1348 4783 assericium
1371 4739 1472 4798 usque
1496 4738 1562 4779 am-

278 4832 375 4893 bitum
401 4832 574 4910 perpluum,
597 4851 654 4910 pro
678 4850 740 4911 quo
763 4832 903 4912 tegendo
927 4831 1048 4911 indiget
1062 4850 1195 4905 asseres,
1219 4830 1365 4889 horreum
1389 4827 1484 4887 habet
1511 4846 1565 4885 an·

277 4940 399 5019 tiquum
424 4958 462 4999 ex
485 4938 572 5019 ligno
596 4940 669 5000 moli
701 4940 763 4999 iarn
795 4939 919 5017 putrido
949 4938 1063 4999 ialvich
1093 4938 1186 5010 dieto,
1217 4938 1360 5015 adeoque
1391 4934 1452 4995 alio
1483 4952 1566 4994 novo
