3934 5550
1510 424 1574 496 263

296 637 479 701 clamidibus
504 639 571 703 ravi
594 640 660 702 sive
684 641 779 723 grisei
803 644 924 718 coloris,
948 643 981 705 in
1013 645 1142 725 regione
1178 656 1284 708 autem
1320 652 1482 730 cephalica
1517 672 1574 711 seu

294 749 395 828 capite
420 748 499 809 scuti
523 748 643 831 iulgent
666 769 687 810 a
708 750 825 811 dextris
848 758 912 811 tres
944 752 1054 813 stellae
1085 772 1254 815 sexcomes
1286 775 1401 819 aureae
1434 759 1569 837 pyrami·

295 856 407 916 daliter
429 855 559 936 positae,
584 876 603 917 a
626 855 758 917 sinistris
782 876 857 917 vero
882 859 955 918 luna
971 879 1118 923 crescens
1141 880 1254 936 aurea;
1278 872 1367 924 scuto
1383 866 1510 926 demum
1526 866 1572 925 in-

293 964 410 1025 cumbit
433 966 527 1045 galea
550 974 701 1026 consveta
724 966 882 1027 tornearia
906 976 1064 1043 coronata,
1099 970 1189 1029 cuius
1224 989 1304 1050 apex
1340 972 1445 1051 aquila
1479 972 1571 1052 nigra

292 1072 409 1150 pariter
431 1082 590 1147 coronata,
614 1073 676 1135 duo
700 1074 814 1134 vexilla
837 1092 986 1153 expansa,
1009 1094 1142 1155 quorum
1173 1077 1316 1138 dextrum
1345 1079 1469 1160 insigne
1492 1079 1572 1140 Cro·

294 1181 384 1255 atiae,
416 1180 574 1241 sinistrum
606 1199 681 1242 vero
703 1181 891 1243 Sclauoniae
915 1201 1084 1263 regnorum
1115 1184 1218 1262 relert,
1248 1186 1407 1267 nngvibus
1438 1187 1571 1265 prehen-

293 1287 380 1363 dens,
402 1286 535 1349 laciniae
559 1307 578 1347 a
601 1288 718 1349 dextris
742 1306 858 1350 aureae
881 1296 913 1349 et
937 1291 1111 1366 caemleae,
1135 1310 1155 1351 a
1178 1292 1310 1353 sinistris
1334 1302 1440 1354 autem
1456 1313 1571 1375 argen-

293 1404 364 1455 teae
388 1404 419 1455 et
442 1395 573 1470 rubrae,
604 1395 885 1457 circumferentiam
909 1415 984 1457 vero
1008 1397 1088 1457 scuti
1111 1399 1171 1458 hac
1194 1399 1366 1480 epigraphe
1398 1401 1574 1462 ambiente:

298 1502 458 1583 »Sigillum
481 1503 711 1564 communitatis
742 1503 890 1584 nobilium
921 1503 1034 1585 Campi
1064 1507 1276 1585 Turopolyai,
1305 1508 1570 1587 quemadmodum

294 1610 502 1670 haecomnia
524 1610 557 1671 in
579 1610 730 1689 principio
755 1630 812 1671 seu
835 1611 937 1690 capite
961 1613 1173 1691 praesentium
1205 1614 1364 1675 literarum
1393 1624 1571 1677 nostrarum

294 1717 419 1795 pictoris
444 1719 556 1779 edocta
578 1737 674 1779 manu
697 1726 729 1779 et
753 1718 891 1791 artificio,
915 1719 1112 1799 propriisque
1128 1730 1160 1781 et
1173 1722 1319 1801 genuinis
1335 1722 1400 1782 suis
1416 1724 1572 1784 coloribus

294 1826 408 1885 clarius
431 1825 564 1905 depicta,
588 1834 620 1886 et
641 1826 682 1885 ob
706 1828 814 1887 oculos
837 1826 1024 1887 intuentium
1046 1827 1179 1889 lucidius
1202 1830 1304 1907 posita
1321 1849 1392 1890 esse
1409 1832 1569 1910 conspice·

295 1941 408 1994 rentur.
432 1931 615 1993 Annuentes
639 1940 671 1992 et
702 1952 740 1993 ex
775 1942 861 1994 certa
893 1943 1001 1995 nostra
1031 1935 1169 1995 scientia
1201 1935 1368 2017 animoque
1403 1938 1575 1998 deliberato

294 2039 511 2114 concedentes,
536 2049 569 2099 ut
593 2040 704 2101 eadem
728 2042 936 2102 communitas
952 2042 1102 2103 nobilium
1119 2042 1231 2122 Campi
1249 2045 1430 2125 Turopolya
1446 2065 1466 2105 a
1478 2046 1573 2106 modo

298 2146 514 2225 imposterum,
537 2146 709 2227 futurisque
734 2156 766 2207 et
788 2148 946 2227 perpetuis
970 2168 1095 2229 semper
1129 2151 1330 2229 temporibus,
1366 2152 1397 2212 in
1432 2153 1577 2213 omnibus

298 2255 357 2314 illis
380 2254 580 2332 processibus
603 2254 778 2329 iudiciariis,
803 2254 933 2335 aliisque
957 2256 1215 2334 expeditionibus,
1239 2277 1318 2336 quas
1342 2259 1504 2340 hucusque
1528 2260 1574 2320 sic

299 2362 373 2422 dicti
396 2361 526 2422 comites
550 2369 713 2422 terrestres
736 2362 839 2423 dictae
863 2364 1095 2424 communitatis
1118 2365 1276 2439 nobilium,
1300 2366 1433 2445 propriis
1457 2376 1488 2429 et
1510 2367 1571 2446 pri·

294 2469 375 2529 vatis
399 2468 509 2549 sigillis
533 2468 598 2529 suis
621 2470 828 2542 muniverunt,
860 2470 1010 2549 deinceps
1041 2470 1127 2531 iuxta
1158 2492 1249 2531 usum
1281 2492 1376 2553 supra
1408 2476 1573 2535 memorati

293 2576 448 2657 privilegii
471 2575 657 2655 Rudolphini
681 2577 833 2637 hactenus
849 2578 1061 2651 observatum,
1085 2578 1214 2659 eiusque
1238 2580 1410 2660 genuinum
1433 2581 1570 2642 intellec·

294 2693 359 2744 tum
383 2704 421 2745 ex
445 2685 619 2763 praemisso
642 2686 780 2767 benigno
811 2685 930 2747 indultu
964 2694 998 2745 et
1032 2687 1210 2765 annuentia,
1245 2688 1435 2768 specialique
1470 2691 1574 2771 gratia

294 2803 400 2854 nostra
415 2795 498 2854 idern
515 2793 651 2875 sigillum
671 2795 829 2870 adhibere,
844 2814 980 2875 ceraque
997 2796 1091 2856 rubra
1105 2797 1280 2876 apprimere
1298 2798 1397 2876 possit
1413 2807 1446 2859 et
1460 2800 1575 2863 valeat.

295 2901 343 2961 Ne
368 2910 473 2962 autem
496 2901 607 2962 intuitu
639 2902 847 2981 quarumlibet
870 2903 972 2964 dictae
997 2903 1230 2964 communitatis
1259 2905 1491 2984 expeditionum
1513 2907 1573 2966 sub

294 3009 523 3087 praedictorum
548 3010 696 3070 comitum
721 3010 912 3070 terrestrium
937 3030 1065 3070 suorum
1096 3010 1214 3091 sigillis,
1237 3013 1390 3073 hactenus
1413 3022 1571 3074 emanata·

294 3134 362 3176 rum
386 3125 417 3176 et
440 3115 663 3195 expeditarum,
687 3117 885 3179 confusiones
908 3117 1073 3197 quaepiam
1096 3118 1169 3178 oriri
1192 3118 1363 3200 contingat,
1393 3119 1425 3180 id
1448 3139 1574 3199 quoque

294 3221 395 3282 eidem
427 3221 641 3282 communitati
671 3223 820 3282 nobilium
854 3222 968 3302 Campi
999 3225 1189 3304 Turopolya,
1219 3246 1276 3305 pro
1298 3227 1436 3288 uberiori
1467 3235 1574 3289 nostra

295 3347 371 3409 erga
397 3329 529 3390 eandem
553 3329 798 3390 demonstranda
828 3331 940 3410 gratia,
976 3331 1115 3412 benigne
1149 3332 1342 3408 resolvimus,
1366 3335 1572 3414 volumusque

294 3444 326 3495 et
347 3435 552 3510 decemimus,
576 3445 611 3496 ut
633 3456 742 3498 omnes
766 3436 836 3498 illae
860 3438 1075 3517 expeditiones
1098 3441 1156 3500 sub
1179 3440 1322 3518 praefato
1345 3440 1457 3521 sigillo,
1474 3459 1573 3519 usque

295 3542 334 3603 ad
358 3553 481 3624 tempus
504 3545 679 3622 praesentis
704 3545 826 3626 gratiae
850 3565 888 3606 ac
919 3545 1048 3628 benigni
1081 3547 1237 3629 privilegii
1268 3549 1367 3608 nostri
1396 3557 1572 3615 emanatas,

295 3651 507 3731 cuiuscunque
530 3653 658 3713 tandem
683 3652 816 3714 nominis
840 3672 877 3714 ac
902 3653 1018 3732 speciei
1042 3651 1113 3730 sint,
1129 3674 1187 3734 pro
1204 3653 1399 3729 authenticis,
1416 3655 1572 3735 vigorosis

297 3767 328 3818 et
351 3758 462 3819 validis
486 3759 670 3836 habeantur,
692 3777 729 3820 ac
753 3759 793 3820 ab
816 3761 960 3822 omnibus
992 3761 1157 3822 cuiuslibet
1188 3770 1290 3822 status
1322 3770 1354 3822 et
1386 3762 1572 3823 conditionis

291 3866 470 3927 hominibus
493 3885 550 3946 pro
566 3867 679 3928 talibus
702 3877 933 3948 agnoscantur3
955 3868 1019 3928 imo
1041 3869 1252 3949 indulgemus,
1267 3869 1444 3946 annuimus,
1460 3887 1573 3930 conce·

292 3973 395 4034 dimus
419 3982 452 4034 et
473 3973 678 4035 conlerrimus
701 3994 845 4036 necnon
869 3976 1064 4051 resolvimus,
1087 3977 1292 4055 volumusque
1317 3985 1349 4037 et
1371 3974 1572 4037 decernimus

296 4081 507 4160 praesentium
538 4101 596 4162 per
625 4081 776 4162 vigorem,
806 4083 918 4143 harum
949 4092 1127 4144 nostrarum
1160 4091 1282 4144 secreto
1318 4083 1429 4144 maiori
1467 4084 1570 4164 sigillo

296 4195 411 4262 nostro,
435 4207 497 4268 quo
520 4197 554 4248 ut
578 4207 632 4248 rex
655 4189 839 4268 ilungariae
861 4189 976 4249 utimur
1008 4189 1198 4268 impendenti
1222 4191 1492 4266 communitatum,
1523 4191 1566 4250 vi·

295 4313 372 4373 gore
397 4302 428 4354 et
451 4295 627 4356 testimonio
650 4295 819 4356 literarum.
843 4295 958 4356 Datum
989 4315 1046 4374 per
1076 4316 1188 4358 manus
1220 4298 1322 4359 fidelis
1351 4299 1449 4360 nostri
1480 4299 1571 4359 nobis

293 4400 414 4462 sincere
438 4401 540 4462 dilecti
564 4403 743 4483 spectabilis
767 4422 804 4462 ac
829 4402 990 4484 magnifici
1012 4403 1135 4463 comitis
1158 4404 1310 4465 Ludovici
1341 4405 1381 4465 de
1405 4406 1572 4482 Batthyan,

294 4507 437 4588 perpetui
460 4509 490 4569 in
514 4509 649 4570 Nemeth
672 4510 777 4584 Uivar,
801 4503 967 4570 comitatus
991 4509 1188 4571 Castriierrei
1212 4511 1350 4592 supremi
1372 4520 1404 4572 et
1428 4512 1570 4591 perpetui

296 4615 427 4693 comitis,
450 4616 667 4695 pincernarum
691 4627 867 4680 nostrorum
903 4618 1056 4700 regalium
1090 4637 1147 4698 per
1181 4619 1378 4700 Hungariam
1412 4619 1564 4699 magistri,
1596 4637 1603 4646 ·

293 4724 466 4800 camerarii,
488 4725 561 4786 item
586 4734 617 4786 et
640 4726 806 4788 consiliarii
829 4727 926 4787 nostri
950 4727 1081 4788 actualis
1104 4726 1212 4801 intimi,
1235 4746 1379 4789 necnon
1402 4746 1459 4806 per
1480 4735 1569 4801 ante-

292 4832 389 4892 latum
414 4851 547 4912 regnum
571 4841 710 4894 nostrum
734 4834 916 4913 Hungariae
940 4834 1032 4895 aulae
1055 4842 1163 4894 nostra
1186 4834 1372 4911 cancellarii,
1402 4834 1434 4894 in
1466 4833 1566 4895 archi·

291 4939 394 4999 ducali
417 4938 542 5000 civitate
566 4949 673 5002 nostra
696 4941 819 5002 Vienna
850 4941 1007 5017 Austriae,
1039 4941 1090 5001 die
1124 4941 1258 5020 septima
1288 4941 1406 5001 mensis
1430 4941 1572 5017 ianuarii,
