<?xml version="1.0" encoding="UTF-8"?>
<!DOCTYPE html PUBLIC "-//W3C//DTD XHTML 1.0 Transitional//EN"
    "http://www.w3.org/TR/xhtml1/DTD/xhtml1-transitional.dtd">
<html xmlns="http://www.w3.org/1999/xhtml" xml:lang="en" lang="en">
 <head>
  <title>
</title>
<meta http-equiv="Content-Type" content="text/html;charset=utf-8" />
  <meta name='ocr-system' content='tesseract 3.04.00' />
  <meta name='ocr-capabilities' content='ocr_page ocr_carea ocr_par ocr_line ocrx_word'/>
</head>
<body>
  <div class='ocr_page' id='page_1' title='image "./povjesnispomeni00laszgoog_0450.png"; bbox 0 0 3934 5550; ppageno 0'>
   <div class='ocr_carea' id='block_1_1' title="bbox 1513 475 1580 545">
    <p class='ocr_par' dir='ltr' id='par_1_1' title="bbox 1513 475 1580 545">
     <span class='ocr_line' id='line_1_1' title="bbox 1513 475 1580 545; baseline 0.015 -1"><span class='ocrx_word' id='word_1_1' title='bbox 1513 475 1580 545; x_wconf 80' lang='grc'>419</span> 
     </span>
    </p>
   </div>
   <div class='ocr_carea' id='block_1_2' title="bbox 298 694 1581 2266">
    <p class='ocr_par' dir='ltr' id='par_1_2' title="bbox 298 694 1581 2266">
     <span class='ocr_line' id='line_1_2' title="bbox 301 694 1579 778; baseline 0.002 -22"><span class='ocrx_word' id='word_1_2' title='bbox 301 695 427 757; x_wconf 90' lang='lat' dir='ltr'>modum</span> <span class='ocrx_word' id='word_1_3' title='bbox 460 694 627 778; x_wconf 87' lang='lat' dir='ltr'>gremiales</span> <span class='ocrx_word' id='word_1_4' title='bbox 651 696 765 776; x_wconf 90' lang='lat' dir='ltr'>Campi</span> <span class='ocrx_word' id='word_1_5' title='bbox 788 696 879 757; x_wconf 90' lang='lat' dir='ltr'>huius</span> <span class='ocrx_word' id='word_1_6' title='bbox 904 696 996 757; x_wconf 90' lang='lat' dir='ltr'>unius</span> <span class='ocrx_word' id='word_1_7' title='bbox 1028 698 1177 758; x_wconf 82' lang='lat' dir='ltr'>sessionis</span> <span class='ocrx_word' id='word_1_8' title='bbox 1200 697 1321 759; x_wconf 90' lang='lat' dir='ltr'>nobiles</span> <span class='ocrx_word' id='word_1_9' title='bbox 1345 698 1525 759; x_wconf 90' lang='lat' dir='ltr'>distinctum</span> <span class='ocrx_word' id='word_1_10' title='bbox 1548 707 1579 759; x_wconf 89' lang='lat' dir='ltr'>et</span> 
     </span>
     <span class='ocr_line' id='line_1_3' title="bbox 300 804 1579 885; baseline 0.003 -22"><span class='ocrx_word' id='word_1_11' title='bbox 300 804 493 885; x_wconf 88' lang='lat' dir='ltr'>privilegiale</span> <span class='ocrx_word' id='word_1_12' title='bbox 517 824 629 883; x_wconf 89' lang='lat' dir='ltr'>corpus</span> <span class='ocrx_word' id='word_1_13' title='bbox 654 804 833 877; x_wconf 83' lang='lat' dir='ltr'>efficientes,</span> <span class='ocrx_word' id='word_1_14' title='bbox 858 804 889 867; x_wconf 90' lang='lat' dir='ltr'>in</span> <span class='ocrx_word' id='word_1_15' title='bbox 913 805 1006 864; x_wconf 89' lang='lat' dir='ltr'>rebus</span> <span class='ocrx_word' id='word_1_16' title='bbox 1031 824 1189 865; x_wconf 89' lang='lat' dir='ltr'>armorum</span> <span class='ocrx_word' id='word_1_17' title='bbox 1210 806 1437 880; x_wconf 83' lang='lat' dir='ltr'>tractationem,</span> <span class='ocrx_word' id='word_1_18' title='bbox 1461 814 1492 867; x_wconf 92' lang='lat' dir='ltr'>et</span> <span class='ocrx_word' id='word_1_19' title='bbox 1507 806 1579 867; x_wconf 87' lang='lat' dir='ltr'>belli</span> 
     </span>
     <span class='ocr_line' id='line_1_4' title="bbox 301 911 1579 993; baseline 0.002 -22"><span class='ocrx_word' id='word_1_20' title='bbox 301 912 550 989; x_wconf 85' lang='lat' dir='ltr'>prosecutionem</span> <span class='ocrx_word' id='word_1_21' title='bbox 578 912 847 987; x_wconf 86' lang='lat' dir='ltr'>concernentibus,</span> <span class='ocrx_word' id='word_1_22' title='bbox 871 912 911 971; x_wconf 89' lang='lat' dir='ltr'>ab</span> <span class='ocrx_word' id='word_1_23' title='bbox 937 913 1030 973; x_wconf 91' lang='lat' dir='ltr'>unica</span> <span class='ocrx_word' id='word_1_24' title='bbox 1054 911 1154 991; x_wconf 91' lang='lat' dir='ltr'>primo</span> <span class='ocrx_word' id='word_1_25' title='bbox 1177 913 1364 993; x_wconf 90' lang='lat' dir='ltr'>regnicolari</span> <span class='ocrx_word' id='word_1_26' title='bbox 1396 922 1427 974; x_wconf 92' lang='lat' dir='ltr'>et</span> <span class='ocrx_word' id='word_1_27' title='bbox 1458 914 1579 974; x_wconf 89' lang='lat' dir='ltr'>comitis</span> 
     </span>
     <span class='ocr_line' id='line_1_5' title="bbox 303 1019 1580 1102; baseline 0.001 -23"><span class='ocrx_word' id='word_1_28' title='bbox 303 1019 385 1095; x_wconf 88' lang='lat' dir='ltr'>bani,</span> <span class='ocrx_word' id='word_1_29' title='bbox 417 1021 502 1081; x_wconf 92' lang='lat' dir='ltr'>velut</span> <span class='ocrx_word' id='word_1_30' title='bbox 533 1021 671 1100; x_wconf 85' lang='lat' dir='ltr'>supremi</span> <span class='ocrx_word' id='word_1_31' title='bbox 694 1040 863 1102; x_wconf 88' lang='lat' dir='ltr'>regnorum</span> <span class='ocrx_word' id='word_1_32' title='bbox 891 1022 1003 1081; x_wconf 91' lang='lat' dir='ltr'>horum</span> <span class='ocrx_word' id='word_1_33' title='bbox 1025 1021 1187 1081; x_wconf 92' lang='lat' dir='ltr'>belliducis</span> <span class='ocrx_word' id='word_1_34' title='bbox 1211 1022 1355 1083; x_wconf 89' lang='lat' dir='ltr'>absoluta</span> <span class='ocrx_word' id='word_1_35' title='bbox 1378 1021 1580 1101; x_wconf 85' lang='lat' dir='ltr'>dispositione</span> 
     </span>
     <span class='ocr_line' id='line_1_6' title="bbox 300 1128 1579 1209; baseline 0.002 -22"><span class='ocrx_word' id='word_1_36' title='bbox 300 1128 510 1206; x_wconf 78' lang='lat' dir='ltr'>dependisset,</span> <span class='ocrx_word' id='word_1_37' title='bbox 538 1148 576 1189; x_wconf 85' lang='lat' dir='ltr'>ex</span> <span class='ocrx_word' id='word_1_38' title='bbox 612 1128 834 1208; x_wconf 90' lang='lat' dir='ltr'>antiquissimis</span> <span class='ocrx_word' id='word_1_39' title='bbox 870 1129 1027 1209; x_wconf 89' lang='lat' dir='ltr'>generalis</span> <span class='ocrx_word' id='word_1_40' title='bbox 1062 1129 1296 1190; x_wconf 86' lang='lat' dir='ltr'>insurrectionis</span> <span class='ocrx_word' id='word_1_41' title='bbox 1331 1129 1579 1191; x_wconf 86' lang='lat' dir='ltr'>ordinationibus</span> 
     </span>
     <span class='ocr_line' id='line_1_7' title="bbox 300 1234 1579 1316; baseline 0.003 -23"><span class='ocrx_word' id='word_1_42' title='bbox 300 1234 498 1296; x_wconf 85' lang='lat' dir='ltr'>manifestum</span> <span class='ocrx_word' id='word_1_43' title='bbox 523 1236 673 1311; x_wconf 89' lang='lat' dir='ltr'>videatur,</span> <span class='ocrx_word' id='word_1_44' title='bbox 690 1235 764 1316; x_wconf 91' lang='lat' dir='ltr'>quin</span> <span class='ocrx_word' id='word_1_45' title='bbox 788 1236 850 1296; x_wconf 90' lang='lat' dir='ltr'>imo</span> <span class='ocrx_word' id='word_1_46' title='bbox 874 1256 913 1297; x_wconf 92' lang='lat' dir='ltr'>eo</span> <span class='ocrx_word' id='word_1_47' title='bbox 937 1236 1060 1314; x_wconf 89' lang='lat' dir='ltr'>certius,</span> <span class='ocrx_word' id='word_1_48' title='bbox 1081 1238 1166 1316; x_wconf 93' lang='lat' dir='ltr'>quod</span> <span class='ocrx_word' id='word_1_49' title='bbox 1181 1237 1348 1298; x_wconf 88' lang='lat' dir='ltr'>occasione</span> <span class='ocrx_word' id='word_1_50' title='bbox 1373 1237 1579 1300; x_wconf 87' lang='lat' dir='ltr'>consimilium</span> 
     </span>
     <span class='ocr_line' id='line_1_8' title="bbox 301 1342 1579 1422; baseline 0.002 -21"><span class='ocrx_word' id='word_1_51' title='bbox 301 1342 559 1403; x_wconf 90' lang='lat' dir='ltr'>insurrectionum</span> <span class='ocrx_word' id='word_1_52' title='bbox 583 1363 638 1421; x_wconf 89' lang='lat' dir='ltr'>per</span> <span class='ocrx_word' id='word_1_53' title='bbox 662 1344 764 1422; x_wconf 91' lang='lat' dir='ltr'>ipsum</span> <span class='ocrx_word' id='word_1_54' title='bbox 780 1345 940 1405; x_wconf 90' lang='lat' dir='ltr'>dominum</span> <span class='ocrx_word' id='word_1_55' title='bbox 955 1344 1102 1405; x_wconf 90' lang='lat' dir='ltr'>comitem</span> <span class='ocrx_word' id='word_1_56' title='bbox 1116 1344 1234 1405; x_wconf 90' lang='lat' dir='ltr'>banurn</span> <span class='ocrx_word' id='word_1_57' title='bbox 1258 1345 1452 1420; x_wconf 90' lang='lat' dir='ltr'>indictorum,</span> <span class='ocrx_word' id='word_1_58' title='bbox 1476 1354 1508 1406; x_wconf 90' lang='lat' dir='ltr'>et</span> <span class='ocrx_word' id='word_1_59' title='bbox 1530 1364 1579 1404; x_wconf 87' lang='lat' dir='ltr'>or·</span> 
     </span>
     <span class='ocr_line' id='line_1_9' title="bbox 301 1450 1579 1531; baseline 0.003 -22"><span class='ocrx_word' id='word_1_60' title='bbox 301 1450 405 1509; x_wconf 93' lang='lat' dir='ltr'>dinum</span> <span class='ocrx_word' id='word_1_61' title='bbox 431 1460 561 1512; x_wconf 90' lang='lat' dir='ltr'>eatenus</span> <span class='ocrx_word' id='word_1_62' title='bbox 582 1453 622 1511; x_wconf 88' lang='lat' dir='ltr'>ad</span> <span class='ocrx_word' id='word_1_63' title='bbox 643 1452 763 1513; x_wconf 90' lang='lat' dir='ltr'>nobiles</span> <span class='ocrx_word' id='word_1_64' title='bbox 780 1451 894 1530; x_wconf 86' lang='lat' dir='ltr'>Campi</span> <span class='ocrx_word' id='word_1_65' title='bbox 910 1452 1090 1531; x_wconf 88' lang='lat' dir='ltr'>Turopolya</span> <span class='ocrx_word' id='word_1_66' title='bbox 1106 1453 1223 1513; x_wconf 80' lang='lat' dir='ltr'>directe</span> <span class='ocrx_word' id='word_1_67' title='bbox 1240 1453 1504 1530; x_wconf 88' lang='lat' dir='ltr'>transmissorum,</span> <span class='ocrx_word' id='word_1_68' title='bbox 1528 1472 1579 1513; x_wconf 93' lang='lat' dir='ltr'>co·</span> 
     </span>
     <span class='ocr_line' id='line_1_10' title="bbox 304 1537 1577 1639; baseline 0.003 -22"><span class='ocrx_word' id='word_1_69' title='bbox 304 1557 424 1618; x_wconf 89' lang='lat' dir='ltr'>mitatui</span> <span class='ocrx_word' id='word_1_70' title='bbox 448 1560 522 1619; x_wconf 90' lang='lat' dir='ltr'>nihil</span> <span class='ocrx_word' id='word_1_71' title='bbox 540 1537 735 1619; x_wconf 87' lang='lat' dir='ltr'>authoritatis</span> <span class='ocrx_word' id='word_1_72' title='bbox 753 1568 877 1638; x_wconf 90' lang='lat' dir='ltr'>praeter</span> <span class='ocrx_word' id='word_1_73' title='bbox 895 1560 1122 1639; x_wconf 85' lang='lat' dir='ltr'>quarteriorum</span> <span class='ocrx_word' id='word_1_74' title='bbox 1139 1580 1195 1639; x_wconf 91' lang='lat' dir='ltr'>per</span> <span class='ocrx_word' id='word_1_75' title='bbox 1211 1561 1371 1621; x_wconf 90' lang='lat' dir='ltr'>dominum</span> <span class='ocrx_word' id='word_1_76' title='bbox 1386 1561 1577 1622; x_wconf 88' lang='lat' dir='ltr'>ordinarium</span> 
     </span>
     <span class='ocr_line' id='line_1_11' title="bbox 301 1666 1576 1748; baseline 0.004 -25"><span class='ocrx_word' id='word_1_77' title='bbox 301 1666 516 1728; x_wconf 89' lang='lat' dir='ltr'>vicecomitem</span> <span class='ocrx_word' id='word_1_78' title='bbox 537 1667 800 1729; x_wconf 88' lang='lat' dir='ltr'>conficiendorum</span> <span class='ocrx_word' id='word_1_79' title='bbox 818 1668 1065 1748; x_wconf 84' lang='lat' dir='ltr'>assignationem</span> <span class='ocrx_word' id='word_1_80' title='bbox 1088 1668 1229 1728; x_wconf 88' lang='lat' dir='ltr'>relictum</span> <span class='ocrx_word' id='word_1_81' title='bbox 1248 1668 1354 1743; x_wconf 84' lang='lat' dir='ltr'>fuisse,</span> <span class='ocrx_word' id='word_1_82' title='bbox 1378 1687 1417 1729; x_wconf 84' lang='lat' dir='ltr'>ex</span> <span class='ocrx_word' id='word_1_83' title='bbox 1441 1668 1576 1748; x_wconf 87' lang='lat' dir='ltr'>antiquis</span> 
     </span>
     <span class='ocr_line' id='line_1_12' title="bbox 298 1774 1579 1855; baseline 0.002 -22"><span class='ocrx_word' id='word_1_84' title='bbox 298 1774 481 1835; x_wconf 89' lang='lat' dir='ltr'>litteralibus</span> <span class='ocrx_word' id='word_1_85' title='bbox 513 1775 708 1836; x_wconf 89' lang='lat' dir='ltr'>documentis</span> <span class='ocrx_word' id='word_1_86' title='bbox 740 1775 852 1849; x_wconf 88' lang='lat' dir='ltr'>evenit,</span> <span class='ocrx_word' id='word_1_87' title='bbox 876 1776 933 1836; x_wconf 92' lang='lat' dir='ltr'>sed</span> <span class='ocrx_word' id='word_1_88' title='bbox 956 1784 989 1836; x_wconf 90' lang='lat' dir='ltr'>et</span> <span class='ocrx_word' id='word_1_89' title='bbox 1011 1794 1103 1835; x_wconf 90' lang='lat' dir='ltr'>secus</span> <span class='ocrx_word' id='word_1_90' title='bbox 1136 1775 1369 1836; x_wconf 89' lang='lat' dir='ltr'>insurrectionis</span> <span class='ocrx_word' id='word_1_91' title='bbox 1402 1775 1579 1855; x_wconf 88' lang='lat' dir='ltr'>cuiuspiam</span> 
     </span>
     <span class='ocr_line' id='line_1_13' title="bbox 299 1881 1578 1961; baseline 0.002 -21"><span class='ocrx_word' id='word_1_92' title='bbox 299 1882 338 1941; x_wconf 91' lang='lat' dir='ltr'>ab</span> <span class='ocrx_word' id='word_1_93' title='bbox 367 1881 517 1942; x_wconf 91' lang='lat' dir='ltr'>altissimo</span> <span class='ocrx_word' id='word_1_94' title='bbox 548 1882 617 1942; x_wconf 91' lang='lat' dir='ltr'>loco</span> <span class='ocrx_word' id='word_1_95' title='bbox 646 1882 808 1961; x_wconf 91' lang='lat' dir='ltr'>dispositio</span> <span class='ocrx_word' id='word_1_96' title='bbox 848 1882 932 1942; x_wconf 92' lang='lat' dir='ltr'>nulla</span> <span class='ocrx_word' id='word_1_97' title='bbox 974 1882 1114 1957; x_wconf 89' lang='lat' dir='ltr'>innotuit,</span> <span class='ocrx_word' id='word_1_98' title='bbox 1155 1882 1201 1943; x_wconf 94' lang='lat' dir='ltr'>ita</span> <span class='ocrx_word' id='word_1_99' title='bbox 1229 1882 1363 1961; x_wconf 89' lang='lat' dir='ltr'>simplici</span> <span class='ocrx_word' id='word_1_100' title='bbox 1396 1882 1457 1943; x_wconf 90' lang='lat' dir='ltr'>hac</span> <span class='ocrx_word' id='word_1_101' title='bbox 1491 1882 1578 1943; x_wconf 89' lang='lat' dir='ltr'>inad-</span> 
     </span>
     <span class='ocr_line' id='line_1_14' title="bbox 298 1988 1576 2068; baseline 0.002 -22"><span class='ocrx_word' id='word_1_102' title='bbox 298 1996 456 2048; x_wconf 89' lang='lat' dir='ltr'>vertenter</span> <span class='ocrx_word' id='word_1_103' title='bbox 486 1988 612 2049; x_wconf 88' lang='lat' dir='ltr'>indubie</span> <span class='ocrx_word' id='word_1_104' title='bbox 642 1989 774 2068; x_wconf 86' lang='lat' dir='ltr'>praefati</span> <span class='ocrx_word' id='word_1_105' title='bbox 809 1989 925 2050; x_wconf 89' lang='lat' dir='ltr'>domini</span> <span class='ocrx_word' id='word_1_106' title='bbox 957 1989 1115 2049; x_wconf 90' lang='lat' dir='ltr'>substituti</span> <span class='ocrx_word' id='word_1_107' title='bbox 1146 1988 1338 2050; x_wconf 86' lang='lat' dir='ltr'>vicecomitis</span> <span class='ocrx_word' id='word_1_108' title='bbox 1372 1989 1576 2068; x_wconf 91' lang='lat' dir='ltr'>requisitione</span> 
     </span>
     <span class='ocr_line' id='line_1_15' title="bbox 302 2096 1581 2178; baseline 0.002 -23"><span class='ocrx_word' id='word_1_109' title='bbox 302 2096 418 2157; x_wconf 90' lang='lat' dir='ltr'>nullam</span> <span class='ocrx_word' id='word_1_110' title='bbox 433 2096 644 2157; x_wconf 88' lang='lat' dir='ltr'>universitatis</span> <span class='ocrx_word' id='word_1_111' title='bbox 658 2098 751 2157; x_wconf 92' lang='lat' dir='ltr'>huius</span> <span class='ocrx_word' id='word_1_112' title='bbox 768 2097 991 2178; x_wconf 83' lang='lat' dir='ltr'>obligationem</span> <span class='ocrx_word' id='word_1_113' title='bbox 1011 2106 1203 2177; x_wconf 86' lang='lat' dir='ltr'>tangentem,</span> <span class='ocrx_word' id='word_1_114' title='bbox 1219 2097 1431 2177; x_wconf 89' lang='lat' dir='ltr'>responsionis</span> <span class='ocrx_word' id='word_1_115' title='bbox 1450 2097 1581 2159; x_wconf 90' lang='lat' dir='ltr'>alicuius</span> 
     </span>
     <span class='ocr_line' id='line_1_16' title="bbox 300 2204 1071 2266; baseline 0.004 -3"><span class='ocrx_word' id='word_1_116' title='bbox 300 2204 453 2263; x_wconf 88' lang='lat' dir='ltr'>rationem</span> <span class='ocrx_word' id='word_1_117' title='bbox 476 2204 561 2263; x_wconf 88' lang='lat' dir='ltr'>haud</span> <span class='ocrx_word' id='word_1_118' title='bbox 584 2205 764 2265; x_wconf 87' lang='lat' dir='ltr'>subversari</span> <span class='ocrx_word' id='word_1_119' title='bbox 788 2206 991 2266; x_wconf 88' lang='lat' dir='ltr'>adinventum</span> <span class='ocrx_word' id='word_1_120' title='bbox 1015 2214 1071 2266; x_wconf 84' lang='lat' dir='ltr'>est</span> 
     </span>
    </p>
   </div>
   <div class='ocr_carea' id='block_1_3' title="bbox 299 2328 1580 2491">
    <p class='ocr_par' dir='ltr' id='par_1_3' title="bbox 299 2328 1580 2491">
     <span class='ocr_line' id='line_1_17' title="bbox 404 2328 1580 2420; baseline 0.001 -19"><span class='ocrx_word' id='word_1_121' title='bbox 404 2345 557 2418; x_wconf 88' lang='lat' dir='ltr'>Originale.</span> <span class='ocrx_word' id='word_1_122' title='bbox 589 2346 620 2399; x_wconf 93' lang='lat' dir='ltr'>ln</span> <span class='ocrx_word' id='word_1_123' title='bbox 649 2346 763 2401; x_wconf 88' lang='lat' dir='ltr'>archivo</span> <span class='ocrx_word' id='word_1_124' title='bbox 789 2362 931 2402; x_wconf 90' lang='lat' dir='ltr'>commun.</span> <span class='ocrx_word' id='word_1_125' title='bbox 959 2348 1026 2401; x_wconf 90' lang='lat' dir='ltr'>nob.</span> <span class='ocrx_word' id='word_1_126' title='bbox 1055 2348 1092 2401; x_wconf 90' lang='lat' dir='ltr'>de</span> <span class='ocrx_word' id='word_1_127' title='bbox 1119 2346 1287 2418; x_wconf 86' lang='lat' dir='ltr'>Turopolje:</span> <span class='ocrx_word' id='word_1_128' title='bbox 1314 2328 1580 2420; x_wconf 79' lang='lat' dir='ltr'>Congregationalia</span> 
     </span>
     <span class='ocr_line' id='line_1_18' title="bbox 299 2436 447 2491; baseline 0.014 -2"><span class='ocrx_word' id='word_1_129' title='bbox 299 2436 366 2491; x_wconf 80' lang='lat' dir='ltr'>fasc.</span> <span class='ocrx_word' id='word_1_130' title='bbox 385 2436 447 2491; x_wconf 76' lang='lat'>248.</span> 
     </span>
    </p>
   </div>
   <div class='ocr_carea' id='block_1_4' title="bbox 408 2933 1010 3040">
    <p class='ocr_par' dir='ltr' id='par_1_4' title="bbox 408 2933 1010 3040">
     <span class='ocr_line' id='line_1_19' title="bbox 408 2933 1010 3040; baseline 0.003 -20"><span class='ocrx_word' id='word_1_131' title='bbox 408 2961 500 3020; x_wconf 84' lang='lat' dir='ltr'>Anno</span> <span class='ocrx_word' id='word_1_132' title='bbox 528 2933 622 3024; x_wconf 70' lang='lat'><strong>17&#39;97.</strong></span> <span class='ocrx_word' id='word_1_133' title='bbox 651 2959 698 3025; x_wconf 92' lang='grc'>10.</span> <span class='ocrx_word' id='word_1_134' title='bbox 724 2961 836 3040; x_wconf 90' lang='lat' dir='ltr'>aprilis.</span> <span class='ocrx_word' id='word_1_135' title='bbox 861 2961 1010 3022; x_wconf 88' lang='lat' dir='ltr'>Viennae.</span> 
     </span>
    </p>
   </div>
   <div class='ocr_carea' id='block_1_5' title="bbox 304 3169 1580 3344">
    <p class='ocr_par' dir='ltr' id='par_1_5' title="bbox 304 3169 1580 3344">
     <span class='ocr_line' id='line_1_20' title="bbox 304 3169 1580 3261; baseline -0.001 -26"><span class='ocrx_word' id='word_1_136' title='bbox 304 3171 514 3237; x_wconf 80' lang='lat' dir='ltr'>Franciscus</span> <span class='ocrx_word' id='word_1_137' title='bbox 537 3171 582 3237; x_wconf 90' lang='lat' dir='ltr'>II.</span> <span class='ocrx_word' id='word_1_138' title='bbox 605 3172 815 3261; x_wconf 79' lang='lat' dir='ltr'>Hungariae</span> <span class='ocrx_word' id='word_1_139' title='bbox 838 3175 896 3238; x_wconf 82' lang='lat' dir='ltr'>etc.</span> <span class='ocrx_word' id='word_1_140' title='bbox 919 3192 989 3250; x_wconf 81' lang='lat' dir='ltr'>rex,</span> <span class='ocrx_word' id='word_1_141' title='bbox 1013 3173 1304 3237; x_wconf 82' lang='lat' dir='ltr'>insurrectionem</span> <span class='ocrx_word' id='word_1_142' title='bbox 1320 3174 1441 3235; x_wconf 82' lang='lat' dir='ltr'>contro</span> <span class='ocrx_word' id='word_1_143' title='bbox 1460 3169 1580 3236; x_wconf 83' lang='lat' dir='ltr'>Gallos</span> 
     </span>
     <span class='ocr_line' id='line_1_21' title="bbox 861 3280 1011 3344; baseline 0 0"><span class='ocrx_word' id='word_1_144' title='bbox 861 3280 1011 3344; x_wconf 82' lang='lat' dir='ltr'>ordinat.</span> 
     </span>
    </p>
   </div>
   <div class='ocr_carea' id='block_1_6' title="bbox 295 3497 1578 4976">
    <p class='ocr_par' dir='ltr' id='par_1_6' title="bbox 295 3497 1578 4976">
     <span class='ocr_line' id='line_1_22' title="bbox 405 3497 1577 3578; baseline -0.005 -16"><span class='ocrx_word' id='word_1_145' title='bbox 405 3502 590 3562; x_wconf 85' lang='lat' dir='ltr'>Franciscus</span> <span class='ocrx_word' id='word_1_146' title='bbox 603 3500 759 3560; x_wconf 91' lang='lat' dir='ltr'>secundus</span> <span class='ocrx_word' id='word_1_147' title='bbox 772 3498 822 3559; x_wconf 91' lang='lat' dir='ltr'>dei</span> <span class='ocrx_word' id='word_1_148' title='bbox 834 3497 937 3578; x_wconf 86' lang='lat' dir='ltr'>gratia</span> <span class='ocrx_word' id='word_1_149' title='bbox 951 3499 1069 3557; x_wconf 88' lang='lat' dir='ltr'>electus</span> <span class='ocrx_word' id='word_1_150' title='bbox 1081 3498 1292 3557; x_wconf 88' lang='lat' dir='ltr'>Romanorum</span> <span class='ocrx_word' id='word_1_151' title='bbox 1304 3497 1474 3575; x_wconf 90' lang='lat' dir='ltr'>imperator</span> <span class='ocrx_word' id='word_1_152' title='bbox 1496 3515 1577 3557; x_wconf 90' lang='lat' dir='ltr'>sem-</span> 
     </span>
     <span class='ocr_line' id='line_1_23' title="bbox 298 3603 1577 3693; baseline -0.006 -21"><span class='ocrx_word' id='word_1_153' title='bbox 298 3631 353 3691; x_wconf 89' lang='lat' dir='ltr'>per</span> <span class='ocrx_word' id='word_1_154' title='bbox 378 3619 540 3693; x_wconf 90' lang='lat' dir='ltr'>augustus‚</span> <span class='ocrx_word' id='word_1_155' title='bbox 564 3607 762 3680; x_wconf 82' lang='lat' dir='ltr'>Germaniae,</span> <span class='ocrx_word' id='word_1_156' title='bbox 785 3606 978 3687; x_wconf 87' lang='lat' dir='ltr'>Hungariae,</span> <span class='ocrx_word' id='word_1_157' title='bbox 1002 3605 1181 3677; x_wconf 89' lang='lat' dir='ltr'>Bohemiae,</span> <span class='ocrx_word' id='word_1_158' title='bbox 1214 3604 1399 3679; x_wconf 90' lang='lat' dir='ltr'>Dalmatiae,</span> <span class='ocrx_word' id='word_1_159' title='bbox 1421 3603 1577 3678; x_wconf 88' lang='lat' dir='ltr'>Croatiae,</span> 
     </span>
     <span class='ocr_line' id='line_1_24' title="bbox 300 3710 1577 3794; baseline -0.009 -13"><span class='ocrx_word' id='word_1_160' title='bbox 300 3720 487 3781; x_wconf 89' lang='lat' dir='ltr'>Sclavoniae</span> <span class='ocrx_word' id='word_1_161' title='bbox 510 3737 565 3777; x_wconf 87' lang='lat' dir='ltr'>rex</span> <span class='ocrx_word' id='word_1_162' title='bbox 589 3715 788 3794; x_wconf 91' lang='lat' dir='ltr'>apostolicus,</span> <span class='ocrx_word' id='word_1_163' title='bbox 810 3714 958 3774; x_wconf 89' lang='lat' dir='ltr'>archidux</span> <span class='ocrx_word' id='word_1_164' title='bbox 982 3711 1132 3772; x_wconf 87' lang='lat' dir='ltr'>Austriae</span> <span class='ocrx_word' id='word_1_165' title='bbox 1156 3720 1214 3772; x_wconf 90' lang='lat' dir='ltr'>etc.</span> <span class='ocrx_word' id='word_1_166' title='bbox 1236 3710 1421 3783; x_wconf 90' lang='lat' dir='ltr'>Reverendi‚</span> <span class='ocrx_word' id='word_1_167' title='bbox 1444 3711 1577 3770; x_wconf 90' lang='lat' dir='ltr'>honora-</span> 
     </span>
     <span class='ocr_line' id='line_1_25' title="bbox 299 3817 1578 3906; baseline -0.008 -20"><span class='ocrx_word' id='word_1_168' title='bbox 299 3828 387 3904; x_wconf 89' lang='lat' dir='ltr'>biles,</span> <span class='ocrx_word' id='word_1_169' title='bbox 411 3825 599 3906; x_wconf 87' lang='lat' dir='ltr'>spectabiles</span> <span class='ocrx_word' id='word_1_170' title='bbox 617 3843 654 3883; x_wconf 88' lang='lat' dir='ltr'>ac</span> <span class='ocrx_word' id='word_1_171' title='bbox 672 3821 841 3902; x_wconf 85' lang='lat' dir='ltr'>magnifici,</span> <span class='ocrx_word' id='word_1_172' title='bbox 865 3819 1025 3900; x_wconf 87' lang='lat' dir='ltr'>magnifici</span> <span class='ocrx_word' id='word_1_173' title='bbox 1042 3818 1117 3880; x_wconf 91' lang='lat' dir='ltr'>item</span> <span class='ocrx_word' id='word_1_174' title='bbox 1142 3817 1263 3898; x_wconf 86' lang='lat' dir='ltr'>egregii</span> <span class='ocrx_word' id='word_1_175' title='bbox 1280 3825 1312 3877; x_wconf 89' lang='lat' dir='ltr'>et</span> <span class='ocrx_word' id='word_1_176' title='bbox 1326 3817 1446 3877; x_wconf 76' lang='lat' dir='ltr'>nobiles</span> <span class='ocrx_word' id='word_1_177' title='bbox 1469 3817 1578 3877; x_wconf 89' lang='lat' dir='ltr'>fideles</span> 
     </span>
     <span class='ocr_line' id='line_1_26' title="bbox 297 3924 1577 4009; baseline -0.009 -13"><span class='ocrx_word' id='word_1_178' title='bbox 297 3936 387 3997; x_wconf 93' lang='lat' dir='ltr'>nobis</span> <span class='ocrx_word' id='word_1_179' title='bbox 412 3935 533 3995; x_wconf 92' lang='lat' dir='ltr'>dilecti!</span> <span class='ocrx_word' id='word_1_180' title='bbox 558 3933 640 3991; x_wconf 88' lang='lat' dir='ltr'>Dum</span> <span class='ocrx_word' id='word_1_181' title='bbox 664 3930 723 3994; x_wconf 92' lang='lat' dir='ltr'>sub</span> <span class='ocrx_word' id='word_1_182' title='bbox 746 3929 861 3990; x_wconf 90' lang='lat' dir='ltr'>ultimis</span> <span class='ocrx_word' id='word_1_183' title='bbox 894 3929 983 4009; x_wconf 90' lang='lat' dir='ltr'>regni</span> <span class='ocrx_word' id='word_1_184' title='bbox 1007 3927 1140 3988; x_wconf 91' lang='lat' dir='ltr'>comitiis</span> <span class='ocrx_word' id='word_1_185' title='bbox 1163 3945 1220 4005; x_wconf 90' lang='lat' dir='ltr'>pro</span> <span class='ocrx_word' id='word_1_186' title='bbox 1244 3925 1425 3986; x_wconf 90' lang='lat' dir='ltr'>defensione</span> <span class='ocrx_word' id='word_1_187' title='bbox 1448 3924 1577 4004; x_wconf 89' lang='lat' dir='ltr'>patriae,</span> 
     </span>
     <span class='ocr_line' id='line_1_27' title="bbox 297 4032 1577 4124; baseline -0.011 -20"><span class='ocrx_word' id='word_1_188' title='bbox 297 4051 513 4124; x_wconf 88' lang='lat' dir='ltr'>augustaeque</span> <span class='ocrx_word' id='word_1_189' title='bbox 539 4041 651 4101; x_wconf 91' lang='lat' dir='ltr'>domus</span> <span class='ocrx_word' id='word_1_190' title='bbox 670 4043 796 4099; x_wconf 85' lang='lat' dir='ltr'>nostrae</span> <span class='ocrx_word' id='word_1_191' title='bbox 820 4035 1032 4098; x_wconf 85' lang='lat' dir='ltr'>incolumitate</span> <span class='ocrx_word' id='word_1_192' title='bbox 1052 4033 1267 4095; x_wconf 90' lang='lat' dir='ltr'>communibus</span> <span class='ocrx_word' id='word_1_193' title='bbox 1291 4032 1372 4092; x_wconf 92' lang='lat' dir='ltr'>votis</span> <span class='ocrx_word' id='word_1_194' title='bbox 1396 4032 1577 4112; x_wconf 83' lang='lat' dir='ltr'>generalem</span> 
     </span>
     <span class='ocr_line' id='line_1_28' title="bbox 296 4139 1576 4223; baseline -0.01 -12"><span class='ocrx_word' id='word_1_195' title='bbox 296 4150 487 4211; x_wconf 90' lang='lat' dir='ltr'>obtulissetis</span> <span class='ocrx_word' id='word_1_196' title='bbox 511 4146 777 4218; x_wconf 88' lang='lat' dir='ltr'>insurrectionem,</span> <span class='ocrx_word' id='word_1_197' title='bbox 795 4143 992 4223; x_wconf 90' lang='lat' dir='ltr'>reposuimus</span> <span class='ocrx_word' id='word_1_198' title='bbox 1014 4161 1073 4202; x_wconf 89' lang='lat' dir='ltr'>nos</span> <span class='ocrx_word' id='word_1_199' title='bbox 1097 4161 1176 4215; x_wconf 87' lang='lat' dir='ltr'>eam,</span> <span class='ocrx_word' id='word_1_200' title='bbox 1199 4141 1254 4201; x_wconf 93' lang='lat' dir='ltr'>ubi</span> <span class='ocrx_word' id='word_1_201' title='bbox 1275 4139 1449 4200; x_wconf 89' lang='lat' dir='ltr'>necessitas</span> <span class='ocrx_word' id='word_1_202' title='bbox 1471 4146 1576 4217; x_wconf 91' lang='lat' dir='ltr'>postu-</span> 
     </span>
     <span class='ocr_line' id='line_1_29' title="bbox 296 4246 1577 4336; baseline -0.01 -18"><span class='ocrx_word' id='word_1_203' title='bbox 296 4258 414 4334; x_wconf 88' lang='lat' dir='ltr'>laverit,</span> <span class='ocrx_word' id='word_1_204' title='bbox 448 4276 505 4336; x_wconf 93' lang='lat' dir='ltr'>pro</span> <span class='ocrx_word' id='word_1_205' title='bbox 538 4273 684 4334; x_wconf 89' lang='lat' dir='ltr'>supremo</span> <span class='ocrx_word' id='word_1_206' title='bbox 715 4253 781 4313; x_wconf 89' lang='lat' dir='ltr'>iure</span> <span class='ocrx_word' id='word_1_207' title='bbox 813 4259 919 4312; x_wconf 91' lang='lat' dir='ltr'>nostro</span> <span class='ocrx_word' id='word_1_208' title='bbox 952 4249 1041 4330; x_wconf 88' lang='lat' dir='ltr'>regio</span> <span class='ocrx_word' id='word_1_209' title='bbox 1065 4251 1106 4309; x_wconf 91' lang='lat' dir='ltr'>ad</span> <span class='ocrx_word' id='word_1_210' title='bbox 1129 4257 1265 4309; x_wconf 87' lang='lat' dir='ltr'>mentem</span> <span class='ocrx_word' id='word_1_211' title='bbox 1288 4249 1396 4328; x_wconf 90' lang='lat' dir='ltr'>legum</span> <span class='ocrx_word' id='word_1_212' title='bbox 1419 4246 1577 4307; x_wconf 86' lang='lat' dir='ltr'>desidera·</span> 
     </span>
     <span class='ocr_line' id='line_1_30' title="bbox 297 4356 1576 4436; baseline -0.01 -11"><span class='ocrx_word' id='word_1_213' title='bbox 297 4373 384 4425; x_wconf 89' lang='lat' dir='ltr'>turos</span> <span class='ocrx_word' id='word_1_214' title='bbox 409 4373 440 4425; x_wconf 91' lang='lat' dir='ltr'>et</span> <span class='ocrx_word' id='word_1_215' title='bbox 464 4371 648 4436; x_wconf 86' lang='lat' dir='ltr'>exacturos;</span> <span class='ocrx_word' id='word_1_216' title='bbox 673 4361 762 4420; x_wconf 85' lang='lat' dir='ltr'>adest</span> <span class='ocrx_word' id='word_1_217' title='bbox 785 4379 869 4419; x_wconf 93' lang='lat' dir='ltr'>nunc</span> <span class='ocrx_word' id='word_1_218' title='bbox 894 4358 998 4436; x_wconf 90' lang='lat' dir='ltr'>itaque</span> <span class='ocrx_word' id='word_1_219' title='bbox 1023 4357 1100 4416; x_wconf 91' lang='lat' dir='ltr'>illud</span> <span class='ocrx_word' id='word_1_220' title='bbox 1122 4356 1271 4435; x_wconf 90' lang='lat' dir='ltr'>temporis</span> <span class='ocrx_word' id='word_1_221' title='bbox 1294 4361 1495 4429; x_wconf 90' lang='lat' dir='ltr'>momentum,</span> <span class='ocrx_word' id='word_1_222' title='bbox 1514 4372 1576 4432; x_wconf 90' lang='lat' dir='ltr'>qno</span> 
     </span>
     <span class='ocr_line' id='line_1_31' title="bbox 298 4462 1576 4545; baseline -0.01 -13"><span class='ocrx_word' id='word_1_223' title='bbox 298 4472 436 4533; x_wconf 91' lang='lat' dir='ltr'>universi</span> <span class='ocrx_word' id='word_1_224' title='bbox 467 4471 588 4530; x_wconf 92' lang='lat' dir='ltr'>nobiles</span> <span class='ocrx_word' id='word_1_225' title='bbox 612 4478 644 4530; x_wconf 90' lang='lat' dir='ltr'>et</span> <span class='ocrx_word' id='word_1_226' title='bbox 666 4486 776 4528; x_wconf 88' lang='lat' dir='ltr'>omnes</span> <span class='ocrx_word' id='word_1_227' title='bbox 799 4465 850 4542; x_wconf 91' lang='lat' dir='ltr'>illi,</span> <span class='ocrx_word' id='word_1_228' title='bbox 879 4485 957 4545; x_wconf 91' lang='lat' dir='ltr'>quos</span> <span class='ocrx_word' id='word_1_229' title='bbox 982 4466 1039 4526; x_wconf 90' lang='lat' dir='ltr'>sub</span> <span class='ocrx_word' id='word_1_230' title='bbox 1064 4463 1313 4525; x_wconf 90' lang='lat' dir='ltr'>nomenclatione</span> <span class='ocrx_word' id='word_1_231' title='bbox 1336 4463 1396 4521; x_wconf 87' lang='lat' dir='ltr'>hac</span> <span class='ocrx_word' id='word_1_232' title='bbox 1419 4462 1469 4521; x_wconf 85' lang='lat' dir='ltr'>lex</span> <span class='ocrx_word' id='word_1_233' title='bbox 1492 4479 1576 4520; x_wconf 91' lang='lat' dir='ltr'>com-</span> 
     </span>
     <span class='ocr_line' id='line_1_32' title="bbox 297 4573 1576 4658; baseline -0.011 -18"><span class='ocrx_word' id='word_1_234' title='bbox 297 4580 448 4658; x_wconf 89' lang='lat' dir='ltr'>plectitur,</span> <span class='ocrx_word' id='word_1_235' title='bbox 485 4578 707 4655; x_wconf 90' lang='lat' dir='ltr'>cuiuscumque</span> <span class='ocrx_word' id='word_1_236' title='bbox 743 4574 914 4654; x_wconf 82' lang='lat' dir='ltr'>dignitatis,</span> <span class='ocrx_word' id='word_1_237' title='bbox 947 4573 1073 4633; x_wconf 89' lang='lat' dir='ltr'>honoris</span> <span class='ocrx_word' id='word_1_238' title='bbox 1105 4581 1137 4632; x_wconf 91' lang='lat' dir='ltr'>et</span> <span class='ocrx_word' id='word_1_239' title='bbox 1167 4580 1267 4632; x_wconf 90' lang='lat' dir='ltr'>status</span> <span class='ocrx_word' id='word_1_240' title='bbox 1303 4587 1457 4648; x_wconf 88' lang='lat' dir='ltr'>personae</span> <span class='ocrx_word' id='word_1_241' title='bbox 1488 4587 1576 4628; x_wconf 90' lang='lat' dir='ltr'>arma</span> 
     </span>
     <span class='ocr_line' id='line_1_33' title="bbox 295 4675 1574 4766; baseline -0.011 -18"><span class='ocrx_word' id='word_1_242' title='bbox 295 4688 428 4766; x_wconf 86' lang='lat' dir='ltr'>capiant,</span> <span class='ocrx_word' id='word_1_243' title='bbox 453 4693 484 4746; x_wconf 89' lang='lat' dir='ltr'>et</span> <span class='ocrx_word' id='word_1_244' title='bbox 507 4685 693 4764; x_wconf 87' lang='lat' dir='ltr'>percharum</span> <span class='ocrx_word' id='word_1_245' title='bbox 717 4682 799 4742; x_wconf 87' lang='lat' dir='ltr'>istud</span> <span class='ocrx_word' id='word_1_246' title='bbox 825 4681 1010 4760; x_wconf 89' lang='lat' dir='ltr'>Hungariae</span> <span class='ocrx_word' id='word_1_247' title='bbox 1034 4699 1177 4760; x_wconf 87' lang='lat' dir='ltr'>regnum,</span> <span class='ocrx_word' id='word_1_248' title='bbox 1201 4685 1370 4757; x_wconf 88' lang='lat' dir='ltr'>partesque</span> <span class='ocrx_word' id='word_1_249' title='bbox 1393 4675 1496 4736; x_wconf 91' lang='lat' dir='ltr'>eidem</span> <span class='ocrx_word' id='word_1_250' title='bbox 1521 4675 1574 4734; x_wconf 91' lang='lat' dir='ltr'>ad-</span> 
     </span>
     <span class='ocr_line' id='line_1_34' title="bbox 295 4789 1575 4871; baseline -0.013 -14"><span class='ocrx_word' id='word_1_251' title='bbox 295 4815 403 4871; x_wconf 88' lang='lat' dir='ltr'>nexas,</span> <span class='ocrx_word' id='word_1_252' title='bbox 421 4795 460 4854; x_wconf 92' lang='lat' dir='ltr'>ab</span> <span class='ocrx_word' id='word_1_253' title='bbox 484 4793 629 4853; x_wconf 84' lang='lat' dir='ltr'>instantis</span> <span class='ocrx_word' id='word_1_254' title='bbox 653 4791 767 4851; x_wconf 88' lang='lat' dir='ltr'>inimici</span> <span class='ocrx_word' id='word_1_255' title='bbox 791 4791 894 4850; x_wconf 86' lang='lat' dir='ltr'>lurore</span> <span class='ocrx_word' id='word_1_256' title='bbox 919 4798 950 4849; x_wconf 90' lang='lat' dir='ltr'>et</span> <span class='ocrx_word' id='word_1_257' title='bbox 977 4789 1211 4869; x_wconf 80' lang='lat' dir='ltr'>egressionibus</span> <span class='ocrx_word' id='word_1_258' title='bbox 1234 4795 1344 4862; x_wconf 90' lang='lat' dir='ltr'>tutum,</span> <span class='ocrx_word' id='word_1_259' title='bbox 1368 4802 1575 4862; x_wconf 84' lang='lat' dir='ltr'>securumque</span> 
     </span>
     <span class='ocr_line' id='line_1_35' title="bbox 297 4891 1575 4976; baseline -0.012 -12"><span class='ocrx_word' id='word_1_260' title='bbox 297 4905 438 4976; x_wconf 88' lang='lat' dir='ltr'>reddant,</span> <span class='ocrx_word' id='word_1_261' title='bbox 471 4902 496 4961; x_wconf 92' lang='lat' dir='ltr'>is</span> <span class='ocrx_word' id='word_1_262' title='bbox 529 4901 611 4961; x_wconf 90' lang='lat' dir='ltr'>enim</span> <span class='ocrx_word' id='word_1_263' title='bbox 643 4917 820 4972; x_wconf 87' lang='lat' dir='ltr'>numeroso,</span> <span class='ocrx_word' id='word_1_264' title='bbox 852 4916 944 4976; x_wconf 86' lang='lat' dir='ltr'>quem</span> <span class='ocrx_word' id='word_1_265' title='bbox 972 4895 1110 4973; x_wconf 91' lang='lat' dir='ltr'>undique</span> <span class='ocrx_word' id='word_1_266' title='bbox 1135 4893 1251 4974; x_wconf 88' lang='lat' dir='ltr'>colligit</span> <span class='ocrx_word' id='word_1_267' title='bbox 1282 4892 1420 4953; x_wconf 86' lang='lat' dir='ltr'>exercito</span> <span class='ocrx_word' id='word_1_268' title='bbox 1443 4891 1575 4970; x_wconf 89' lang='lat' dir='ltr'>stipatus</span> 
     </span>
    </p>
   </div>
   <div class='ocr_carea' id='block_1_7' title="bbox 295 4999 1572 5149">
    <p class='ocr_par' dir='ltr' id='par_1_7' title="bbox 295 4999 1572 5149">
     <span class='ocr_line' id='line_1_36' title="bbox 295 4999 1572 5079; baseline -0.012 -7"><span class='ocrx_word' id='word_1_269' title='bbox 295 5032 350 5072; x_wconf 89' lang='lat' dir='ltr'>eas</span> <span class='ocrx_word' id='word_1_270' title='bbox 375 5012 405 5070; x_wconf 90' lang='lat' dir='ltr'>in</span> <span class='ocrx_word' id='word_1_271' title='bbox 431 5009 581 5070; x_wconf 86' lang='lat' dir='ltr'>advicinis</span> <span class='ocrx_word' id='word_1_272' title='bbox 606 5006 822 5067; x_wconf 90' lang='lat' dir='ltr'>haereditariis</span> <span class='ocrx_word' id='word_1_273' title='bbox 854 5004 968 5063; x_wconf 89' lang='lat' dir='ltr'>nostris</span> <span class='ocrx_word' id='word_1_274' title='bbox 998 5001 1194 5062; x_wconf 87' lang='lat' dir='ltr'>Germanicis</span> <span class='ocrx_word' id='word_1_275' title='bbox 1217 5000 1385 5079; x_wconf 91' lang='lat' dir='ltr'>provinciis</span> <span class='ocrx_word' id='word_1_276' title='bbox 1407 4999 1481 5059; x_wconf 85' lang='lat' dir='ltr'>facit</span> <span class='ocrx_word' id='word_1_277' title='bbox 1503 5016 1572 5076; x_wconf 93' lang='lat' dir='ltr'>pro·</span> 
     </span>
     <span class='ocr_line' id='line_1_37' title="bbox 1488 5117 1502 5149; baseline 0 0"><span class='ocrx_word' id='word_1_278' title='bbox 1488 5117 1502 5149; x_wconf 62' lang='grc'>1</span> 
     </span>
    </p>
   </div>
   <div class='ocr_carea' id='block_1_8' title="bbox 0 0 1972 5542">
    <p class='ocr_par' dir='ltr' id='par_1_8' title="bbox 0 0 1972 5542">
     <span class='ocr_line' id='line_1_38' title="bbox 0 0 1972 5542; baseline 0 0"><span class='ocrx_word' id='word_1_279' title='bbox 0 0 1972 5542; x_wconf 95' lang='lat' dir='ltr'> </span> 
     </span>
    </p>
   </div>
  </div>
 </body>
</html>
