<?xml version="1.0" encoding="UTF-8"?>
<!DOCTYPE html PUBLIC "-//W3C//DTD XHTML 1.0 Transitional//EN"
    "http://www.w3.org/TR/xhtml1/DTD/xhtml1-transitional.dtd">
<html xmlns="http://www.w3.org/1999/xhtml" xml:lang="en" lang="en">
 <head>
  <title>
</title>
<meta http-equiv="Content-Type" content="text/html;charset=utf-8" />
  <meta name='ocr-system' content='tesseract 3.04.00' />
  <meta name='ocr-capabilities' content='ocr_page ocr_carea ocr_par ocr_line ocrx_word'/>
</head>
<body>
  <div class='ocr_page' id='page_1' title='image "./povjesnispomeni00laszgoog_0274.png"; bbox 0 0 3934 5550; ppageno 0'>
   <div class='ocr_carea' id='block_1_1' title="bbox 511 624 995 709">
    <p class='ocr_par' dir='ltr' id='par_1_1' title="bbox 511 624 995 709">
     <span class='ocr_line' id='line_1_1' title="bbox 511 624 995 709; baseline 0.023 -21"><span class='ocrx_word' id='word_1_1' title='bbox 511 674 532 709; x_wconf 77' lang='grc'><em>,</em></span> <span class='ocrx_word' id='word_1_2' title='bbox 892 624 995 699; x_wconf 78' lang='lat' dir='ltr'>rsa.</span> 
     </span>
    </p>
   </div>
   <div class='ocr_carea' id='block_1_2' title="bbox 409 843 1006 908">
    <p class='ocr_par' dir='ltr' id='par_1_2' title="bbox 409 843 1006 908">
     <span class='ocr_line' id='line_1_2' title="bbox 409 843 1006 908; baseline 0.003 -4"><span class='ocrx_word' id='word_1_3' title='bbox 409 846 501 905; x_wconf 83' lang='lat' dir='ltr'>Anno</span> <span class='ocrx_word' id='word_1_4' title='bbox 529 844 621 907; x_wconf 89' lang='grc'><strong>1708.</strong></span> <span class='ocrx_word' id='word_1_5' title='bbox 651 843 696 908; x_wconf 86' lang='grc'>14,</span> <span class='ocrx_word' id='word_1_6' title='bbox 721 846 831 906; x_wconf 86' lang='lat' dir='ltr'>martii.</span> <span class='ocrx_word' id='word_1_7' title='bbox 855 846 1006 906; x_wconf 86' lang='lat' dir='ltr'><strong>Viennae.</strong></span> 
     </span>
    </p>
   </div>
   <div class='ocr_carea' id='block_1_3' title="bbox 301 1057 1581 1359">
    <p class='ocr_par' dir='ltr' id='par_1_3' title="bbox 301 1057 1581 1359">
     <span class='ocr_line' id='line_1_3' title="bbox 304 1057 1581 1144; baseline 0.002 -23"><span class='ocrx_word' id='word_1_8' title='bbox 304 1057 464 1143; x_wconf 79' lang='lat' dir='ltr'><strong><em>Iosephus</em></strong></span> <span class='ocrx_word' id='word_1_9' title='bbox 495 1057 520 1121; x_wconf 89' lang='lat' dir='ltr'>I.</span> <span class='ocrx_word' id='word_1_10' title='bbox 551 1058 761 1144; x_wconf 84' lang='lat' dir='ltr'>Hungoriae</span> <span class='ocrx_word' id='word_1_11' title='bbox 789 1062 848 1123; x_wconf 82' lang='lat' dir='ltr'>etc.</span> <span class='ocrx_word' id='word_1_12' title='bbox 873 1078 940 1135; x_wconf 73' lang='lat' dir='ltr'>ran,</span> <span class='ocrx_word' id='word_1_13' title='bbox 960 1058 1149 1143; x_wconf 82' lang='lat' dir='ltr'>privilegia</span> <span class='ocrx_word' id='word_1_14' title='bbox 1183 1060 1364 1144; x_wconf 79' lang='lat' dir='ltr'>(exemptio</span> <span class='ocrx_word' id='word_1_15' title='bbox 1387 1082 1409 1123; x_wconf 85' lang='lat' dir='ltr'>a</span> <span class='ocrx_word' id='word_1_16' title='bbox 1433 1060 1526 1124; x_wconf 80' lang='lat' dir='ltr'>taxis</span> <span class='ocrx_word' id='word_1_17' title='bbox 1548 1063 1581 1123; x_wconf 82' lang='lat' dir='ltr'>et</span> 
     </span>
     <span class='ocr_line' id='line_1_4' title="bbox 301 1163 1581 1254; baseline 0.002 -25"><span class='ocrx_word' id='word_1_18' title='bbox 301 1164 627 1249; x_wconf 80' lang='lat' dir='ltr'>contributionibus)</span> <span class='ocrx_word' id='word_1_19' title='bbox 642 1163 812 1231; x_wconf 79' lang='lat' dir='ltr'><em>nobilium</em></span> <span class='ocrx_word' id='word_1_20' title='bbox 828 1166 869 1231; x_wconf 80' lang='lat' dir='ltr'>de</span> <span class='ocrx_word' id='word_1_21' title='bbox 886 1166 1015 1251; x_wconf 78' lang='lat' dir='ltr'>Campo</span> <span class='ocrx_word' id='word_1_22' title='bbox 1030 1166 1261 1253; x_wconf 83' lang='lat' dir='ltr'>Zagrabiensi</span> <span class='ocrx_word' id='word_1_23' title='bbox 1277 1165 1469 1254; x_wconf 85' lang='lat' dir='ltr'>Turopolyo</span> <span class='ocrx_word' id='word_1_24' title='bbox 1480 1166 1581 1248; x_wconf 82' lang='lat' dir='ltr'>dicto,</span> 
     </span>
     <span class='ocr_line' id='line_1_5' title="bbox 845 1273 1040 1359; baseline 0 -20"><span class='ocrx_word' id='word_1_25' title='bbox 845 1273 1040 1359; x_wconf 83' lang='lat' dir='ltr'>corrfirmot.</span> 
     </span>
    </p>
   </div>
   <div class='ocr_carea' id='block_1_4' title="bbox 300 1492 1580 1788">
    <p class='ocr_par' dir='ltr' id='par_1_4' title="bbox 300 1492 1580 1788">
     <span class='ocr_line' id='line_1_6' title="bbox 408 1492 1579 1571; baseline 0.002 -20"><span class='ocrx_word' id='word_1_26' title='bbox 408 1494 474 1552; x_wconf 94' lang='lat' dir='ltr'>Nos</span> <span class='ocrx_word' id='word_1_27' title='bbox 499 1492 648 1571; x_wconf 85' lang='lat' dir='ltr'>Iosephus</span> <span class='ocrx_word' id='word_1_28' title='bbox 672 1492 723 1552; x_wconf 91' lang='lat' dir='ltr'>dei</span> <span class='ocrx_word' id='word_1_29' title='bbox 747 1492 851 1571; x_wconf 86' lang='lat' dir='ltr'>gratia</span> <span class='ocrx_word' id='word_1_30' title='bbox 876 1493 993 1553; x_wconf 89' lang='lat' dir='ltr'>electus</span> <span class='ocrx_word' id='word_1_31' title='bbox 1017 1494 1229 1553; x_wconf 87' lang='lat' dir='ltr'>Romanorum</span> <span class='ocrx_word' id='word_1_32' title='bbox 1253 1494 1422 1571; x_wconf 88' lang='lat' dir='ltr'>imperator</span> <span class='ocrx_word' id='word_1_33' title='bbox 1455 1512 1579 1571; x_wconf 84' lang='lat' dir='ltr'>semper</span> 
     </span>
     <span class='ocr_line' id='line_1_7' title="bbox 301 1600 1577 1681; baseline 0 -22"><span class='ocrx_word' id='word_1_34' title='bbox 301 1610 464 1681; x_wconf 86' lang='lat' dir='ltr'>augustus,</span> <span class='ocrx_word' id='word_1_35' title='bbox 488 1620 524 1659; x_wconf 91' lang='lat' dir='ltr'>ac</span> <span class='ocrx_word' id='word_1_36' title='bbox 549 1600 747 1674; x_wconf 82' lang='lat' dir='ltr'>Germaniae,</span> <span class='ocrx_word' id='word_1_37' title='bbox 778 1601 972 1681; x_wconf 85' lang='lat' dir='ltr'>Hungariae,</span> <span class='ocrx_word' id='word_1_38' title='bbox 996 1601 1175 1675; x_wconf 87' lang='lat' dir='ltr'>Bohemiae,</span> <span class='ocrx_word' id='word_1_39' title='bbox 1209 1601 1394 1677; x_wconf 86' lang='lat' dir='ltr'>Dalmatiae,</span> <span class='ocrx_word' id='word_1_40' title='bbox 1419 1600 1577 1675; x_wconf 88' lang='lat' dir='ltr'>Croatiae,</span> 
     </span>
     <span class='ocr_line' id='line_1_8' title="bbox 300 1708 1580 1788; baseline -0.001 -20"><span class='ocrx_word' id='word_1_41' title='bbox 300 1708 550 1788; x_wconf 90' lang='lat' dir='ltr'>Sclauoniaeque</span> <span class='ocrx_word' id='word_1_42' title='bbox 574 1717 632 1767; x_wconf 90' lang='lat' dir='ltr'>etc.</span> <span class='ocrx_word' id='word_1_43' title='bbox 655 1726 719 1777; x_wconf 85' lang='lat' dir='ltr'>rex,</span> <span class='ocrx_word' id='word_1_44' title='bbox 744 1708 893 1768; x_wconf 79' lang='lat' dir='ltr'>archidux</span> <span class='ocrx_word' id='word_1_45' title='bbox 917 1709 1073 1783; x_wconf 85' lang='lat' dir='ltr'>Austriae,</span> <span class='ocrx_word' id='word_1_46' title='bbox 1105 1710 1167 1768; x_wconf 92' lang='lat' dir='ltr'>dux</span> <span class='ocrx_word' id='word_1_47' title='bbox 1198 1709 1410 1788; x_wconf 88' lang='lat' dir='ltr'>Burgundiae,</span> <span class='ocrx_word' id='word_1_48' title='bbox 1440 1708 1580 1768; x_wconf 90' lang='lat' dir='ltr'>Braban-</span> 
     </span>
    </p>
   </div>
   <div class='ocr_carea' id='block_1_5' title="bbox 299 1815 1662 1894">
    <p class='ocr_par' dir='ltr' id='par_1_5' title="bbox 299 1815 1662 1894">
     <span class='ocr_line' id='line_1_9' title="bbox 299 1815 1662 1894; baseline 0.001 -19"><span class='ocrx_word' id='word_1_49' title='bbox 299 1817 369 1891; x_wconf 89' lang='lat' dir='ltr'>tiae,</span> <span class='ocrx_word' id='word_1_50' title='bbox 393 1816 525 1894; x_wconf 89' lang='lat' dir='ltr'>Styriae,</span> <span class='ocrx_word' id='word_1_51' title='bbox 550 1815 742 1886; x_wconf 78' lang='lat' dir='ltr'>Carinthiae,</span> <span class='ocrx_word' id='word_1_52' title='bbox 767 1816 955 1890; x_wconf 89' lang='lat' dir='ltr'>Carnioliae,</span> <span class='ocrx_word' id='word_1_53' title='bbox 979 1817 1118 1877; x_wconf 90' lang='lat' dir='ltr'>marchio</span> <span class='ocrx_word' id='word_1_54' title='bbox 1149 1817 1322 1891; x_wconf 91' lang='lat' dir='ltr'>Morauiae,</span> <span class='ocrx_word' id='word_1_55' title='bbox 1355 1817 1417 1876; x_wconf 89' lang='lat' dir='ltr'>dux</span> <span class='ocrx_word' id='word_1_56' title='bbox 1449 1818 1579 1877; x_wconf 89' lang='lat' dir='ltr'>Lucem·</span> <span class='ocrx_word' id='word_1_57' title='bbox 1656 1851 1662 1866; x_wconf 89' lang='lat'><strong>·</strong></span> 
     </span>
    </p>
   </div>
   <div class='ocr_carea' id='block_1_6' title="bbox 294 1923 1580 5018">
    <p class='ocr_par' dir='ltr' id='par_1_6' title="bbox 294 1923 1580 5018">
     <span class='ocr_line' id='line_1_10' title="bbox 298 1923 1580 2006; baseline 0 -21"><span class='ocrx_word' id='word_1_58' title='bbox 298 1927 428 2006; x_wconf 86' lang='lat' dir='ltr'>burgae,</span> <span class='ocrx_word' id='word_1_59' title='bbox 452 1944 489 1985; x_wconf 88' lang='lat' dir='ltr'>ac</span> <span class='ocrx_word' id='word_1_60' title='bbox 513 1924 689 2002; x_wconf 88' lang='lat' dir='ltr'>Superioris</span> <span class='ocrx_word' id='word_1_61' title='bbox 708 1932 739 1985; x_wconf 86' lang='lat' dir='ltr'>et</span> <span class='ocrx_word' id='word_1_62' title='bbox 754 1924 912 1985; x_wconf 83' lang='lat' dir='ltr'>Inferioris</span> <span class='ocrx_word' id='word_1_63' title='bbox 929 1924 1070 2000; x_wconf 90' lang='lat' dir='ltr'>Silesiae,</span> <span class='ocrx_word' id='word_1_64' title='bbox 1085 1923 1380 2005; x_wconf 87' lang='lat' dir='ltr'>Wierthembergae</span> <span class='ocrx_word' id='word_1_65' title='bbox 1397 1933 1428 1985; x_wconf 91' lang='lat' dir='ltr'>et</span> <span class='ocrx_word' id='word_1_66' title='bbox 1441 1926 1580 1995; x_wconf 76' lang='lat' dir='ltr'>Thebae,</span> 
     </span>
     <span class='ocr_line' id='line_1_11' title="bbox 298 2032 1577 2113; baseline 0.002 -20"><span class='ocrx_word' id='word_1_67' title='bbox 298 2034 442 2113; x_wconf 89' lang='lat' dir='ltr'>princeps</span> <span class='ocrx_word' id='word_1_68' title='bbox 465 2033 610 2107; x_wconf 79' lang='lat' dir='ltr'>Sveviae,</span> <span class='ocrx_word' id='word_1_69' title='bbox 635 2052 740 2092; x_wconf 90' lang='lat' dir='ltr'>comes</span> <span class='ocrx_word' id='word_1_70' title='bbox 765 2032 956 2113; x_wconf 87' lang='lat' dir='ltr'>Habspurgi,</span> <span class='ocrx_word' id='word_1_71' title='bbox 987 2033 1109 2107; x_wconf 79' lang='lat' dir='ltr'>Thotis,</span> <span class='ocrx_word' id='word_1_72' title='bbox 1132 2033 1260 2107; x_wconf 88' lang='lat' dir='ltr'>Ferreti,</span> <span class='ocrx_word' id='word_1_73' title='bbox 1291 2033 1436 2113; x_wconf 87' lang='lat' dir='ltr'>Kyburgi</span> <span class='ocrx_word' id='word_1_74' title='bbox 1460 2043 1491 2094; x_wconf 91' lang='lat' dir='ltr'>et</span> <span class='ocrx_word' id='word_1_75' title='bbox 1515 2034 1577 2095; x_wconf 91' lang='lat' dir='ltr'>Go-</span> 
     </span>
     <span class='ocr_line' id='line_1_12' title="bbox 299 2140 1576 2221; baseline 0.001 -21"><span class='ocrx_word' id='word_1_76' title='bbox 299 2141 387 2201; x_wconf 88' lang='lat' dir='ltr'>ritiae</span> <span class='ocrx_word' id='word_1_77' title='bbox 422 2150 480 2203; x_wconf 89' lang='lat' dir='ltr'>etc.</span> <span class='ocrx_word' id='word_1_78' title='bbox 504 2140 674 2200; x_wconf 82' lang='lat' dir='ltr'>memoriae</span> <span class='ocrx_word' id='word_1_79' title='bbox 699 2140 957 2200; x_wconf 88' lang='lat' dir='ltr'>commendamus</span> <span class='ocrx_word' id='word_1_80' title='bbox 994 2149 1102 2201; x_wconf 90' lang='lat' dir='ltr'>tenore</span> <span class='ocrx_word' id='word_1_81' title='bbox 1126 2140 1337 2219; x_wconf 89' lang='lat' dir='ltr'>praesentium</span> <span class='ocrx_word' id='word_1_82' title='bbox 1362 2140 1576 2221; x_wconf 84' lang='lat' dir='ltr'>significantes</span> 
     </span>
     <span class='ocr_line' id='line_1_13' title="bbox 299 2247 1576 2329; baseline 0.002 -22"><span class='ocrx_word' id='word_1_83' title='bbox 299 2249 411 2327; x_wconf 91' lang='lat' dir='ltr'>quibus</span> <span class='ocrx_word' id='word_1_84' title='bbox 436 2248 561 2326; x_wconf 90' lang='lat' dir='ltr'>expedit</span> <span class='ocrx_word' id='word_1_85' title='bbox 585 2247 750 2321; x_wconf 91' lang='lat' dir='ltr'>universis,</span> <span class='ocrx_word' id='word_1_86' title='bbox 774 2247 857 2327; x_wconf 93' lang='lat' dir='ltr'>quod</span> <span class='ocrx_word' id='word_1_87' title='bbox 873 2248 981 2308; x_wconf 91' lang='lat' dir='ltr'>fideles</span> <span class='ocrx_word' id='word_1_88' title='bbox 998 2248 1095 2308; x_wconf 82' lang='lat' dir='ltr'>nostri</span> <span class='ocrx_word' id='word_1_89' title='bbox 1111 2247 1233 2328; x_wconf 84' lang='lat' dir='ltr'>egregii</span> <span class='ocrx_word' id='word_1_90' title='bbox 1249 2248 1427 2308; x_wconf 91' lang='lat' dir='ltr'>Ludovicus</span> <span class='ocrx_word' id='word_1_91' title='bbox 1443 2249 1576 2329; x_wconf 90' lang='lat' dir='ltr'>Vagich,</span> 
     </span>
     <span class='ocr_line' id='line_1_14' title="bbox 299 2354 1578 2432; baseline 0.002 -17"><span class='ocrx_word' id='word_1_92' title='bbox 299 2375 404 2416; x_wconf 89' lang='lat' dir='ltr'>comes</span> <span class='ocrx_word' id='word_1_93' title='bbox 429 2356 593 2432; x_wconf 90' lang='lat' dir='ltr'>terrestris,</span> <span class='ocrx_word' id='word_1_94' title='bbox 619 2364 649 2413; x_wconf 92' lang='lat' dir='ltr'>et</span> <span class='ocrx_word' id='word_1_95' title='bbox 684 2354 839 2414; x_wconf 89' lang='lat' dir='ltr'>Martinus</span> <span class='ocrx_word' id='word_1_96' title='bbox 862 2354 1001 2430; x_wconf 88' lang='lat' dir='ltr'>Mudich,</span> <span class='ocrx_word' id='word_1_97' title='bbox 1036 2355 1155 2415; x_wconf 90' lang='lat' dir='ltr'>iuratus</span> <span class='ocrx_word' id='word_1_98' title='bbox 1191 2374 1333 2415; x_wconf 86' lang='lat' dir='ltr'>assessor</span> <span class='ocrx_word' id='word_1_99' title='bbox 1366 2356 1578 2417; x_wconf 85' lang='lat' dir='ltr'>universitatis</span> 
     </span>
     <span class='ocr_line' id='line_1_15' title="bbox 298 2462 1576 2541; baseline 0.001 -18"><span class='ocrx_word' id='word_1_100' title='bbox 298 2464 445 2525; x_wconf 87' lang='lat' dir='ltr'>nobilium</span> <span class='ocrx_word' id='word_1_101' title='bbox 469 2464 560 2523; x_wconf 91' lang='lat' dir='ltr'>unius</span> <span class='ocrx_word' id='word_1_102' title='bbox 585 2462 735 2523; x_wconf 88' lang='lat' dir='ltr'>sessionis</span> <span class='ocrx_word' id='word_1_103' title='bbox 760 2462 874 2541; x_wconf 89' lang='lat' dir='ltr'>Campi</span> <span class='ocrx_word' id='word_1_104' title='bbox 898 2462 1121 2541; x_wconf 86' lang='lat' dir='ltr'>Zagrabiensis</span> <span class='ocrx_word' id='word_1_105' title='bbox 1144 2464 1324 2541; x_wconf 86' lang='lat' dir='ltr'>Turopolya</span> <span class='ocrx_word' id='word_1_106' title='bbox 1340 2464 1422 2538; x_wconf 91' lang='lat' dir='ltr'>dicti,</span> <span class='ocrx_word' id='word_1_107' title='bbox 1437 2472 1502 2523; x_wconf 93' lang='lat' dir='ltr'>tam</span> <span class='ocrx_word' id='word_1_108' title='bbox 1518 2484 1576 2524; x_wconf 86' lang='lat' dir='ltr'>suo</span> 
     </span>
     <span class='ocr_line' id='line_1_16' title="bbox 298 2570 1580 2651; baseline 0.002 -20"><span class='ocrx_word' id='word_1_109' title='bbox 298 2591 392 2651; x_wconf 88' lang='lat' dir='ltr'>quam</span> <span class='ocrx_word' id='word_1_110' title='bbox 416 2580 447 2631; x_wconf 89' lang='lat' dir='ltr'>et</span> <span class='ocrx_word' id='word_1_111' title='bbox 471 2590 543 2630; x_wconf 91' lang='lat' dir='ltr'>mox</span> <span class='ocrx_word' id='word_1_112' title='bbox 567 2571 669 2630; x_wconf 90' lang='lat' dir='ltr'>dictae</span> <span class='ocrx_word' id='word_1_113' title='bbox 694 2570 903 2629; x_wconf 86' lang='lat' dir='ltr'>universitatis</span> <span class='ocrx_word' id='word_1_114' title='bbox 928 2570 1104 2630; x_wconf 91' lang='lat' dir='ltr'>nominibus</span> <span class='ocrx_word' id='word_1_115' title='bbox 1124 2578 1156 2630; x_wconf 91' lang='lat' dir='ltr'>et</span> <span class='ocrx_word' id='word_1_116' title='bbox 1171 2570 1201 2629; x_wconf 91' lang='lat' dir='ltr'>in</span> <span class='ocrx_word' id='word_1_117' title='bbox 1218 2570 1369 2649; x_wconf 90' lang='lat' dir='ltr'>personis,</span> <span class='ocrx_word' id='word_1_118' title='bbox 1384 2572 1580 2633; x_wconf 87' lang='lat' dir='ltr'>exhibuerint</span> 
     </span>
     <span class='ocr_line' id='line_1_17' title="bbox 298 2678 1578 2759; baseline 0.001 -20"><span class='ocrx_word' id='word_1_119' title='bbox 298 2690 329 2739; x_wconf 91' lang='lat' dir='ltr'>et</span> <span class='ocrx_word' id='word_1_120' title='bbox 354 2679 622 2757; x_wconf 84' lang='lat' dir='ltr'>praesentaverint</span> <span class='ocrx_word' id='word_1_121' title='bbox 654 2678 744 2738; x_wconf 90' lang='lat' dir='ltr'>nobis</span> <span class='ocrx_word' id='word_1_122' title='bbox 778 2686 880 2737; x_wconf 89' lang='lat' dir='ltr'>certas</span> <span class='ocrx_word' id='word_1_123' title='bbox 912 2679 1066 2757; x_wconf 88' lang='lat' dir='ltr'>quasdam</span> <span class='ocrx_word' id='word_1_124' title='bbox 1098 2678 1288 2739; x_wconf 88' lang='lat' dir='ltr'>serenissimi</span> <span class='ocrx_word' id='word_1_125' title='bbox 1322 2680 1393 2738; x_wconf 89' lang='lat' dir='ltr'>olim</span> <span class='ocrx_word' id='word_1_126' title='bbox 1430 2678 1578 2759; x_wconf 86' lang='lat' dir='ltr'>principis</span> 
     </span>
     <span class='ocr_line' id='line_1_18' title="bbox 299 2786 1575 2866; baseline 0.001 -18"><span class='ocrx_word' id='word_1_127' title='bbox 299 2787 415 2848; x_wconf 92' lang='lat' dir='ltr'>domini</span> <span class='ocrx_word' id='word_1_128' title='bbox 440 2788 590 2865; x_wconf 90' lang='lat' dir='ltr'>Leopoldi</span> <span class='ocrx_word' id='word_1_129' title='bbox 613 2788 824 2846; x_wconf 86' lang='lat' dir='ltr'>Romanorum</span> <span class='ocrx_word' id='word_1_130' title='bbox 848 2786 1045 2865; x_wconf 89' lang='lat' dir='ltr'>imperatoris</span> <span class='ocrx_word' id='word_1_131' title='bbox 1068 2805 1107 2846; x_wconf 88' lang='lat' dir='ltr'>ac</span> <span class='ocrx_word' id='word_1_132' title='bbox 1130 2786 1215 2866; x_wconf 89' lang='lat' dir='ltr'>regis</span> <span class='ocrx_word' id='word_1_133' title='bbox 1244 2787 1436 2866; x_wconf 89' lang='lat' dir='ltr'>Hungariae‚</span> <span class='ocrx_word' id='word_1_134' title='bbox 1467 2789 1575 2849; x_wconf 90' lang='lat' dir='ltr'>imme-</span> 
     </span>
     <span class='ocr_line' id='line_1_19' title="bbox 298 2893 1574 2974; baseline 0.001 -19"><span class='ocrx_word' id='word_1_135' title='bbox 298 2895 372 2955; x_wconf 89' lang='lat' dir='ltr'>diati</span> <span class='ocrx_word' id='word_1_136' title='bbox 397 2895 648 2974; x_wconf 87' lang='lat' dir='ltr'>praedecessoris</span> <span class='ocrx_word' id='word_1_137' title='bbox 674 2913 711 2954; x_wconf 85' lang='lat' dir='ltr'>ae</span> <span class='ocrx_word' id='word_1_138' title='bbox 734 2893 885 2974; x_wconf 86' lang='lat' dir='ltr'>genitoris</span> <span class='ocrx_word' id='word_1_139' title='bbox 908 2894 1007 2954; x_wconf 90' lang='lat' dir='ltr'>nostri</span> <span class='ocrx_word' id='word_1_140' title='bbox 1039 2893 1296 2955; x_wconf 86' lang='lat' dir='ltr'>desideratissimi</span> <span class='ocrx_word' id='word_1_141' title='bbox 1329 2895 1441 2955; x_wconf 86' lang='lat' dir='ltr'>beatae</span> <span class='ocrx_word' id='word_1_142' title='bbox 1473 2916 1574 2956; x_wconf 90' lang='lat' dir='ltr'>recor·</span> 
     </span>
     <span class='ocr_line' id='line_1_20' title="bbox 298 3001 1575 3082; baseline 0.001 -20"><span class='ocrx_word' id='word_1_143' title='bbox 298 3003 440 3076; x_wconf 70' lang='lat' dir='ltr'>dationis</span> <span class='ocrx_word' id='word_1_144' title='bbox 465 3001 684 3082; x_wconf 78' lang='lat' dir='ltr'>privilegialeS,</span> <span class='ocrx_word' id='word_1_145' title='bbox 708 3002 738 3061; x_wconf 93' lang='lat' dir='ltr'>in</span> <span class='ocrx_word' id='word_1_146' title='bbox 764 3021 846 3061; x_wconf 89' lang='lat' dir='ltr'>anno</span> <span class='ocrx_word' id='word_1_147' title='bbox 870 3001 987 3061; x_wconf 90' lang='lat' dir='ltr'>domini</span> <span class='ocrx_word' id='word_1_148' title='bbox 1003 3001 1167 3061; x_wconf 90' lang='lat' dir='ltr'>millesimo</span> <span class='ocrx_word' id='word_1_149' title='bbox 1184 3002 1463 3082; x_wconf 88' lang='lat' dir='ltr'>septingentesimo</span> <span class='ocrx_word' id='word_1_150' title='bbox 1474 3003 1575 3080; x_wconf 90' lang='lat' dir='ltr'>terti0,</span> 
     </span>
     <span class='ocr_line' id='line_1_21' title="bbox 298 3109 1575 3187; baseline 0.002 -18"><span class='ocrx_word' id='word_1_151' title='bbox 298 3111 347 3169; x_wconf 91' lang='lat' dir='ltr'>die</span> <span class='ocrx_word' id='word_1_152' title='bbox 372 3110 558 3170; x_wconf 87' lang='lat' dir='ltr'>duodecima</span> <span class='ocrx_word' id='word_1_153' title='bbox 581 3110 697 3169; x_wconf 87' lang='lat' dir='ltr'>mensis</span> <span class='ocrx_word' id='word_1_154' title='bbox 721 3109 905 3186; x_wconf 84' lang='lat' dir='ltr'>decembris,</span> <span class='ocrx_word' id='word_1_155' title='bbox 923 3109 986 3169; x_wconf 88' lang='lat' dir='ltr'>iarn</span> <span class='ocrx_word' id='word_1_156' title='bbox 1004 3109 1188 3187; x_wconf 87' lang='lat' dir='ltr'>praeteritis,</span> <span class='ocrx_word' id='word_1_157' title='bbox 1204 3109 1236 3167; x_wconf 94' lang='lat' dir='ltr'>in</span> <span class='ocrx_word' id='word_1_158' title='bbox 1252 3110 1312 3168; x_wconf 90' lang='lat' dir='ltr'>hac</span> <span class='ocrx_word' id='word_1_159' title='bbox 1327 3109 1453 3170; x_wconf 90' lang='lat' dir='ltr'>civitate</span> <span class='ocrx_word' id='word_1_160' title='bbox 1462 3121 1575 3181; x_wconf 83' lang='lat' dir='ltr'>nostra</span> 
     </span>
     <span class='ocr_line' id='line_1_22' title="bbox 298 3215 1574 3299; baseline 0.002 -22"><span class='ocrx_word' id='word_1_161' title='bbox 298 3219 421 3278; x_wconf 90' lang='lat' dir='ltr'>Vienna</span> <span class='ocrx_word' id='word_1_162' title='bbox 443 3217 598 3291; x_wconf 82' lang='lat' dir='ltr'>Austriae,</span> <span class='ocrx_word' id='word_1_163' title='bbox 623 3217 654 3276; x_wconf 94' lang='lat' dir='ltr'>in</span> <span class='ocrx_word' id='word_1_164' title='bbox 677 3217 777 3276; x_wconf 84' lang='lat' dir='ltr'>forma</span> <span class='ocrx_word' id='word_1_165' title='bbox 800 3215 894 3277; x_wconf 86' lang='lat' dir='ltr'>libelli</span> <span class='ocrx_word' id='word_1_166' title='bbox 918 3217 1078 3277; x_wconf 76' lang='lat' dir='ltr'>coniectas</span> <span class='ocrx_word' id='word_1_167' title='bbox 1102 3226 1133 3276; x_wconf 91' lang='lat' dir='ltr'>et</span> <span class='ocrx_word' id='word_1_168' title='bbox 1166 3226 1337 3292; x_wconf 88' lang='lat' dir='ltr'>emanatas,</span> <span class='ocrx_word' id='word_1_169' title='bbox 1369 3219 1574 3299; x_wconf 88' lang='lat' dir='ltr'>propriaeque</span> 
     </span>
     <span class='ocr_line' id='line_1_23' title="bbox 298 3323 1574 3405; baseline 0.002 -21"><span class='ocrx_word' id='word_1_170' title='bbox 298 3345 409 3385; x_wconf 88' lang='lat' dir='ltr'>manus</span> <span class='ocrx_word' id='word_1_171' title='bbox 434 3325 573 3385; x_wconf 87' lang='lat' dir='ltr'>eiusdem</span> <span class='ocrx_word' id='word_1_172' title='bbox 598 3323 834 3402; x_wconf 84' lang='lat' dir='ltr'>subscriptione,</span> <span class='ocrx_word' id='word_1_173' title='bbox 859 3343 897 3384; x_wconf 88' lang='lat' dir='ltr'>ae</span> <span class='ocrx_word' id='word_1_174' title='bbox 929 3324 1040 3384; x_wconf 91' lang='lat' dir='ltr'>secreti</span> <span class='ocrx_word' id='word_1_175' title='bbox 1072 3324 1199 3384; x_wconf 89' lang='lat' dir='ltr'>maioris</span> <span class='ocrx_word' id='word_1_176' title='bbox 1230 3323 1331 3405; x_wconf 88' lang='lat' dir='ltr'>sigilli,</span> <span class='ocrx_word' id='word_1_177' title='bbox 1362 3345 1425 3404; x_wconf 90' lang='lat' dir='ltr'>quo</span> <span class='ocrx_word' id='word_1_178' title='bbox 1456 3334 1490 3385; x_wconf 93' lang='lat' dir='ltr'>ut</span> <span class='ocrx_word' id='word_1_179' title='bbox 1519 3346 1574 3386; x_wconf 89' lang='lat' dir='ltr'>rex</span> 
     </span>
     <span class='ocr_line' id='line_1_24' title="bbox 299 3431 1575 3512; baseline 0.002 -20"><span class='ocrx_word' id='word_1_180' title='bbox 299 3433 482 3512; x_wconf 85' lang='lat' dir='ltr'>Hungariae</span> <span class='ocrx_word' id='word_1_181' title='bbox 507 3433 659 3506; x_wconf 89' lang='lat' dir='ltr'>utebatur,</span> <span class='ocrx_word' id='word_1_182' title='bbox 685 3432 877 3512; x_wconf 87' lang='lat' dir='ltr'>appensione</span> <span class='ocrx_word' id='word_1_183' title='bbox 902 3431 1109 3492; x_wconf 89' lang='lat' dir='ltr'>communitas</span> <span class='ocrx_word' id='word_1_184' title='bbox 1133 3440 1165 3492; x_wconf 90' lang='lat' dir='ltr'>et</span> <span class='ocrx_word' id='word_1_185' title='bbox 1186 3432 1359 3508; x_wconf 85' lang='lat' dir='ltr'>roboratas,</span> <span class='ocrx_word' id='word_1_186' title='bbox 1382 3433 1495 3512; x_wconf 90' lang='lat' dir='ltr'>quibus</span> <span class='ocrx_word' id='word_1_187' title='bbox 1510 3454 1575 3494; x_wconf 89' lang='lat' dir='ltr'>me-</span> 
     </span>
     <span class='ocr_line' id='line_1_25' title="bbox 299 3541 1575 3620; baseline 0.001 -20"><span class='ocrx_word' id='word_1_188' title='bbox 299 3542 455 3601; x_wconf 90' lang='lat' dir='ltr'>diantibus</span> <span class='ocrx_word' id='word_1_189' title='bbox 478 3542 668 3620; x_wconf 90' lang='lat' dir='ltr'>praelibatus</span> <span class='ocrx_word' id='word_1_190' title='bbox 692 3541 765 3601; x_wconf 90' lang='lat' dir='ltr'>olim</span> <span class='ocrx_word' id='word_1_191' title='bbox 789 3541 933 3601; x_wconf 90' lang='lat' dir='ltr'>dominus</span> <span class='ocrx_word' id='word_1_192' title='bbox 956 3541 1080 3620; x_wconf 88' lang='lat' dir='ltr'>genitor</span> <span class='ocrx_word' id='word_1_193' title='bbox 1103 3547 1134 3599; x_wconf 89' lang='lat' dir='ltr'>et</span> <span class='ocrx_word' id='word_1_194' title='bbox 1157 3541 1382 3618; x_wconf 89' lang='lat' dir='ltr'>praedecessor</span> <span class='ocrx_word' id='word_1_195' title='bbox 1397 3550 1504 3601; x_wconf 89' lang='lat' dir='ltr'>noster</span> <span class='ocrx_word' id='word_1_196' title='bbox 1520 3543 1575 3601; x_wconf 89' lang='lat' dir='ltr'>de·</span> 
     </span>
     <span class='ocr_line' id='line_1_26' title="bbox 299 3647 1574 3725; baseline 0.001 -17"><span class='ocrx_word' id='word_1_197' title='bbox 299 3648 551 3722; x_wconf 75' lang='lat' dir='ltr'>sideratissimuS,</span> <span class='ocrx_word' id='word_1_198' title='bbox 576 3657 679 3709; x_wconf 89' lang='lat' dir='ltr'>certas</span> <span class='ocrx_word' id='word_1_199' title='bbox 704 3648 780 3709; x_wconf 91' lang='lat' dir='ltr'>alias</span> <span class='ocrx_word' id='word_1_200' title='bbox 805 3647 996 3708; x_wconf 88' lang='lat' dir='ltr'>serenissimi</span> <span class='ocrx_word' id='word_1_201' title='bbox 1020 3647 1092 3707; x_wconf 92' lang='lat' dir='ltr'>olim</span> <span class='ocrx_word' id='word_1_202' title='bbox 1124 3647 1272 3725; x_wconf 90' lang='lat' dir='ltr'>principis</span> <span class='ocrx_word' id='word_1_203' title='bbox 1303 3648 1491 3708; x_wconf 85' lang='lat' dir='ltr'>Ferdinandi</span> <span class='ocrx_word' id='word_1_204' title='bbox 1526 3670 1574 3709; x_wconf 92' lang='lat' dir='ltr'>se-</span> 
     </span>
     <span class='ocr_line' id='line_1_27' title="bbox 298 3755 1575 3836; baseline 0.002 -21"><span class='ocrx_word' id='word_1_205' title='bbox 298 3757 400 3832; x_wconf 87' lang='lat' dir='ltr'>cundi,</span> <span class='ocrx_word' id='word_1_206' title='bbox 435 3775 535 3835; x_wconf 89' lang='lat' dir='ltr'>aeque</span> <span class='ocrx_word' id='word_1_207' title='bbox 570 3758 781 3817; x_wconf 91' lang='lat' dir='ltr'>Romanorum</span> <span class='ocrx_word' id='word_1_208' title='bbox 815 3757 1012 3834; x_wconf 88' lang='lat' dir='ltr'>imperatoris</span> <span class='ocrx_word' id='word_1_209' title='bbox 1048 3775 1086 3816; x_wconf 89' lang='lat' dir='ltr'>ac</span> <span class='ocrx_word' id='word_1_210' title='bbox 1117 3755 1202 3836; x_wconf 88' lang='lat' dir='ltr'>regis</span> <span class='ocrx_word' id='word_1_211' title='bbox 1232 3757 1425 3836; x_wconf 87' lang='lat' dir='ltr'>Hungariae,</span> <span class='ocrx_word' id='word_1_212' title='bbox 1458 3757 1575 3817; x_wconf 92' lang='lat' dir='ltr'>domini</span> 
     </span>
     <span class='ocr_line' id='line_1_28' title="bbox 298 3864 1574 3944; baseline 0.002 -20"><span class='ocrx_word' id='word_1_213' title='bbox 298 3865 407 3944; x_wconf 90' lang='lat' dir='ltr'>proavi</span> <span class='ocrx_word' id='word_1_214' title='bbox 431 3874 462 3924; x_wconf 91' lang='lat' dir='ltr'>et</span> <span class='ocrx_word' id='word_1_215' title='bbox 485 3865 738 3943; x_wconf 84' lang='lat' dir='ltr'>praedecessoris</span> <span class='ocrx_word' id='word_1_216' title='bbox 761 3865 859 3926; x_wconf 92' lang='lat' dir='ltr'>nostri</span> <span class='ocrx_word' id='word_1_217' title='bbox 883 3865 1040 3944; x_wconf 89' lang='lat' dir='ltr'>gloriosae</span> <span class='ocrx_word' id='word_1_218' title='bbox 1064 3864 1322 3938; x_wconf 87' lang='lat' dir='ltr'>reminiscentiae,</span> <span class='ocrx_word' id='word_1_219' title='bbox 1351 3864 1491 3925; x_wconf 91' lang='lat' dir='ltr'>similiter</span> <span class='ocrx_word' id='word_1_220' title='bbox 1514 3867 1574 3944; x_wconf 91' lang='lat' dir='ltr'>pri-</span> 
     </span>
     <span class='ocr_line' id='line_1_29' title="bbox 297 3971 1574 4052; baseline 0.002 -21"><span class='ocrx_word' id='word_1_221' title='bbox 297 3973 459 4052; x_wconf 86' lang='lat' dir='ltr'>vilegiales</span> <span class='ocrx_word' id='word_1_222' title='bbox 483 3973 598 4044; x_wconf 88' lang='lat' dir='ltr'>literas,</span> <span class='ocrx_word' id='word_1_223' title='bbox 624 3990 724 4051; x_wconf 90' lang='lat' dir='ltr'>aeque</span> <span class='ocrx_word' id='word_1_224' title='bbox 747 3971 779 4031; x_wconf 96' lang='lat' dir='ltr'>in</span> <span class='ocrx_word' id='word_1_225' title='bbox 803 3973 862 4032; x_wconf 85' lang='lat' dir='ltr'>hac</span> <span class='ocrx_word' id='word_1_226' title='bbox 894 3972 1019 4031; x_wconf 88' lang='lat' dir='ltr'>civitate</span> <span class='ocrx_word' id='word_1_227' title='bbox 1051 3980 1159 4031; x_wconf 91' lang='lat' dir='ltr'>nostra</span> <span class='ocrx_word' id='word_1_228' title='bbox 1187 3971 1309 4030; x_wconf 90' lang='lat' dir='ltr'>Vienna</span> <span class='ocrx_word' id='word_1_229' title='bbox 1338 3971 1493 4047; x_wconf 83' lang='lat' dir='ltr'>Austriae,</span> <span class='ocrx_word' id='word_1_230' title='bbox 1524 3974 1574 4034; x_wconf 91' lang='lat' dir='ltr'>die</span> 
     </span>
     <span class='ocr_line' id='line_1_30' title="bbox 297 4079 1574 4160; baseline 0.001 -20"><span class='ocrx_word' id='word_1_231' title='bbox 297 4081 451 4160; x_wconf 88' lang='lat' dir='ltr'>vigesima</span> <span class='ocrx_word' id='word_1_232' title='bbox 476 4090 565 4140; x_wconf 91' lang='lat' dir='ltr'>sexta</span> <span class='ocrx_word' id='word_1_233' title='bbox 590 4080 706 4140; x_wconf 92' lang='lat' dir='ltr'>mensis</span> <span class='ocrx_word' id='word_1_234' title='bbox 730 4080 812 4155; x_wconf 91' lang='lat' dir='ltr'>maii,</span> <span class='ocrx_word' id='word_1_235' title='bbox 837 4080 910 4139; x_wconf 93' lang='lat' dir='ltr'>anni</span> <span class='ocrx_word' id='word_1_236' title='bbox 934 4079 1087 4139; x_wconf 88' lang='lat' dir='ltr'>millesimi</span> <span class='ocrx_word' id='word_1_237' title='bbox 1112 4079 1329 4139; x_wconf 88' lang='lat' dir='ltr'>sexcentesimi</span> <span class='ocrx_word' id='word_1_238' title='bbox 1346 4079 1499 4160; x_wconf 87' lang='lat' dir='ltr'>vigesimi,</span> <span class='ocrx_word' id='word_1_239' title='bbox 1512 4082 1574 4141; x_wconf 89' lang='lat' dir='ltr'>iarn</span> 
     </span>
     <span class='ocr_line' id='line_1_31' title="bbox 299 4187 1574 4267; baseline 0.001 -20"><span class='ocrx_word' id='word_1_240' title='bbox 299 4189 415 4248; x_wconf 91' lang='lat' dir='ltr'>dudum</span> <span class='ocrx_word' id='word_1_241' title='bbox 441 4188 581 4262; x_wconf 89' lang='lat' dir='ltr'>evolutis,</span> <span class='ocrx_word' id='word_1_242' title='bbox 606 4207 663 4247; x_wconf 92' lang='lat' dir='ltr'>suo</span> <span class='ocrx_word' id='word_1_243' title='bbox 688 4188 781 4248; x_wconf 91' lang='lat' dir='ltr'>modo</span> <span class='ocrx_word' id='word_1_244' title='bbox 806 4188 965 4247; x_wconf 86' lang='lat' dir='ltr'>coniectas</span> <span class='ocrx_word' id='word_1_245' title='bbox 990 4196 1021 4246; x_wconf 90' lang='lat' dir='ltr'>et</span> <span class='ocrx_word' id='word_1_246' title='bbox 1044 4195 1217 4259; x_wconf 87' lang='lat' dir='ltr'>emanatas,</span> <span class='ocrx_word' id='word_1_247' title='bbox 1235 4187 1312 4246; x_wconf 88' lang='lat' dir='ltr'>alias</span> <span class='ocrx_word' id='word_1_248' title='bbox 1328 4188 1481 4266; x_wconf 88' lang='lat' dir='ltr'>quasdam</span> <span class='ocrx_word' id='word_1_249' title='bbox 1498 4209 1574 4267; x_wconf 90' lang='lat' dir='ltr'>qua·</span> 
     </span>
     <span class='ocr_line' id='line_1_32' title="bbox 297 4294 1573 4374; baseline -0.001 -18"><span class='ocrx_word' id='word_1_250' title='bbox 297 4296 451 4372; x_wconf 85' lang='lat' dir='ltr'>drupliees</span> <span class='ocrx_word' id='word_1_251' title='bbox 475 4303 506 4355; x_wconf 94' lang='lat' dir='ltr'>et</span> <span class='ocrx_word' id='word_1_252' title='bbox 528 4303 634 4356; x_wconf 87' lang='lat' dir='ltr'>ternas</span> <span class='ocrx_word' id='word_1_253' title='bbox 658 4295 793 4373; x_wconf 89' lang='lat' dir='ltr'>quidem,</span> <span class='ocrx_word' id='word_1_254' title='bbox 821 4314 921 4374; x_wconf 88' lang='lat' dir='ltr'>aeque</span> <span class='ocrx_word' id='word_1_255' title='bbox 937 4294 1208 4354; x_wconf 89' lang='lat' dir='ltr'>serenissimorum</span> <span class='ocrx_word' id='word_1_256' title='bbox 1223 4294 1383 4373; x_wconf 90' lang='lat' dir='ltr'>quondam</span> <span class='ocrx_word' id='word_1_257' title='bbox 1400 4295 1573 4374; x_wconf 90' lang='lat' dir='ltr'>principum</span> 
     </span>
     <span class='ocr_line' id='line_1_33' title="bbox 298 4402 1573 4481; baseline 0 -19"><span class='ocrx_word' id='word_1_258' title='bbox 298 4402 450 4480; x_wconf 86' lang='lat' dir='ltr'>Rudolphi</span> <span class='ocrx_word' id='word_1_259' title='bbox 474 4403 611 4477; x_wconf 90' lang='lat' dir='ltr'>secundi,</span> <span class='ocrx_word' id='word_1_260' title='bbox 636 4411 667 4462; x_wconf 90' lang='lat' dir='ltr'>et</span> <span class='ocrx_word' id='word_1_261' title='bbox 691 4402 879 4463; x_wconf 89' lang='lat' dir='ltr'>Ferdinandi</span> <span class='ocrx_word' id='word_1_262' title='bbox 903 4402 1003 4481; x_wconf 91' lang='lat' dir='ltr'>primi,</span> <span class='ocrx_word' id='word_1_263' title='bbox 1026 4402 1131 4462; x_wconf 91' lang='lat' dir='ltr'>itidem</span> <span class='ocrx_word' id='word_1_264' title='bbox 1165 4403 1376 4461; x_wconf 89' lang='lat' dir='ltr'>Romanorum</span> <span class='ocrx_word' id='word_1_265' title='bbox 1408 4403 1573 4480; x_wconf 88' lang='lat' dir='ltr'>imperato·</span> 
     </span>
     <span class='ocr_line' id='line_1_34' title="bbox 296 4509 1574 4589; baseline 0.002 -20"><span class='ocrx_word' id='word_1_266' title='bbox 296 4529 373 4582; x_wconf 91' lang='lat' dir='ltr'>rum,</span> <span class='ocrx_word' id='word_1_267' title='bbox 398 4529 519 4568; x_wconf 86' lang='lat' dir='ltr'>necnon</span> <span class='ocrx_word' id='word_1_268' title='bbox 543 4511 696 4570; x_wconf 89' lang='lat' dir='ltr'>Matthiae</span> <span class='ocrx_word' id='word_1_269' title='bbox 721 4510 861 4570; x_wconf 91' lang='lat' dir='ltr'>similiter</span> <span class='ocrx_word' id='word_1_270' title='bbox 884 4509 983 4587; x_wconf 89' lang='lat' dir='ltr'>primi,</span> <span class='ocrx_word' id='word_1_271' title='bbox 1007 4510 1192 4588; x_wconf 85' lang='lat' dir='ltr'>Hungariae</span> <span class='ocrx_word' id='word_1_272' title='bbox 1224 4528 1343 4589; x_wconf 92' lang='lat' dir='ltr'>regum,</span> <span class='ocrx_word' id='word_1_273' title='bbox 1367 4509 1574 4588; x_wconf 88' lang='lat' dir='ltr'>pariformiter</span> 
     </span>
     <span class='ocr_line' id='line_1_35' title="bbox 298 4616 1574 4697; baseline 0.003 -23"><span class='ocrx_word' id='word_1_274' title='bbox 298 4616 509 4696; x_wconf 83' lang='lat' dir='ltr'>privilegiales</span> <span class='ocrx_word' id='word_1_275' title='bbox 533 4617 647 4694; x_wconf 86' lang='lat' dir='ltr'>literas,</span> <span class='ocrx_word' id='word_1_276' title='bbox 671 4627 799 4697; x_wconf 90' lang='lat' dir='ltr'>quartas</span> <span class='ocrx_word' id='word_1_277' title='bbox 833 4637 908 4677; x_wconf 89' lang='lat' dir='ltr'>vero</span> <span class='ocrx_word' id='word_1_278' title='bbox 932 4627 1035 4676; x_wconf 88' lang='lat' dir='ltr'>certas</span> <span class='ocrx_word' id='word_1_279' title='bbox 1059 4636 1121 4676; x_wconf 92' lang='lat' dir='ltr'>non</span> <span class='ocrx_word' id='word_1_280' title='bbox 1146 4616 1326 4677; x_wconf 88' lang='lat' dir='ltr'>absimiliter</span> <span class='ocrx_word' id='word_1_281' title='bbox 1358 4617 1574 4678; x_wconf 90' lang='lat' dir='ltr'>universorum</span> 
     </span>
     <span class='ocr_line' id='line_1_36' title="bbox 295 4724 1572 4804; baseline 0.002 -20"><span class='ocrx_word' id='word_1_282' title='bbox 295 4725 435 4785; x_wconf 90' lang='lat' dir='ltr'>eiusdem</span> <span class='ocrx_word' id='word_1_283' title='bbox 460 4724 608 4801; x_wconf 89' lang='lat' dir='ltr'>temporis</span> <span class='ocrx_word' id='word_1_284' title='bbox 633 4734 769 4784; x_wconf 90' lang='lat' dir='ltr'>statuum</span> <span class='ocrx_word' id='word_1_285' title='bbox 793 4745 831 4784; x_wconf 92' lang='lat' dir='ltr'>ac</span> <span class='ocrx_word' id='word_1_286' title='bbox 855 4725 1000 4784; x_wconf 91' lang='lat' dir='ltr'>ordinum</span> <span class='ocrx_word' id='word_1_287' title='bbox 1023 4724 1235 4802; x_wconf 86' lang='lat' dir='ltr'>praelatorum</span> <span class='ocrx_word' id='word_1_288' title='bbox 1259 4743 1428 4804; x_wconf 90' lang='lat' dir='ltr'>regnorum</span> <span class='ocrx_word' id='word_1_289' title='bbox 1452 4736 1572 4786; x_wconf 89' lang='lat' dir='ltr'>nostro·</span> 
     </span>
     <span class='ocr_line' id='line_1_37' title="bbox 295 4829 1573 4912; baseline 0.001 -21"><span class='ocrx_word' id='word_1_290' title='bbox 295 4851 362 4892; x_wconf 93' lang='lat' dir='ltr'>rum</span> <span class='ocrx_word' id='word_1_291' title='bbox 387 4831 573 4907; x_wconf 89' lang='lat' dir='ltr'>Dalmatiae,</span> <span class='ocrx_word' id='word_1_292' title='bbox 597 4829 745 4891; x_wconf 86' lang='lat' dir='ltr'>Croatiae</span> <span class='ocrx_word' id='word_1_293' title='bbox 771 4842 802 4891; x_wconf 90' lang='lat' dir='ltr'>et</span> <span class='ocrx_word' id='word_1_294' title='bbox 824 4831 1012 4891; x_wconf 90' lang='lat' dir='ltr'>Sclauoniae</span> <span class='ocrx_word' id='word_1_295' title='bbox 1039 4831 1299 4906; x_wconf 89' lang='lat' dir='ltr'>concessionales,</span> <span class='ocrx_word' id='word_1_296' title='bbox 1316 4839 1348 4890; x_wconf 90' lang='lat' dir='ltr'>et</span> <span class='ocrx_word' id='word_1_297' title='bbox 1362 4832 1432 4891; x_wconf 89' lang='lat' dir='ltr'>illas</span> <span class='ocrx_word' id='word_1_298' title='bbox 1447 4833 1573 4912; x_wconf 89' lang='lat' dir='ltr'>quidem</span> 
     </span>
     <span class='ocr_line' id='line_1_38' title="bbox 294 4938 1572 5018; baseline -0.001 -18"><span class='ocrx_word' id='word_1_299' title='bbox 294 4940 334 5000; x_wconf 90' lang='lat' dir='ltr'>de</span> <span class='ocrx_word' id='word_1_300' title='bbox 358 4950 389 5000; x_wconf 91' lang='lat' dir='ltr'>et</span> <span class='ocrx_word' id='word_1_301' title='bbox 412 4958 507 5018; x_wconf 92' lang='lat' dir='ltr'>super</span> <span class='ocrx_word' id='word_1_302' title='bbox 531 4940 738 5000; x_wconf 89' lang='lat' dir='ltr'>antelatorum</span> <span class='ocrx_word' id='word_1_303' title='bbox 763 4940 979 4999; x_wconf 88' lang='lat' dir='ltr'>universorum</span> <span class='ocrx_word' id='word_1_304' title='bbox 1004 4939 1096 4998; x_wconf 90' lang='lat' dir='ltr'>unius</span> <span class='ocrx_word' id='word_1_305' title='bbox 1120 4938 1269 4998; x_wconf 90' lang='lat' dir='ltr'>sessionis</span> <span class='ocrx_word' id='word_1_306' title='bbox 1300 4938 1452 4998; x_wconf 89' lang='lat' dir='ltr'>nobilium</span> <span class='ocrx_word' id='word_1_307' title='bbox 1483 4958 1572 5016; x_wconf 89' lang='lat' dir='ltr'>prae·</span> 
     </span>
    </p>
   </div>
   <div class='ocr_carea' id='block_1_7' title="bbox 1467 5057 1502 5113">
    <p class='ocr_par' dir='ltr' id='par_1_7' title="bbox 1467 5057 1502 5113">
     <span class='ocr_line' id='line_1_39' title="bbox 1467 5057 1502 5113; baseline 0 0"><span class='ocrx_word' id='word_1_308' title='bbox 1467 5057 1502 5113; x_wconf 80' lang='lat'>16</span> 
     </span>
    </p>
   </div>
   <div class='ocr_carea' id='block_1_8' title="bbox 0 0 1972 5550">
    <p class='ocr_par' dir='ltr' id='par_1_8' title="bbox 0 0 1972 5550">
     <span class='ocr_line' id='line_1_40' title="bbox 0 0 1972 5550; baseline 0 2"><span class='ocrx_word' id='word_1_309' title='bbox 0 0 1972 5550; x_wconf 95' lang='lat' dir='ltr'> </span> 
     </span>
    </p>
   </div>
  </div>
 </body>
</html>
