<?xml version="1.0" encoding="UTF-8"?>
<!DOCTYPE html PUBLIC "-//W3C//DTD XHTML 1.0 Transitional//EN"
    "http://www.w3.org/TR/xhtml1/DTD/xhtml1-transitional.dtd">
<html xmlns="http://www.w3.org/1999/xhtml" xml:lang="en" lang="en">
 <head>
  <title>
</title>
<meta http-equiv="Content-Type" content="text/html;charset=utf-8" />
  <meta name='ocr-system' content='tesseract 3.04.00' />
  <meta name='ocr-capabilities' content='ocr_page ocr_carea ocr_par ocr_line ocrx_word'/>
</head>
<body>
  <div class='ocr_page' id='page_1' title='image "./povjesnispomeni00laszgoog_0404.png"; bbox 0 0 3934 5550; ppageno 0'>
   <div class='ocr_carea' id='block_1_1' title="bbox 1549 477 1614 542">
    <p class='ocr_par' dir='ltr' id='par_1_1' title="bbox 1549 477 1614 542">
     <span class='ocr_line' id='line_1_1' title="bbox 1549 477 1614 542; baseline 0 0"><span class='ocrx_word' id='word_1_1' title='bbox 1549 477 1614 542; x_wconf 81' lang='lat'><strong>373</strong></span> 
     </span>
    </p>
   </div>
   <div class='ocr_carea' id='block_1_2' title="bbox 325 691 1616 987">
    <p class='ocr_par' dir='ltr' id='par_1_2' title="bbox 325 691 1616 987">
     <span class='ocr_line' id='line_1_2' title="bbox 326 691 1615 775; baseline 0.002 -21"><span class='ocrx_word' id='word_1_2' title='bbox 326 691 448 754; x_wconf 89' lang='lat' dir='ltr'><strong>czensis</strong></span> <span class='ocrx_word' id='word_1_3' title='bbox 460 692 555 754; x_wconf 89' lang='lat' dir='ltr'><strong>habet</strong></span> <span class='ocrx_word' id='word_1_4' title='bbox 571 693 698 756; x_wconf 93' lang='lat' dir='ltr'><strong>domum</strong></span> <span class='ocrx_word' id='word_1_5' title='bbox 716 691 876 772; x_wconf 86' lang='lat' dir='ltr'><strong>antiquam</strong></span> <span class='ocrx_word' id='word_1_6' title='bbox 892 692 1002 754; x_wconf 84' lang='lat' dir='ltr'><strong>ruinae</strong></span> <span class='ocrx_word' id='word_1_7' title='bbox 1018 692 1203 772; x_wconf 84' lang='lat' dir='ltr'>proximam,</span> <span class='ocrx_word' id='word_1_8' title='bbox 1216 695 1363 755; x_wconf 87' lang='lat' dir='ltr'><strong>horreum</strong></span> <span class='ocrx_word' id='word_1_9' title='bbox 1382 694 1545 775; x_wconf 88' lang='lat' dir='ltr'><strong>antiquum</strong></span> <span class='ocrx_word' id='word_1_10' title='bbox 1560 697 1615 757; x_wconf 92' lang='lat' dir='ltr'><strong>ba·</strong></span> 
     </span>
     <span class='ocr_line' id='line_1_3' title="bbox 325 801 1616 882; baseline 0.004 -22"><span class='ocrx_word' id='word_1_11' title='bbox 325 801 412 862; x_wconf 89' lang='lat' dir='ltr'><strong>sibus</strong></span> <span class='ocrx_word' id='word_1_12' title='bbox 434 803 589 882; x_wconf 83' lang='lat' dir='ltr'><strong>indigens,</strong></span> <span class='ocrx_word' id='word_1_13' title='bbox 612 803 714 862; x_wconf 85' lang='lat' dir='ltr'><strong>Haras</strong></span> <span class='ocrx_word' id='word_1_14' title='bbox 739 802 883 880; x_wconf 88' lang='lat' dir='ltr'><strong>antiquas</strong></span> <span class='ocrx_word' id='word_1_15' title='bbox 899 819 955 879; x_wconf 91' lang='lat' dir='ltr'><strong>per</strong></span> <span class='ocrx_word' id='word_1_16' title='bbox 976 801 1136 862; x_wconf 87' lang='lat' dir='ltr'><strong>miseriam</strong></span> <span class='ocrx_word' id='word_1_17' title='bbox 1163 810 1248 862; x_wconf 87' lang='lat' dir='ltr'><strong>tecto</strong></span> <span class='ocrx_word' id='word_1_18' title='bbox 1275 813 1429 877; x_wconf 75' lang='lat' dir='ltr'>carentes,</span> <span class='ocrx_word' id='word_1_19' title='bbox 1458 807 1616 865; x_wconf 85' lang='lat' dir='ltr'><strong>fornacem</strong></span> 
     </span>
     <span class='ocr_line' id='line_1_4' title="bbox 327 908 719 987; baseline 0.013 -20"><span class='ocrx_word' id='word_1_20' title='bbox 327 908 497 987; x_wconf 90' lang='lat' dir='ltr'><strong>pistoream</strong></span> <span class='ocrx_word' id='word_1_21' title='bbox 519 910 719 972; x_wconf 86' lang='lat' dir='ltr'><strong>mediocrem.</strong></span> 
     </span>
    </p>
   </div>
   <div class='ocr_carea' id='block_1_3' title="bbox 325 1052 1611 1454">
    <p class='ocr_par' dir='ltr' id='par_1_3' title="bbox 325 1052 1611 1454">
     <span class='ocr_line' id='line_1_5' title="bbox 430 1052 1610 1133; baseline 0.002 -19"><span class='ocrx_word' id='word_1_22' title='bbox 430 1052 481 1114; x_wconf 86' lang='lat'><strong>59.</strong></span> <span class='ocrx_word' id='word_1_23' title='bbox 505 1054 658 1115; x_wconf 88' lang='lat' dir='ltr'>Providus</span> <span class='ocrx_word' id='word_1_24' title='bbox 674 1056 813 1115; x_wconf 89' lang='lat' dir='ltr'><strong>Thomas</strong></span> <span class='ocrx_word' id='word_1_25' title='bbox 830 1056 936 1116; x_wconf 89' lang='lat' dir='ltr'><strong>Luksa</strong></span> <span class='ocrx_word' id='word_1_26' title='bbox 950 1055 1089 1133; x_wconf 87' lang='lat' dir='ltr'><strong>Gyunlja</strong></span> <span class='ocrx_word' id='word_1_27' title='bbox 1104 1056 1214 1128; x_wconf 91' lang='lat' dir='ltr'><strong>dictus,</strong></span> <span class='ocrx_word' id='word_1_28' title='bbox 1236 1056 1333 1116; x_wconf 88' lang='lat' dir='ltr'><strong>habet</strong></span> <span class='ocrx_word' id='word_1_29' title='bbox 1349 1057 1478 1117; x_wconf 91' lang='lat' dir='ltr'><strong>domum</strong></span> <span class='ocrx_word' id='word_1_30' title='bbox 1493 1057 1610 1116; x_wconf 88' lang='lat' dir='ltr'><strong>bonam</strong></span> 
     </span>
     <span class='ocr_line' id='line_1_6' title="bbox 326 1157 1611 1242; baseline 0.003 -22"><span class='ocrx_word' id='word_1_31' title='bbox 326 1157 456 1221; x_wconf 86' lang='lat' dir='ltr'>basibus</span> <span class='ocrx_word' id='word_1_32' title='bbox 480 1161 681 1242; x_wconf 85' lang='lat' dir='ltr'><strong>indigentem,</strong></span> <span class='ocrx_word' id='word_1_33' title='bbox 706 1163 851 1222; x_wconf 87' lang='lat' dir='ltr'><strong>horreum</strong></span> <span class='ocrx_word' id='word_1_34' title='bbox 876 1163 944 1224; x_wconf 91' lang='lat' dir='ltr'><strong>sine</strong></span> <span class='ocrx_word' id='word_1_35' title='bbox 968 1173 1059 1242; x_wconf 88' lang='lat' dir='ltr'><strong>porta</strong></span> <span class='ocrx_word' id='word_1_36' title='bbox 1083 1183 1175 1223; x_wconf 90' lang='lat' dir='ltr'><strong>secus</strong></span> <span class='ocrx_word' id='word_1_37' title='bbox 1199 1163 1364 1224; x_wconf 88' lang='lat' dir='ltr'><strong>mediocre.</strong></span> <span class='ocrx_word' id='word_1_38' title='bbox 1398 1165 1535 1224; x_wconf 89' lang='lat' dir='ltr'><strong>Harulas</strong></span> <span class='ocrx_word' id='word_1_39' title='bbox 1570 1165 1611 1224; x_wconf 88' lang='lat' dir='ltr'><strong>ad</strong></span> 
     </span>
     <span class='ocr_line' id='line_1_7' title="bbox 325 1269 1611 1351; baseline 0.003 -23"><span class='ocrx_word' id='word_1_40' title='bbox 325 1269 404 1328; x_wconf 86' lang='lat' dir='ltr'><strong>duas</strong></span> <span class='ocrx_word' id='word_1_41' title='bbox 428 1270 589 1330; x_wconf 88' lang='lat' dir='ltr'><strong>clausuras</strong></span> <span class='ocrx_word' id='word_1_42' title='bbox 612 1289 721 1348; x_wconf 89' lang='lat' dir='ltr'><strong>parum</strong></span> <span class='ocrx_word' id='word_1_43' title='bbox 747 1272 896 1345; x_wconf 87' lang='lat' dir='ltr'><strong>valentes,</strong></span> <span class='ocrx_word' id='word_1_44' title='bbox 921 1273 1082 1332; x_wconf 89' lang='lat' dir='ltr'><strong>fornacem</strong></span> <span class='ocrx_word' id='word_1_45' title='bbox 1118 1270 1289 1351; x_wconf 89' lang='lat' dir='ltr'><strong>pistoream</strong></span> <span class='ocrx_word' id='word_1_46' title='bbox 1319 1280 1403 1332; x_wconf 88' lang='lat' dir='ltr'><strong>tecto</strong></span> <span class='ocrx_word' id='word_1_47' title='bbox 1432 1270 1516 1332; x_wconf 93' lang='lat' dir='ltr'><strong>bono</strong></span> <span class='ocrx_word' id='word_1_48' title='bbox 1546 1291 1611 1332; x_wconf 88' lang='lat' dir='ltr'><strong>non</strong></span> 
     </span>
     <span class='ocr_line' id='line_1_8' title="bbox 327 1395 494 1454; baseline -0.006 -17"><span class='ocrx_word' id='word_1_49' title='bbox 327 1395 494 1454; x_wconf 84' lang='lat' dir='ltr'><strong>provisam.</strong></span> 
     </span>
    </p>
   </div>
   <div class='ocr_carea' id='block_1_4' title="bbox 325 1518 1613 2117">
    <p class='ocr_par' dir='ltr' id='par_1_4' title="bbox 325 1518 1613 2117">
     <span class='ocr_line' id='line_1_9' title="bbox 432 1518 1603 1596; baseline 0.004 -17"><span class='ocrx_word' id='word_1_50' title='bbox 432 1518 485 1580; x_wconf 89' lang='grc'><strong>60.</strong></span> <span class='ocrx_word' id='word_1_51' title='bbox 517 1521 672 1582; x_wconf 88' lang='lat' dir='ltr'><strong>Providus</strong></span> <span class='ocrx_word' id='word_1_52' title='bbox 707 1523 847 1582; x_wconf 84' lang='lat' dir='ltr'><strong>Thomas</strong></span> <span class='ocrx_word' id='word_1_53' title='bbox 879 1523 907 1580; x_wconf 91' lang='lat' dir='ltr'>T</span> <span class='ocrx_word' id='word_1_54' title='bbox 910 1522 1080 1596; x_wconf 83' lang='lat' dir='ltr'><strong>homasiclr,</strong></span> <span class='ocrx_word' id='word_1_55' title='bbox 1103 1522 1222 1583; x_wconf 92' lang='lat' dir='ltr'><strong>domini</strong></span> <span class='ocrx_word' id='word_1_56' title='bbox 1256 1523 1451 1584; x_wconf 89' lang='lat' dir='ltr'><strong>arendatoris</strong></span> <span class='ocrx_word' id='word_1_57' title='bbox 1485 1524 1603 1584; x_wconf 91' lang='lat' dir='ltr'><strong>Verch-</strong></span> 
     </span>
     <span class='ocr_line' id='line_1_10' title="bbox 326 1627 1606 1710; baseline 0.003 -24"><span class='ocrx_word' id='word_1_58' title='bbox 326 1627 439 1687; x_wconf 90' lang='lat' dir='ltr'><strong>kovich</strong></span> <span class='ocrx_word' id='word_1_59' title='bbox 463 1628 600 1704; x_wconf 91' lang='lat' dir='ltr'><strong>colonus,</strong></span> <span class='ocrx_word' id='word_1_60' title='bbox 625 1629 720 1690; x_wconf 88' lang='lat' dir='ltr'><strong>habet</strong></span> <span class='ocrx_word' id='word_1_61' title='bbox 743 1631 869 1689; x_wconf 91' lang='lat' dir='ltr'><strong>domum</strong></span> <span class='ocrx_word' id='word_1_62' title='bbox 895 1630 1054 1707; x_wconf 88' lang='lat' dir='ltr'><strong>antiquam</strong></span> <span class='ocrx_word' id='word_1_63' title='bbox 1079 1629 1276 1708; x_wconf 85' lang='lat' dir='ltr'><strong>reparatione</strong></span> <span class='ocrx_word' id='word_1_64' title='bbox 1311 1629 1514 1710; x_wconf 84' lang='lat' dir='ltr'><strong>indigentem,</strong></span> <span class='ocrx_word' id='word_1_65' title='bbox 1536 1632 1606 1691; x_wconf 90' lang='lat' dir='ltr'><strong>hor·</strong></span> 
     </span>
     <span class='ocr_line' id='line_1_11' title="bbox 325 1735 1613 1817; baseline 0.002 -22"><span class='ocrx_word' id='word_1_66' title='bbox 325 1735 443 1795; x_wconf 90' lang='lat' dir='ltr'><strong>reolum</strong></span> <span class='ocrx_word' id='word_1_67' title='bbox 479 1737 643 1814; x_wconf 89' lang='lat' dir='ltr'><strong>parvulum</strong></span> <span class='ocrx_word' id='word_1_68' title='bbox 678 1736 753 1796; x_wconf 93' lang='lat' dir='ltr'><strong>nihil</strong></span> <span class='ocrx_word' id='word_1_69' title='bbox 788 1737 904 1811; x_wconf 88' lang='lat' dir='ltr'><strong>valens,</strong></span> <span class='ocrx_word' id='word_1_70' title='bbox 940 1737 1036 1797; x_wconf 88' lang='lat' dir='ltr'><strong>haras</strong></span> <span class='ocrx_word' id='word_1_71' title='bbox 1072 1738 1113 1797; x_wconf 89' lang='lat' dir='ltr'><strong>ad</strong></span> <span class='ocrx_word' id='word_1_72' title='bbox 1148 1744 1212 1796; x_wconf 86' lang='lat' dir='ltr'><strong>tres</strong></span> <span class='ocrx_word' id='word_1_73' title='bbox 1250 1745 1357 1815; x_wconf 86' lang='lat' dir='ltr'><strong>portas</strong></span> <span class='ocrx_word' id='word_1_74' title='bbox 1395 1738 1547 1817; x_wconf 89' lang='lat' dir='ltr'><strong>antiquas</strong></span> <span class='ocrx_word' id='word_1_75' title='bbox 1582 1738 1613 1797; x_wconf 92' lang='lat' dir='ltr'><strong>in</strong></span> 
     </span>
     <span class='ocr_line' id='line_1_12' title="bbox 327 1841 1608 1922; baseline 0.004 -22"><span class='ocrx_word' id='word_1_76' title='bbox 327 1841 442 1902; x_wconf 91' lang='lat' dir='ltr'><strong>misero</strong></span> <span class='ocrx_word' id='word_1_77' title='bbox 465 1851 558 1917; x_wconf 89' lang='lat' dir='ltr'><strong>statu,</strong></span> <span class='ocrx_word' id='word_1_78' title='bbox 582 1842 724 1904; x_wconf 90' lang='lat' dir='ltr'><strong>harulam</strong></span> <span class='ocrx_word' id='word_1_79' title='bbox 751 1844 909 1904; x_wconf 90' lang='lat' dir='ltr'><strong>maialium</strong></span> <span class='ocrx_word' id='word_1_80' title='bbox 934 1845 974 1904; x_wconf 90' lang='lat' dir='ltr'><strong>ad</strong></span> <span class='ocrx_word' id='word_1_81' title='bbox 1001 1862 1096 1904; x_wconf 87' lang='lat' dir='ltr'><strong>unam</strong></span> <span class='ocrx_word' id='word_1_82' title='bbox 1121 1853 1243 1922; x_wconf 87' lang='lat' dir='ltr'><strong>portam</strong></span> <span class='ocrx_word' id='word_1_83' title='bbox 1267 1843 1403 1904; x_wconf 88' lang='lat' dir='ltr'><strong>inferiori</strong></span> <span class='ocrx_word' id='word_1_84' title='bbox 1427 1845 1608 1922; x_wconf 88' lang='lat' dir='ltr'><strong>pavimento</strong></span> 
     </span>
     <span class='ocr_line' id='line_1_13' title="bbox 328 1947 1608 2031; baseline 0.002 -23"><span class='ocrx_word' id='word_1_85' title='bbox 328 1947 456 2030; x_wconf 85' lang='lat' dir='ltr'><strong>indiget,</strong></span> <span class='ocrx_word' id='word_1_86' title='bbox 488 1949 649 2010; x_wconf 81' lang='lat' dir='ltr'><strong>fornacem</strong></span> <span class='ocrx_word' id='word_1_87' title='bbox 681 1951 851 2030; x_wconf 88' lang='lat' dir='ltr'><strong>pistoream</strong></span> <span class='ocrx_word' id='word_1_88' title='bbox 883 1959 966 2012; x_wconf 89' lang='lat' dir='ltr'><strong>tecto</strong></span> <span class='ocrx_word' id='word_1_89' title='bbox 990 1951 1073 2011; x_wconf 92' lang='lat' dir='ltr'><strong>bono</strong></span> <span class='ocrx_word' id='word_1_90' title='bbox 1104 1970 1160 2029; x_wconf 91' lang='lat' dir='ltr'><strong>per</strong></span> <span class='ocrx_word' id='word_1_91' title='bbox 1192 1951 1417 2031; x_wconf 80' lang='lat' dir='ltr'><strong>negligentiam</strong></span> <span class='ocrx_word' id='word_1_92' title='bbox 1451 1971 1514 2012; x_wconf 91' lang='lat' dir='ltr'><strong>non</strong></span> <span class='ocrx_word' id='word_1_93' title='bbox 1538 1971 1608 2031; x_wconf 92' lang='lat' dir='ltr'><strong>pro·</strong></span> 
     </span>
     <span class='ocr_line' id='line_1_14' title="bbox 329 2061 898 2117; baseline 0.002 -1"><span class='ocrx_word' id='word_1_94' title='bbox 329 2075 439 2117; x_wconf 83' lang='lat' dir='ltr'><strong>visam.</strong></span> <span class='ocrx_word' id='word_1_95' title='bbox 890 2061 898 2076; x_wconf 85' lang='lat'>&#39;</span> 
     </span>
    </p>
   </div>
   <div class='ocr_carea' id='block_1_5' title="bbox 321 2197 1607 2818">
    <p class='ocr_par' dir='ltr' id='par_1_5' title="bbox 321 2197 1607 2818">
     <span class='ocr_line' id='line_1_15' title="bbox 432 2197 1606 2280; baseline -0.001 -20"><span class='ocrx_word' id='word_1_96' title='bbox 432 2197 484 2260; x_wconf 80' lang='lat'><strong>61.</strong></span> <span class='ocrx_word' id='word_1_97' title='bbox 520 2200 673 2260; x_wconf 81' lang='lat' dir='ltr'><strong>Providus</strong></span> <span class='ocrx_word' id='word_1_98' title='bbox 710 2200 827 2260; x_wconf 90' lang='lat' dir='ltr'><strong>Paulus</strong></span> <span class='ocrx_word' id='word_1_99' title='bbox 863 2200 1074 2276; x_wconf 81' lang='lat' dir='ltr'><strong>illihanovicli‚</strong></span> <span class='ocrx_word' id='word_1_100' title='bbox 1106 2201 1236 2261; x_wconf 91' lang='lat' dir='ltr'><strong>colonus</strong></span> <span class='ocrx_word' id='word_1_101' title='bbox 1271 2200 1388 2261; x_wconf 92' lang='lat' dir='ltr'><strong>domini</strong></span> <span class='ocrx_word' id='word_1_102' title='bbox 1422 2200 1606 2280; x_wconf 87' lang='lat' dir='ltr'><strong>perillustris</strong></span> 
     </span>
     <span class='ocr_line' id='line_1_16' title="bbox 324 2307 1607 2388; baseline 0.001 -22"><span class='ocrx_word' id='word_1_103' title='bbox 324 2307 461 2382; x_wconf 89' lang='lat' dir='ltr'><strong>Modich,</strong></span> <span class='ocrx_word' id='word_1_104' title='bbox 485 2307 580 2367; x_wconf 85' lang='lat' dir='ltr'><strong>habet</strong></span> <span class='ocrx_word' id='word_1_105' title='bbox 598 2308 725 2367; x_wconf 86' lang='lat' dir='ltr'><strong>domurn</strong></span> <span class='ocrx_word' id='word_1_106' title='bbox 743 2307 902 2385; x_wconf 91' lang='lat' dir='ltr'><strong>antiquam</strong></span> <span class='ocrx_word' id='word_1_107' title='bbox 919 2308 1048 2368; x_wconf 88' lang='lat' dir='ltr'><strong>basibus</strong></span> <span class='ocrx_word' id='word_1_108' title='bbox 1064 2307 1266 2388; x_wconf 86' lang='lat' dir='ltr'><strong>indigentem,</strong></span> <span class='ocrx_word' id='word_1_109' title='bbox 1284 2310 1429 2368; x_wconf 89' lang='lat' dir='ltr'><strong>horreum</strong></span> <span class='ocrx_word' id='word_1_110' title='bbox 1445 2308 1607 2387; x_wconf 89' lang='lat' dir='ltr'><strong>antiquum</strong></span> 
     </span>
     <span class='ocr_line' id='line_1_17' title="bbox 324 2413 1606 2495; baseline 0 -21"><span class='ocrx_word' id='word_1_111' title='bbox 324 2415 452 2474; x_wconf 90' lang='lat' dir='ltr'><strong>basibus</strong></span> <span class='ocrx_word' id='word_1_112' title='bbox 477 2415 572 2475; x_wconf 87' lang='lat' dir='ltr'><strong>etiarn</strong></span> <span class='ocrx_word' id='word_1_113' title='bbox 595 2413 749 2495; x_wconf 90' lang='lat' dir='ltr'><strong>indigens,</strong></span> <span class='ocrx_word' id='word_1_114' title='bbox 784 2415 879 2474; x_wconf 86' lang='lat' dir='ltr'><strong>haras</strong></span> <span class='ocrx_word' id='word_1_115' title='bbox 915 2415 1060 2493; x_wconf 88' lang='lat' dir='ltr'><strong>antiquas</strong></span> <span class='ocrx_word' id='word_1_116' title='bbox 1086 2417 1127 2475; x_wconf 91' lang='lat' dir='ltr'><strong>ad</strong></span> <span class='ocrx_word' id='word_1_117' title='bbox 1151 2414 1231 2476; x_wconf 91' lang='lat' dir='ltr'><strong>duas</strong></span> <span class='ocrx_word' id='word_1_118' title='bbox 1254 2417 1415 2475; x_wconf 87' lang='lat' dir='ltr'><strong>clausuras</strong></span> <span class='ocrx_word' id='word_1_119' title='bbox 1431 2415 1606 2476; x_wconf 87' lang='lat' dir='ltr'><strong>mediocres</strong></span> 
     </span>
     <span class='ocr_line' id='line_1_18' title="bbox 325 2522 1605 2604; baseline 0.001 -22"><span class='ocrx_word' id='word_1_120' title='bbox 325 2523 506 2602; x_wconf 86' lang='lat' dir='ltr'><strong>pavimento</strong></span> <span class='ocrx_word' id='word_1_121' title='bbox 540 2523 726 2604; x_wconf 89' lang='lat' dir='ltr'><strong>indigentes,</strong></span> <span class='ocrx_word' id='word_1_122' title='bbox 771 2523 865 2582; x_wconf 87' lang='lat' dir='ltr'><strong>haras</strong></span> <span class='ocrx_word' id='word_1_123' title='bbox 907 2523 1066 2583; x_wconf 91' lang='lat' dir='ltr'><strong>maialium</strong></span> <span class='ocrx_word' id='word_1_124' title='bbox 1114 2528 1258 2602; x_wconf 88' lang='lat' dir='ltr'><strong>antiquas</strong></span> <span class='ocrx_word' id='word_1_125' title='bbox 1294 2523 1492 2603; x_wconf 87' lang='lat' dir='ltr'><strong>reparatione</strong></span> <span class='ocrx_word' id='word_1_126' title='bbox 1526 2522 1605 2583; x_wconf 91' lang='lat' dir='ltr'><strong>indi·</strong></span> 
     </span>
     <span class='ocr_line' id='line_1_19' title="bbox 323 2630 1607 2712; baseline 0 -22"><span class='ocrx_word' id='word_1_127' title='bbox 323 2639 445 2712; x_wconf 89' lang='lat' dir='ltr'><strong>gentes,</strong></span> <span class='ocrx_word' id='word_1_128' title='bbox 470 2631 629 2692; x_wconf 82' lang='lat' dir='ltr'><strong>fornacem</strong></span> <span class='ocrx_word' id='word_1_129' title='bbox 652 2632 822 2712; x_wconf 89' lang='lat' dir='ltr'><strong>pistoream</strong></span> <span class='ocrx_word' id='word_1_130' title='bbox 858 2630 1019 2710; x_wconf 88' lang='lat' dir='ltr'><strong>antiquam</strong></span> <span class='ocrx_word' id='word_1_131' title='bbox 1042 2633 1172 2711; x_wconf 88' lang='lat' dir='ltr'><strong>perpluo</strong></span> <span class='ocrx_word' id='word_1_132' title='bbox 1196 2640 1279 2693; x_wconf 88' lang='lat' dir='ltr'><strong>tecto</strong></span> <span class='ocrx_word' id='word_1_133' title='bbox 1303 2651 1360 2710; x_wconf 87' lang='lat' dir='ltr'><strong>per</strong></span> <span class='ocrx_word' id='word_1_134' title='bbox 1381 2631 1607 2711; x_wconf 87' lang='lat' dir='ltr'><strong>negligentiam</strong></span> 
     </span>
     <span class='ocr_line' id='line_1_20' title="bbox 321 2757 489 2818; baseline 0.006 -19"><span class='ocrx_word' id='word_1_135' title='bbox 321 2757 489 2818; x_wconf 83' lang='lat' dir='ltr'><strong>provisam.</strong></span> 
     </span>
    </p>
   </div>
   <div class='ocr_carea' id='block_1_6' title="bbox 315 2881 1601 3393">
    <p class='ocr_par' dir='ltr' id='par_1_6' title="bbox 315 2881 1601 3393">
     <span class='ocr_line' id='line_1_21' title="bbox 431 2881 1601 2965; baseline -0.001 -22"><span class='ocrx_word' id='word_1_136' title='bbox 431 2881 485 2944; x_wconf 84' lang='lat'><strong>62.</strong></span> <span class='ocrx_word' id='word_1_137' title='bbox 508 2884 662 2944; x_wconf 89' lang='lat' dir='ltr'><strong>Providus</strong></span> <span class='ocrx_word' id='word_1_138' title='bbox 679 2884 836 2965; x_wconf 89' lang='lat' dir='ltr'><strong>Georgius</strong></span> <span class='ocrx_word' id='word_1_139' title='bbox 852 2884 1027 2945; x_wconf 91' lang='lat' dir='ltr'><strong>Vuinovich</strong></span> <span class='ocrx_word' id='word_1_140' title='bbox 1044 2884 1139 2945; x_wconf 90' lang='lat' dir='ltr'><strong>Bosio</strong></span> <span class='ocrx_word' id='word_1_141' title='bbox 1155 2884 1265 2961; x_wconf 90' lang='lat' dir='ltr'><strong>dictus,</strong></span> <span class='ocrx_word' id='word_1_142' title='bbox 1287 2885 1383 2945; x_wconf 85' lang='lat' dir='ltr'><strong>habet</strong></span> <span class='ocrx_word' id='word_1_143' title='bbox 1403 2885 1530 2944; x_wconf 91' lang='lat' dir='ltr'><strong>domurn</strong></span> <span class='ocrx_word' id='word_1_144' title='bbox 1547 2902 1601 2943; x_wconf 90' lang='lat' dir='ltr'><strong>an-</strong></span> 
     </span>
     <span class='ocr_line' id='line_1_22' title="bbox 322 2992 1599 3073; baseline 0.002 -23"><span class='ocrx_word' id='word_1_145' title='bbox 322 2992 442 3069; x_wconf 90' lang='lat' dir='ltr'><strong>tiquam</strong></span> <span class='ocrx_word' id='word_1_146' title='bbox 466 2993 595 3053; x_wconf 87' lang='lat' dir='ltr'><strong>basibus</strong></span> <span class='ocrx_word' id='word_1_147' title='bbox 619 2993 811 3073; x_wconf 90' lang='lat' dir='ltr'><strong>indigentem</strong></span> <span class='ocrx_word' id='word_1_148' title='bbox 846 3012 902 3073; x_wconf 94' lang='lat' dir='ltr'><strong>pro</strong></span> <span class='ocrx_word' id='word_1_149' title='bbox 938 2993 1056 3053; x_wconf 92' lang='lat' dir='ltr'><strong>ambitu</strong></span> <span class='ocrx_word' id='word_1_150' title='bbox 1091 2992 1240 3053; x_wconf 90' lang='lat' dir='ltr'><strong>assericio</strong></span> <span class='ocrx_word' id='word_1_151' title='bbox 1262 3000 1354 3065; x_wconf 89' lang='lat' dir='ltr'><strong>tecto,</strong></span> <span class='ocrx_word' id='word_1_152' title='bbox 1390 3000 1422 3051; x_wconf 90' lang='lat' dir='ltr'><strong>et</strong></span> <span class='ocrx_word' id='word_1_153' title='bbox 1453 2992 1599 3051; x_wconf 88' lang='lat' dir='ltr'><strong>horreum</strong></span> 
     </span>
     <span class='ocr_line' id='line_1_23' title="bbox 321 3098 1598 3176; baseline 0.001 -20"><span class='ocrx_word' id='word_1_154' title='bbox 321 3115 416 3157; x_wconf 92' lang='lat' dir='ltr'><strong>unam</strong></span> <span class='ocrx_word' id='word_1_155' title='bbox 454 3108 575 3176; x_wconf 90' lang='lat' dir='ltr'><strong>partem</strong></span> <span class='ocrx_word' id='word_1_156' title='bbox 611 3102 650 3159; x_wconf 91' lang='lat' dir='ltr'><strong>de</strong></span> <span class='ocrx_word' id='word_1_157' title='bbox 678 3120 760 3159; x_wconf 92' lang='lat' dir='ltr'><strong>novo</strong></span> <span class='ocrx_word' id='word_1_158' title='bbox 798 3100 927 3160; x_wconf 91' lang='lat' dir='ltr'><strong>deberet</strong></span> <span class='ocrx_word' id='word_1_159' title='bbox 949 3098 1063 3172; x_wconf 89' lang='lat' dir='ltr'><strong>facere,</strong></span> <span class='ocrx_word' id='word_1_160' title='bbox 1097 3100 1192 3159; x_wconf 90' lang='lat' dir='ltr'><strong>haras</strong></span> <span class='ocrx_word' id='word_1_161' title='bbox 1228 3098 1407 3158; x_wconf 87' lang='lat' dir='ltr'><strong>animalium</strong></span> <span class='ocrx_word' id='word_1_162' title='bbox 1442 3099 1483 3158; x_wconf 86' lang='lat' dir='ltr'><strong>ad</strong></span> <span class='ocrx_word' id='word_1_163' title='bbox 1517 3099 1598 3158; x_wconf 87' lang='lat' dir='ltr'><strong>duas</strong></span> 
     </span>
     <span class='ocr_line' id='line_1_24' title="bbox 315 3204 1598 3286; baseline 0 -22"><span class='ocrx_word' id='word_1_164' title='bbox 315 3213 422 3283; x_wconf 90' lang='lat' dir='ltr'><strong>portas</strong></span> <span class='ocrx_word' id='word_1_165' title='bbox 445 3204 554 3280; x_wconf 77' lang='lat' dir='ltr'><strong>bonaS,</strong></span> <span class='ocrx_word' id='word_1_166' title='bbox 593 3208 686 3266; x_wconf 89' lang='lat' dir='ltr'><strong>haras</strong></span> <span class='ocrx_word' id='word_1_167' title='bbox 710 3206 869 3267; x_wconf 88' lang='lat' dir='ltr'><strong>maialium</strong></span> <span class='ocrx_word' id='word_1_168' title='bbox 901 3205 1029 3266; x_wconf 89' lang='lat' dir='ltr'><strong>basibus</strong></span> <span class='ocrx_word' id='word_1_169' title='bbox 1052 3206 1230 3286; x_wconf 89' lang='lat' dir='ltr'><strong>indigentes</strong></span> <span class='ocrx_word' id='word_1_170' title='bbox 1265 3206 1305 3265; x_wconf 91' lang='lat' dir='ltr'><strong>ad</strong></span> <span class='ocrx_word' id='word_1_171' title='bbox 1336 3225 1431 3264; x_wconf 92' lang='lat' dir='ltr'><strong>unam</strong></span> <span class='ocrx_word' id='word_1_172' title='bbox 1463 3213 1598 3283; x_wconf 90' lang='lat' dir='ltr'><strong>portam,</strong></span> 
     </span>
     <span class='ocr_line' id='line_1_25' title="bbox 319 3306 1519 3393; baseline 0.002 -24"><span class='ocrx_word' id='word_1_173' title='bbox 319 3310 480 3371; x_wconf 82' lang='lat' dir='ltr'><strong>fornacem</strong></span> <span class='ocrx_word' id='word_1_174' title='bbox 503 3312 673 3390; x_wconf 89' lang='lat' dir='ltr'><strong>pistoream</strong></span> <span class='ocrx_word' id='word_1_175' title='bbox 696 3332 758 3372; x_wconf 91' lang='lat' dir='ltr'><strong>non</strong></span> <span class='ocrx_word' id='word_1_176' title='bbox 781 3312 865 3373; x_wconf 91' lang='lat' dir='ltr'><strong>bono</strong></span> <span class='ocrx_word' id='word_1_177' title='bbox 888 3319 972 3373; x_wconf 87' lang='lat' dir='ltr'><strong>tecto</strong></span> <span class='ocrx_word' id='word_1_178' title='bbox 996 3331 1053 3391; x_wconf 87' lang='lat' dir='ltr'><strong>per</strong></span> <span class='ocrx_word' id='word_1_179' title='bbox 1075 3312 1233 3393; x_wconf 88' lang='lat' dir='ltr'><strong>pigritiam</strong></span> <span class='ocrx_word' id='word_1_180' title='bbox 1257 3312 1425 3391; x_wconf 89' lang='lat' dir='ltr'><strong>provisam.</strong></span> <span class='ocrx_word' id='word_1_181' title='bbox 1515 3306 1519 3314; x_wconf 78' lang='grc'><strong>’</strong></span> 
     </span>
    </p>
   </div>
   <div class='ocr_carea' id='block_1_7' title="bbox 313 3453 1598 4823">
    <p class='ocr_par' dir='ltr' id='par_1_7' title="bbox 313 3453 1598 4823">
     <span class='ocr_line' id='line_1_26' title="bbox 427 3453 1597 3535; baseline -0.001 -20"><span class='ocrx_word' id='word_1_182' title='bbox 427 3453 471 3515; x_wconf 86' lang='grc'><strong>63</strong></span> <span class='ocrx_word' id='word_1_183' title='bbox 504 3454 602 3517; x_wconf 92' lang='lat' dir='ltr'><strong>Curia</strong></span> <span class='ocrx_word' id='word_1_184' title='bbox 625 3455 762 3517; x_wconf 87' lang='lat' dir='ltr'><strong>defuncti</strong></span> <span class='ocrx_word' id='word_1_185' title='bbox 794 3456 910 3516; x_wconf 92' lang='lat' dir='ltr'><strong>domini</strong></span> <span class='ocrx_word' id='word_1_186' title='bbox 942 3455 1064 3517; x_wconf 89' lang='lat' dir='ltr'><strong>comitis</strong></span> <span class='ocrx_word' id='word_1_187' title='bbox 1095 3455 1263 3517; x_wconf 88' lang='lat' dir='ltr'><strong>Mallenich</strong></span> <span class='ocrx_word' id='word_1_188' title='bbox 1296 3454 1498 3535; x_wconf 89' lang='lat' dir='ltr'><strong>triangularis</strong></span> <span class='ocrx_word' id='word_1_189' title='bbox 1528 3462 1597 3514; x_wconf 89' lang='lat' dir='ltr'><strong>toto</strong></span> 
     </span>
     <span class='ocr_line' id='line_1_27' title="bbox 319 3562 1598 3644; baseline -0.001 -23"><span class='ocrx_word' id='word_1_190' title='bbox 319 3564 449 3641; x_wconf 89' lang='lat' dir='ltr'><strong>perpluo</strong></span> <span class='ocrx_word' id='word_1_191' title='bbox 483 3570 566 3623; x_wconf 87' lang='lat' dir='ltr'><strong>tecto</strong></span> <span class='ocrx_word' id='word_1_192' title='bbox 600 3564 727 3641; x_wconf 89' lang='lat' dir='ltr'><strong>provisa</strong></span> <span class='ocrx_word' id='word_1_193' title='bbox 750 3582 877 3644; x_wconf 87' lang='lat' dir='ltr'><strong>magna,</strong></span> <span class='ocrx_word' id='word_1_194' title='bbox 907 3572 973 3624; x_wconf 91' lang='lat' dir='ltr'><strong>tarn</strong></span> <span class='ocrx_word' id='word_1_195' title='bbox 1002 3564 1034 3623; x_wconf 93' lang='lat' dir='ltr'><strong>in</strong></span> <span class='ocrx_word' id='word_1_196' title='bbox 1067 3562 1212 3637; x_wconf 87' lang='lat' dir='ltr'><strong>inferiori,</strong></span> <span class='ocrx_word' id='word_1_197' title='bbox 1243 3581 1339 3642; x_wconf 92' lang='lat' dir='ltr'><strong>quam</strong></span> <span class='ocrx_word' id='word_1_198' title='bbox 1368 3562 1521 3640; x_wconf 88' lang='lat' dir='ltr'><strong>superiori</strong></span> <span class='ocrx_word' id='word_1_199' title='bbox 1552 3562 1598 3620; x_wconf 94' lang='lat' dir='ltr'><strong>in·</strong></span> 
     </span>
     <span class='ocr_line' id='line_1_28' title="bbox 319 3670 1598 3750; baseline -0.002 -21"><span class='ocrx_word' id='word_1_200' title='bbox 319 3670 431 3750; x_wconf 90' lang='lat' dir='ltr'><strong>digens</strong></span> <span class='ocrx_word' id='word_1_201' title='bbox 448 3670 654 3748; x_wconf 89' lang='lat' dir='ltr'><strong>reparatione,</strong></span> <span class='ocrx_word' id='word_1_202' title='bbox 669 3690 725 3748; x_wconf 91' lang='lat' dir='ltr'><strong>pro</strong></span> <span class='ocrx_word' id='word_1_203' title='bbox 741 3689 805 3749; x_wconf 91' lang='lat' dir='ltr'><strong>qua</strong></span> <span class='ocrx_word' id='word_1_204' title='bbox 818 3670 963 3731; x_wconf 91' lang='lat' dir='ltr'><strong>dominus</strong></span> <span class='ocrx_word' id='word_1_205' title='bbox 977 3671 1127 3731; x_wconf 88' lang='lat' dir='ltr'><strong>Nicolaus</strong></span> <span class='ocrx_word' id='word_1_206' title='bbox 1138 3670 1310 3748; x_wconf 83' lang='lat' dir='ltr'><strong>Jellachiclr</strong></span> <span class='ocrx_word' id='word_1_207' title='bbox 1325 3688 1451 3730; x_wconf 89' lang='lat' dir='ltr'><strong>asseres</strong></span> <span class='ocrx_word' id='word_1_208' title='bbox 1467 3676 1598 3741; x_wconf 88' lang='lat' dir='ltr'><strong>coemat,</strong></span> 
     </span>
     <span class='ocr_line' id='line_1_29' title="bbox 318 3775 1598 3857; baseline -0.002 -20"><span class='ocrx_word' id='word_1_209' title='bbox 318 3778 431 3838; x_wconf 87' lang='lat' dir='ltr'><strong>saltem</strong></span> <span class='ocrx_word' id='word_1_210' title='bbox 456 3776 584 3835; x_wconf 90' lang='lat' dir='ltr'><strong>basibus</strong></span> <span class='ocrx_word' id='word_1_211' title='bbox 609 3784 640 3835; x_wconf 89' lang='lat' dir='ltr'><strong>et</strong></span> <span class='ocrx_word' id='word_1_212' title='bbox 663 3776 758 3857; x_wconf 87' lang='lat' dir='ltr'><strong>tignis</strong></span> <span class='ocrx_word' id='word_1_213' title='bbox 782 3777 941 3857; x_wconf 88' lang='lat' dir='ltr'><strong>indigebit,</strong></span> <span class='ocrx_word' id='word_1_214' title='bbox 965 3786 998 3839; x_wconf 91' lang='lat' dir='ltr'><strong>et</strong></span> <span class='ocrx_word' id='word_1_215' title='bbox 1020 3779 1079 3838; x_wconf 93' lang='lat' dir='ltr'><strong>hoc</strong></span> <span class='ocrx_word' id='word_1_216' title='bbox 1110 3796 1166 3856; x_wconf 89' lang='lat' dir='ltr'><strong>per</strong></span> <span class='ocrx_word' id='word_1_217' title='bbox 1188 3775 1415 3857; x_wconf 85' lang='lat' dir='ltr'><strong>negligentiam</strong></span> <span class='ocrx_word' id='word_1_218' title='bbox 1438 3776 1534 3856; x_wconf 88' lang='lat' dir='ltr'><strong>tignis</strong></span> <span class='ocrx_word' id='word_1_219' title='bbox 1566 3783 1598 3835; x_wconf 88' lang='lat' dir='ltr'><strong>et</strong></span> 
     </span>
     <span class='ocr_line' id='line_1_30' title="bbox 320 3882 1597 3963; baseline -0.002 -20"><span class='ocrx_word' id='word_1_220' title='bbox 320 3883 473 3962; x_wconf 89' lang='lat' dir='ltr'><strong>superiori</strong></span> <span class='ocrx_word' id='word_1_221' title='bbox 495 3892 584 3961; x_wconf 91' lang='lat' dir='ltr'><strong>parte</strong></span> <span class='ocrx_word' id='word_1_222' title='bbox 601 3892 687 3945; x_wconf 87' lang='lat' dir='ltr'><strong>caret</strong></span> <span class='ocrx_word' id='word_1_223' title='bbox 710 3884 801 3944; x_wconf 91' lang='lat' dir='ltr'><strong>bona.</strong></span> <span class='ocrx_word' id='word_1_224' title='bbox 825 3886 981 3945; x_wconf 88' lang='lat' dir='ltr'><strong>Horreum</strong></span> <span class='ocrx_word' id='word_1_225' title='bbox 998 3884 1155 3946; x_wconf 87' lang='lat' dir='ltr'><strong>mediocre</strong></span> <span class='ocrx_word' id='word_1_226' title='bbox 1171 3884 1300 3944; x_wconf 88' lang='lat' dir='ltr'><strong>basibus</strong></span> <span class='ocrx_word' id='word_1_227' title='bbox 1324 3883 1478 3963; x_wconf 89' lang='lat' dir='ltr'><strong>indigens,</strong></span> <span class='ocrx_word' id='word_1_228' title='bbox 1501 3882 1597 3942; x_wconf 87' lang='lat' dir='ltr'><strong>foeni·</strong></span> 
     </span>
     <span class='ocr_line' id='line_1_31' title="bbox 319 3974 1594 4071; baseline -0.002 -20"><span class='ocrx_word' id='word_1_229' title='bbox 319 3974 435 4071; x_wconf 84' lang='lat' dir='ltr'><strong>legium</strong></span> <span class='ocrx_word' id='word_1_230' title='bbox 461 3990 501 4050; x_wconf 90' lang='lat' dir='ltr'><strong>ad</strong></span> <span class='ocrx_word' id='word_1_231' title='bbox 525 3989 562 4050; x_wconf 88' lang='lat'><strong>21</strong></span> <span class='ocrx_word' id='word_1_232' title='bbox 592 3992 768 4051; x_wconf 90' lang='lat' dir='ltr'><strong>columnam</strong></span> <span class='ocrx_word' id='word_1_233' title='bbox 791 3993 916 4067; x_wconf 88' lang='lat' dir='ltr'><strong>bonurn,</strong></span> <span class='ocrx_word' id='word_1_234' title='bbox 948 3993 1006 4053; x_wconf 91' lang='lat' dir='ltr'><strong>sed</strong></span> <span class='ocrx_word' id='word_1_235' title='bbox 1038 3993 1167 4071; x_wconf 88' lang='lat' dir='ltr'><strong>perpluo</strong></span> <span class='ocrx_word' id='word_1_236' title='bbox 1198 3999 1283 4051; x_wconf 88' lang='lat' dir='ltr'><strong>tecto</strong></span> <span class='ocrx_word' id='word_1_237' title='bbox 1312 3990 1487 4069; x_wconf 83' lang='lat' dir='ltr'><strong>provisum3</strong></span> <span class='ocrx_word' id='word_1_238' title='bbox 1518 3990 1594 4049; x_wconf 91' lang='lat' dir='ltr'><strong>item</strong></span> 
     </span>
     <span class='ocr_line' id='line_1_32' title="bbox 315 4082 1595 4177; baseline 0 -21"><span class='ocrx_word' id='word_1_239' title='bbox 315 4096 517 4177; x_wconf 90' lang='lat' dir='ltr'><strong>foenilegium</strong></span> <span class='ocrx_word' id='word_1_240' title='bbox 550 4097 711 4175; x_wconf 90' lang='lat' dir='ltr'><strong>antiquum</strong></span> <span class='ocrx_word' id='word_1_241' title='bbox 747 4098 787 4158; x_wconf 92' lang='lat' dir='ltr'><strong>ad</strong></span> <span class='ocrx_word' id='word_1_242' title='bbox 820 4099 980 4158; x_wconf 89' lang='lat' dir='ltr'><strong>columnas</strong></span> <span class='ocrx_word' id='word_1_243' title='bbox 1015 4096 1054 4157; x_wconf 83' lang='grc'><strong>14</strong></span> <span class='ocrx_word' id='word_1_244' title='bbox 1085 4116 1213 4176; x_wconf 91' lang='lat' dir='ltr'><strong>prorsus</strong></span> <span class='ocrx_word' id='word_1_245' title='bbox 1244 4082 1312 4158; x_wconf 83' lang='lat' dir='ltr'><strong>sine</strong></span> <span class='ocrx_word' id='word_1_246' title='bbox 1347 4105 1439 4166; x_wconf 85' lang='lat' dir='ltr'><strong>tecto,</strong></span> <span class='ocrx_word' id='word_1_247' title='bbox 1473 4098 1529 4157; x_wconf 91' lang='lat' dir='ltr'><strong>sed</strong></span> <span class='ocrx_word' id='word_1_248' title='bbox 1563 4097 1595 4156; x_wconf 95' lang='lat' dir='ltr'><strong>in</strong></span> 
     </span>
     <span class='ocr_line' id='line_1_33' title="bbox 318 4204 1595 4278; baseline -0.001 -15"><span class='ocrx_word' id='word_1_249' title='bbox 318 4204 468 4265; x_wconf 89' lang='lat' dir='ltr'><strong>mediocri</strong></span> <span class='ocrx_word' id='word_1_250' title='bbox 492 4212 583 4278; x_wconf 90' lang='lat' dir='ltr'><strong>statu,</strong></span> <span class='ocrx_word' id='word_1_251' title='bbox 608 4212 639 4263; x_wconf 89' lang='lat' dir='ltr'><strong>et</strong></span> <span class='ocrx_word' id='word_1_252' title='bbox 661 4205 720 4264; x_wconf 89' lang='lat' dir='ltr'><strong>hoc</strong></span> <span class='ocrx_word' id='word_1_253' title='bbox 744 4205 771 4264; x_wconf 88' lang='lat' dir='ltr'><strong>si</strong></span> <span class='ocrx_word' id='word_1_254' title='bbox 794 4213 911 4265; x_wconf 89' lang='lat' dir='ltr'><strong>tectum</strong></span> <span class='ocrx_word' id='word_1_255' title='bbox 934 4206 1057 4278; x_wconf 86' lang='lat' dir='ltr'><strong>fuisset,</strong></span> <span class='ocrx_word' id='word_1_256' title='bbox 1092 4225 1155 4265; x_wconf 92' lang='lat' dir='ltr'><strong>non</strong></span> <span class='ocrx_word' id='word_1_257' title='bbox 1179 4206 1218 4265; x_wconf 89' lang='lat' dir='ltr'><strong>ad</strong></span> <span class='ocrx_word' id='word_1_258' title='bbox 1248 4206 1364 4266; x_wconf 90' lang='lat' dir='ltr'><strong>malum</strong></span> <span class='ocrx_word' id='word_1_259' title='bbox 1396 4213 1512 4265; x_wconf 90' lang='lat' dir='ltr'><strong>statum</strong></span> <span class='ocrx_word' id='word_1_260' title='bbox 1543 4222 1595 4263; x_wconf 89' lang='lat' dir='ltr'><strong>ve-</strong></span> 
     </span>
     <span class='ocr_line' id='line_1_34' title="bbox 319 4310 1596 4391; baseline -0.001 -20"><span class='ocrx_word' id='word_1_261' title='bbox 319 4310 425 4371; x_wconf 89' lang='lat' dir='ltr'><strong>nisset.</strong></span> <span class='ocrx_word' id='word_1_262' title='bbox 450 4310 596 4372; x_wconf 90' lang='lat' dir='ltr'><strong>Culinam</strong></span> <span class='ocrx_word' id='word_1_263' title='bbox 620 4312 744 4371; x_wconf 92' lang='lat' dir='ltr'><strong>novitus</strong></span> <span class='ocrx_word' id='word_1_264' title='bbox 780 4321 933 4372; x_wconf 89' lang='lat' dir='ltr'><strong>erreetam</strong></span> <span class='ocrx_word' id='word_1_265' title='bbox 965 4314 1069 4379; x_wconf 74' lang='lat' dir='ltr'><strong>habet,</strong></span> <span class='ocrx_word' id='word_1_266' title='bbox 1101 4313 1158 4373; x_wconf 90' lang='lat' dir='ltr'><strong>sed</strong></span> <span class='ocrx_word' id='word_1_267' title='bbox 1195 4313 1262 4373; x_wconf 92' lang='lat' dir='ltr'><strong>sine</strong></span> <span class='ocrx_word' id='word_1_268' title='bbox 1293 4320 1377 4373; x_wconf 91' lang='lat' dir='ltr'><strong>tecto</strong></span> <span class='ocrx_word' id='word_1_269' title='bbox 1409 4330 1466 4391; x_wconf 93' lang='lat' dir='ltr'><strong>per</strong></span> <span class='ocrx_word' id='word_1_270' title='bbox 1496 4310 1596 4391; x_wconf 91' lang='lat' dir='ltr'><strong>negli-</strong></span> 
     </span>
     <span class='ocr_line' id='line_1_35' title="bbox 315 4417 1590 4500; baseline -0.002 -20"><span class='ocrx_word' id='word_1_271' title='bbox 315 4420 465 4500; x_wconf 89' lang='lat' dir='ltr'><strong>gentiam,</strong></span> <span class='ocrx_word' id='word_1_272' title='bbox 489 4429 520 4480; x_wconf 93' lang='lat' dir='ltr'><strong>et</strong></span> <span class='ocrx_word' id='word_1_273' title='bbox 542 4428 610 4479; x_wconf 92' lang='lat' dir='ltr'><strong>tota</strong></span> <span class='ocrx_word' id='word_1_274' title='bbox 632 4428 721 4499; x_wconf 90' lang='lat' dir='ltr'><strong>parte</strong></span> <span class='ocrx_word' id='word_1_275' title='bbox 745 4420 905 4499; x_wconf 89' lang='lat' dir='ltr'><strong>superiori.</strong></span> <span class='ocrx_word' id='word_1_276' title='bbox 938 4420 1129 4481; x_wconf 87' lang='lat' dir='ltr'><strong>Granarium</strong></span> <span class='ocrx_word' id='word_1_277' title='bbox 1159 4420 1191 4480; x_wconf 93' lang='lat' dir='ltr'><strong>in</strong></span> <span class='ocrx_word' id='word_1_278' title='bbox 1221 4421 1304 4481; x_wconf 91' lang='lat' dir='ltr'><strong>bono</strong></span> <span class='ocrx_word' id='word_1_279' title='bbox 1335 4428 1430 4489; x_wconf 86' lang='lat' dir='ltr'><strong>statu,</strong></span> <span class='ocrx_word' id='word_1_280' title='bbox 1463 4417 1590 4478; x_wconf 89' lang='lat' dir='ltr'><strong>corbem</strong></span> 
     </span>
     <span class='ocr_line' id='line_1_36' title="bbox 313 4527 1592 4608; baseline -0.002 -22"><span class='ocrx_word' id='word_1_281' title='bbox 313 4527 562 4608; x_wconf 89' lang='lat' dir='ltr'><strong>fagopyraceam</strong></span> <span class='ocrx_word' id='word_1_282' title='bbox 586 4528 617 4587; x_wconf 92' lang='lat' dir='ltr'><strong>in</strong></span> <span class='ocrx_word' id='word_1_283' title='bbox 640 4536 724 4587; x_wconf 86' lang='lat' dir='ltr'><strong>tecto</strong></span> <span class='ocrx_word' id='word_1_284' title='bbox 740 4528 772 4587; x_wconf 92' lang='lat' dir='ltr'><strong>in</strong></span> <span class='ocrx_word' id='word_1_285' title='bbox 794 4528 877 4587; x_wconf 92' lang='lat' dir='ltr'><strong>bono</strong></span> <span class='ocrx_word' id='word_1_286' title='bbox 894 4536 986 4602; x_wconf 90' lang='lat' dir='ltr'><strong>statu,</strong></span> <span class='ocrx_word' id='word_1_287' title='bbox 1003 4530 1166 4588; x_wconf 89' lang='lat' dir='ltr'><strong>columnae</strong></span> <span class='ocrx_word' id='word_1_288' title='bbox 1183 4528 1278 4588; x_wconf 90' lang='lat' dir='ltr'><strong>etiam</strong></span> <span class='ocrx_word' id='word_1_289' title='bbox 1301 4527 1483 4599; x_wconf 86' lang='lat' dir='ltr'><strong>mediocres,</strong></span> <span class='ocrx_word' id='word_1_290' title='bbox 1499 4544 1592 4585; x_wconf 89' lang='lat' dir='ltr'><strong>secus</strong></span> 
     </span>
     <span class='ocr_line' id='line_1_37' title="bbox 314 4632 1594 4713; baseline 0 -20"><span class='ocrx_word' id='word_1_291' title='bbox 314 4634 346 4694; x_wconf 92' lang='lat' dir='ltr'><strong>in</strong></span> <span class='ocrx_word' id='word_1_292' title='bbox 387 4634 470 4693; x_wconf 87' lang='lat' dir='ltr'><strong>malo</strong></span> <span class='ocrx_word' id='word_1_293' title='bbox 509 4642 601 4709; x_wconf 90' lang='lat' dir='ltr'><strong>statu,</strong></span> <span class='ocrx_word' id='word_1_294' title='bbox 636 4634 667 4694; x_wconf 91' lang='lat' dir='ltr'><strong>in</strong></span> <span class='ocrx_word' id='word_1_295' title='bbox 715 4636 804 4695; x_wconf 91' lang='lat' dir='ltr'><strong>horto</strong></span> <span class='ocrx_word' id='word_1_296' title='bbox 858 4635 1019 4713; x_wconf 91' lang='lat' dir='ltr'><strong>antiquum</strong></span> <span class='ocrx_word' id='word_1_297' title='bbox 1067 4634 1274 4695; x_wconf 86' lang='lat' dir='ltr'><strong>aedificiolum</strong></span> <span class='ocrx_word' id='word_1_298' title='bbox 1325 4633 1413 4711; x_wconf 88' lang='lat' dir='ltr'><strong>quasi</strong></span> <span class='ocrx_word' id='word_1_299' title='bbox 1460 4632 1594 4693; x_wconf 88' lang='lat' dir='ltr'><strong>culinam</strong></span> 
     </span>
     <span class='ocr_line' id='line_1_38' title="bbox 313 4740 1589 4823; baseline -0.003 -20"><span class='ocrx_word' id='word_1_300' title='bbox 313 4743 477 4823; x_wconf 89' lang='lat' dir='ltr'><strong>parvulam</strong></span> <span class='ocrx_word' id='word_1_301' title='bbox 500 4743 597 4802; x_wconf 89' lang='lat' dir='ltr'><strong>habet</strong></span> <span class='ocrx_word' id='word_1_302' title='bbox 619 4743 818 4815; x_wconf 86' lang='lat' dir='ltr'><strong>mediocrem,</strong></span> <span class='ocrx_word' id='word_1_303' title='bbox 842 4743 952 4803; x_wconf 87' lang='lat' dir='ltr'><strong>fornax</strong></span> <span class='ocrx_word' id='word_1_304' title='bbox 976 4743 1114 4822; x_wconf 76' lang='lat' dir='ltr'><strong>pistores</strong></span> <span class='ocrx_word' id='word_1_305' title='bbox 1136 4742 1168 4801; x_wconf 91' lang='lat' dir='ltr'><strong>in</strong></span> <span class='ocrx_word' id='word_1_306' title='bbox 1198 4743 1288 4800; x_wconf 92' lang='lat' dir='ltr'><strong>horto</strong></span> <span class='ocrx_word' id='word_1_307' title='bbox 1320 4740 1351 4799; x_wconf 93' lang='lat' dir='ltr'><strong>in</strong></span> <span class='ocrx_word' id='word_1_308' title='bbox 1382 4740 1465 4800; x_wconf 92' lang='lat' dir='ltr'><strong>bono</strong></span> <span class='ocrx_word' id='word_1_309' title='bbox 1496 4748 1589 4800; x_wconf 88' lang='lat' dir='ltr'><strong>statu.</strong></span> 
     </span>
    </p>
   </div>
   <div class='ocr_carea' id='block_1_8' title="bbox 315 4881 1594 5072">
    <p class='ocr_par' dir='ltr' id='par_1_8' title="bbox 315 4881 1594 5072">
     <span class='ocr_line' id='line_1_39' title="bbox 421 4881 1590 4963; baseline 0 -21"><span class='ocrx_word' id='word_1_310' title='bbox 421 4881 473 4948; x_wconf 83' lang='lat'><strong>64.</strong></span> <span class='ocrx_word' id='word_1_311' title='bbox 497 4884 641 4944; x_wconf 82' lang='lat' dir='ltr'><strong>Andreas</strong></span> <span class='ocrx_word' id='word_1_312' title='bbox 665 4885 825 4963; x_wconf 88' lang='lat' dir='ltr'><strong>Sipussich</strong></span> <span class='ocrx_word' id='word_1_313' title='bbox 849 4886 945 4946; x_wconf 83' lang='lat' dir='ltr'><strong>habet</strong></span> <span class='ocrx_word' id='word_1_314' title='bbox 967 4886 1096 4945; x_wconf 90' lang='lat' dir='ltr'><strong>domum</strong></span> <span class='ocrx_word' id='word_1_315' title='bbox 1118 4884 1242 4958; x_wconf 86' lang='lat' dir='ltr'><strong>bonam,</strong></span> <span class='ocrx_word' id='word_1_316' title='bbox 1266 4885 1412 4943; x_wconf 88' lang='lat' dir='ltr'><strong>horreum</strong></span> <span class='ocrx_word' id='word_1_317' title='bbox 1429 4882 1590 4961; x_wconf 88' lang='lat' dir='ltr'><strong>antiquum</strong></span> 
     </span>
     <span class='ocr_line' id='line_1_40' title="bbox 315 4989 1594 5072; baseline -0.002 -21"><span class='ocrx_word' id='word_1_318' title='bbox 315 4990 455 5064; x_wconf 86' lang='lat' dir='ltr'><strong>basibus,</strong></span> <span class='ocrx_word' id='word_1_319' title='bbox 479 4999 511 5050; x_wconf 91' lang='lat' dir='ltr'><strong>et</strong></span> <span class='ocrx_word' id='word_1_320' title='bbox 535 4992 731 5070; x_wconf 89' lang='lat' dir='ltr'><strong>reparatione</strong></span> <span class='ocrx_word' id='word_1_321' title='bbox 766 4992 920 5072; x_wconf 85' lang='lat' dir='ltr'><strong>indigens,</strong></span> <span class='ocrx_word' id='word_1_322' title='bbox 952 4993 1046 5052; x_wconf 87' lang='lat' dir='ltr'><strong>haras</strong></span> <span class='ocrx_word' id='word_1_323' title='bbox 1079 4992 1118 5051; x_wconf 88' lang='lat' dir='ltr'><strong>ad</strong></span> <span class='ocrx_word' id='word_1_324' title='bbox 1150 4990 1180 5051; x_wconf 89' lang='lat'><strong>5.</strong></span> <span class='ocrx_word' id='word_1_325' title='bbox 1211 4992 1373 5051; x_wconf 88' lang='lat' dir='ltr'><strong>clausuras</strong></span> <span class='ocrx_word' id='word_1_326' title='bbox 1403 4989 1532 5053; x_wconf 88' lang='lat' dir='ltr'><strong>basibus</strong></span> <span class='ocrx_word' id='word_1_327' title='bbox 1562 4997 1594 5049; x_wconf 91' lang='lat' dir='ltr'><strong>et</strong></span> 
     </span>
    </p>
   </div>
   <div class='ocr_carea' id='block_1_9' title="bbox 0 0 1972 5550">
    <p class='ocr_par' dir='ltr' id='par_1_9' title="bbox 0 0 1972 5550">
     <span class='ocr_line' id='line_1_41' title="bbox 0 0 1972 5550; baseline 0 0"><span class='ocrx_word' id='word_1_328' title='bbox 0 0 1972 5550; x_wconf 95' lang='lat' dir='ltr'><strong> </strong></span> 
     </span>
    </p>
   </div>
  </div>
 </body>
</html>
