3934 5550
316 412 459 474 ·84

419 630 556 709 phanum
580 630 723 704 lurinich,
747 630 916 691 Martinum
945 630 1073 704 Hurich‚
1097 631 1244 691 loannem
1269 632 1433 706 Skorniak,
1456 631 1615 691 Simonem
1642 633 1695 691 Po-

416 738 527 816 pelich,
551 738 727 816 Casparum
753 738 900 812 Chusich‚
935 738 1101 799 Matthiam
1126 738 1342 817 Wgrinouich,
1375 740 1501 799 Petrum
1533 748 1565 799 et
1588 740 1694 799 wolfl-

415 864 557 925 gangum
581 846 733 919 Horuath,
758 845 945 906 Michaelem
970 847 1146 919 Pondurek,
1179 846 1326 905 lacobum
1351 846 1477 919 Kusich,
1500 845 1695 925 Stephanum

415 951 568 1026 Luchich‚
603 952 794 1013 Anthonium
830 962 861 1013 et
896 952 1062 1012 Matthiam
1098 952 1292 1025 Chunchieh,
1330 952 1492 1011 Nicolaum
1528 950 1695 1027 Malenich,

414 1058 604 1140 Gregorium
637 1069 669 1120 et
699 1060 838 1121 Blasium
874 1060 1066 1141 Pogledych,
1096 1056 1283 1120 Michaelem
1312 1060 1504 1133 Zunlrouich‚
1528 1060 1693 1121 Matthiam

414 1168 563 1243 Fratrich,
595 1169 783 1229 Michaelem
815 1188 968 1249 generum
1000 1168 1147 1249 Gregorii
1179 1170 1308 1243 Horuat,
1340 1168 1471 1229 altemm
1505 1168 1694 1229 Michaelem

413 1275 595 1353 Vitkouich,
629 1276 794 1337 Nicolaum
830 1276 977 1353 Taysich‚
1005 1276 1164 1337 Andream
1201 1277 1381 1356 Pogledich,
1419 1276 1585 1339 Matthiam
1623 1277 1695 1335 Rer-

413 1383 535 1458 kouich,
560 1385 719 1457 loannem,
752 1387 895 1446 Marcum
928 1393 960 1445 et
988 1385 1152 1445 Nicolaum
1183 1385 1365 1465 Ztepanich,
1390 1384 1563 1465 Georgium
1586 1385 1692 1444 Koko-

413 1492 549 1566 thouich‚
571 1494 766 1572 Stephanum
791 1501 822 1553 et
845 1495 1000 1554 Thomam
1033 1494 1193 1574 Supanich
1225 1494 1314 1554 aliter
1345 1492 1534 1570 Kuschichy,
1566 1493 1693 1553 Petrum

415 1600 605 1680 Poldrugalr,
627 1600 766 1661 Blasium
797 1600 1044 1677 Rebarhhonich,
1076 1602 1242 1661 Matthiam
1275 1600 1393 1675 Celich‚
1425 1602 1580 1661 Thomam
1613 1602 1693 1660 Pau-

412 1708 535 1784 kouich,
569 1708 722 1769 Mathiam
758 1708 884 1781 Nesich,
916 1708 1089 1788 Georgium
1124 1708 1311 1783 Leuachich,
1342 1708 1507 1768 Nicolaum
1538 1707 1693 1782 lanchich‚

411 1816 539 1875 Petrum
578 1816 705 1891 Barich,
743 1816 875 1875 Paulum
912 1813 1125 1896 Brisgleuich⁴
1160 1816 1333 1897 Georgium
1369 1816 1489 1891 Salich,
1527 1815 1693 1877 Matthiam

410 1923 549 1996 Hauecz,
584 1923 716 1982 Paulum
751 1923 912 1998 Sabarich,
947 1923 1093 1983 Iacobum
1130 1924 1315 1995 Trimenicz,
1349 1922 1538 1983 Michaelem
1573 1923 1692 1982 Kaura-

411 2030 492 2103 nich,
527 2029 704 2106 Matthyam
738 2030 928 2105 Balthorich‚
958 2031 1145 2091 Michaelem
1182 2031 1357 2105 Klinouich,
1391 2030 1544 2091 Mathiam
1580 2029 1693 2089 Bolthi-

412 2138 524 2211 sarich,
561 2139 747 2200 Michaelem
782 2140 947 2213 Voschich,
982 2140 1149 2199 Matthiam
1184 2140 1316 2217 Kuchin,
1352 2139 1552 2199 Laurentium
1589 2139 1693 2199 Deua-

415 2246 495 2322 nich,
518 2246 689 2309 Martinum
715 2248 883 2327 lagneych,
916 2247 1055 2307 Blasium
1082 2244 1257 2321 Dolereczl,
1282 2247 1469 2307 Michaelem
1492 2245 1693 2317 luricheuich,

416 2354 583 2415 Matthiam
618 2355 817 2431 lachechich‚
855 2356 1004 2415 loannem
1043 2354 1209 2429 Olruizslri,
1244 2354 1409 2414 Matthiam
1444 2354 1601 2429 Chusich‚
1635 2353 1693 2414 Mi·

419 2462 560 2523 chaelem
596 2462 797 2541 Puchanych‚
830 2462 1000 2523 Martinum
1032 2462 1211 2538 Fabianich,
1243 2463 1372 2523 alterurn
1404 2463 1574 2522 Martinum
1605 2464 1694 2523 Fabi-

412 2570 522 2643 anich,
556 2570 730 2650 Georgium
769 2580 800 2630 et
834 2571 961 2630 Petrum
997 2570 1109 2647 Beley‚
1153 2570 1283 2630 alterum
1326 2570 1452 2629 Petrum
1492 2570 1693 2631 Hranilouich

415 2677 601 2756 Casparem,
623 2676 821 2753 Michaelem,
845 2678 982 2751 Petrum,
1006 2677 1179 2757 Georgium
1212 2685 1243 2737 et
1273 2678 1466 2755 Stephanum
1500 2678 1606 2754 Beley,
1636 2677 1692 2737 Pe·

414 2794 499 2847 trum
529 2795 561 2847 et
590 2787 757 2846 Matthiam
791 2787 973 2860 Lubethich,
1006 2786 1194 2866 Gregorium
1219 2787 1325 2863 Beley,
1350 2785 1522 2866 Georgium
1546 2785 1694 2858 Bosnialr,

413 2893 583 2954 Martinum
606 2894 785 2972 Supanych,
813 2894 977 2954 Nicolaum
993 2903 1025 2954 et
1037 2894 1163 2954 Petrum
1181 2894 1313 2954 Kouach
1328 2903 1359 2954 et
1375 2893 1544 2954 Martinum
1567 2895 1693 2970 Zlodey,

413 3000 445 3060 in
479 3001 690 3080 praesentiam
726 3021 816 3062 suam
851 3003 1111 3078 (locumtenentis)
1136 3002 1255 3076 citaret,
1287 3013 1317 3060 et
1350 3019 1422 3060 cum
1454 3000 1557 3080 magis
1586 3001 1694 3062 vicinis

412 3107 595 3169 consiliariis
626 3108 733 3189 regiis,
763 3109 924 3189 magistris
955 3109 1206 3188 prothonotariis,
1239 3109 1370 3188 aliisque
1402 3109 1585 3187 iurisperitis
1609 3109 1692 3183 viris,

409 3215 476 3276 iure
489 3216 736 3277 extraordinario
748 3235 842 3296 snper
853 3217 1068 3278 diffamatione
1081 3235 1236 3295 personae
1253 3226 1284 3276 et
1301 3215 1393 3277 officii
1405 3216 1546 3277 eiusdem
1560 3215 1632 3276 bani
1646 3217 1689 3275 iu-

410 3323 524 3385 dicium
540 3324 667 3396 iaceret,
684 3333 716 3384 et
733 3323 845 3384 exinde
861 3333 896 3384 ut
911 3323 970 3383 iuri
984 3333 1179 3403 compertum
1203 3324 1304 3395 luerit,
1318 3325 1348 3383 id
1364 3323 1490 3384 debitae
1515 3325 1693 3384 executioni

415 3431 630 3492 demandaret.
656 3431 740 3508 Quia
767 3440 872 3492 autern
896 3433 1049 3492 hactenus
1077 3440 1204 3511 propter
1227 3431 1355 3491 bellicos
1386 3432 1536 3491 tumultus
1560 3439 1591 3491 et
1614 3431 1692 3491 alias

419 3548 522 3599 certas
544 3539 585 3600 ob
609 3558 723 3599 causas
746 3540 828 3599 idem
853 3541 1068 3600 locumtenens
1099 3539 1276 3599 citationem
1295 3539 1487 3615 praedictam
1503 3538 1607 3598 lacere
1631 3557 1693 3598 non

421 3653 575 3725 potuerat,
602 3645 664 3704 iarn
687 3655 792 3706 tamen
814 3647 1083 3725 appropinquante
1107 3647 1247 3727 generali
1272 3649 1376 3708 diaeta
1400 3648 1488 3728 regni
1512 3648 1694 3728 Hungariae

417 3753 596 3832 ubicunque
629 3753 697 3833 ipsa
729 3754 759 3813 in
795 3754 878 3814 dicto
910 3773 1010 3834 regno
1041 3755 1223 3834 Hungariae
1257 3755 1474 3827 celebraretur,
1498 3755 1529 3815 id
1561 3754 1693 3835 aggredi

416 3860 533 3921 statuit
558 3862 619 3921 Pro
651 3881 689 3921 eo
720 3862 885 3921 committit
915 3861 998 3922 dicto
1031 3863 1167 3941 capitulo
1187 3863 1401 3942 Zagrabiensi,
1426 3872 1581 3940 quatenus
1604 3881 1691 3942 prae·

415 3977 522 4029 sentes
557 3969 662 4030 literas
697 3968 803 4029 comiti
837 3970 976 4029 terrestri
1009 3989 1046 4029 ac
1077 3969 1226 4030 nobilium
1250 3971 1364 4049 Campi
1390 3971 1613 4052 Zagrabiensis
1637 3991 1692 4031 seu

416 4077 605 4156 Turopollia,
622 4095 678 4157 per
701 4096 793 4136 suum
816 4077 1028 4137 testimonium
1051 4077 1244 4157 fidedignum
1267 4078 1405 4138 exhiberi
1428 4078 1531 4152 iaciat,
1556 4078 1691 4157 ipsisque

415 4183 598 4256 committat,
622 4192 656 4244 ut
679 4182 737 4263 ipsi
761 4185 792 4244 in
816 4185 929 4245 eadem
945 4185 1088 4264 generali
1105 4185 1209 4244 diaeta
1232 4185 1321 4264 regni
1347 4185 1538 4265 Hungariae,
1562 4186 1692 4264 locoque

415 4291 467 4352 ubi
491 4291 543 4350 illa
566 4291 786 4364 celebraretur,
810 4300 841 4351 et
864 4291 891 4351 si
914 4291 1144 4353 desiderabitur
1167 4300 1255 4352 extra
1279 4294 1412 4352 eandem
1437 4293 1531 4352 etiam
1547 4293 1692 4368 diaetam,

414 4417 514 4477 usque
539 4399 579 4458 ad
602 4399 719 4459 exitum
742 4399 919 4479 praesentis
942 4399 1004 4460 litis
1028 4418 1134 4459 coram
1159 4401 1270 4459 eodem
1286 4401 1516 4460 locumtenente
1542 4419 1578 4460 ac
1602 4419 1691 4478 prae·

416 4508 507 4567 tactis
530 4507 723 4579 consiliariis,
740 4508 983 4587 prothonotariis
1008 4516 1039 4568 et
1063 4508 1138 4568 iuris
1161 4508 1268 4586 peritis
1292 4508 1376 4584 viris,
1399 4509 1430 4569 in
1454 4509 1567 4568 iudicio
1591 4515 1692 4568 extra-

415 4613 573 4674 ordinario
603 4616 808 4693 personaliter
841 4617 890 4676 vel
926 4635 982 4693 per
1014 4625 1232 4693 procuratores
1264 4635 1446 4694 comparere
1476 4616 1620 4686 debeant,
1643 4633 1691 4674 ra·

416 4721 533 4782 tionem
557 4724 596 4783 de
619 4724 810 4802 praemissis,
834 4743 871 4783 ac
895 4723 963 4782 aliis
980 4723 1074 4782 etiam
1100 4723 1136 4798 (si
1162 4723 1399 4799 desiderabitur)
1431 4743 1487 4803 per
1509 4723 1611 4801 ipsum
1638 4722 1691 4782 ba-

427 4851 500 4891 num
537 4840 590 4890 aut
626 4833 693 4892 eius
716 4843 957 4910 procuratorem.
993 4831 1021 4889 in
1054 4831 1166 4890 iudicio
1199 4831 1416 4910 exprimendis,
1449 4829 1632 4901 reddituros,
1657 4849 1694 4890 ac

418 4939 585 5028 superinde
620 4941 767 5009 indicium
802 4951 834 5010 et
868 4940 1026 5028 iustitiam,
1062 4941 1248 5032 finalemque
1283 4940 1469 5006 sententiam
1505 4948 1693 5028 recepturos,
