3934 5550
1508 425 1569 486 147

289 645 407 705 ibidem
429 654 594 724 repertam,
618 663 731 724 resque
747 643 879 705 mobiles
895 644 1067 703 eorundem
1083 642 1253 721 diriperent
1276 642 1323 701 sin
1346 642 1430 702 omni
1454 641 1568 719 precio,

289 753 411 812 nobiles
434 772 511 831 poro
535 752 621 831 ipsas
652 770 805 831 personas
827 751 860 811 in
883 750 1027 811 domibus
1054 750 1226 810 eorundem
1249 731 1459 822 verberarent,
1482 749 1567 809 deni·

289 880 349 939 que
374 860 467 919 variis
491 860 622 933 damnis,
655 859 773 919 iniuriis
797 867 828 919 et
851 859 1107 938 oppressionibus
1131 859 1259 919 eosdem
1285 858 1454 934 afficerent,
1476 857 1567 917 liber·

288 975 388 1027 tatum
411 986 539 1027 suarum
563 966 763 1046 praeiudicio,
787 967 963 1046 iniuriaque
997 977 1029 1027 et
1061 968 1177 1027 damno
1201 966 1470 1039 manifestissimo,
1494 985 1567 1044 sup·

288 1074 432 1154 plicando
463 1075 551 1135 nobis
583 1074 760 1150 humillime,
789 1083 943 1153 quatenus
975 1074 1051 1154 ipsis
1074 1075 1114 1134 de
1137 1074 1295 1155 condigno
1326 1074 1466 1135 remedio
1496 1091 1566 1152 pro·

288 1183 404 1256 videre,
427 1182 653 1262 tuitionemque
677 1192 708 1244 et
730 1184 944 1245 detensionem
969 1203 1078 1245 eorum
1100 1184 1191 1245 vobis
1214 1185 1407 1245 committere
1430 1184 1567 1265 benigne

287 1291 498 1371 dignaremur.
522 1292 664 1368 Quorum
687 1310 746 1351 nos
769 1292 877 1361 humili
909 1293 1136 1372 supplicatione
1168 1294 1258 1374 regia
1287 1293 1482 1375 benignitate
1513 1310 1565 1351 ex·

288 1398 403 1475 audita,
419 1400 588 1460 clementer
612 1408 642 1459 et
667 1381 813 1475 admissa,
838 1419 908 1459 curn
940 1400 1104 1460 universos
1128 1408 1160 1461 et
1183 1400 1323 1481 singulos
1347 1400 1488 1460 subditos
1510 1417 1566 1458 no·

288 1515 369 1565 stros
401 1507 431 1566 in
463 1506 527 1567 suis
552 1507 687 1585 antiquis
721 1506 924 1583 libertatibus,
948 1507 1120 1588 privilegiis
1144 1516 1176 1578 et
1199 1507 1485 1588 consvetudinibus,
1507 1524 1565 1587 pro

287 1597 501 1672 officii‘nostri
532 1604 648 1695 regalis
679 1613 855 1699 dictamine,
879 1614 1006 1674 omnino
1037 1593 1231 1675 conservare
1258 1588 1464 1689 decrevimus,
1495 1597 1566 1692 pross

286 1721 359 1781 inde
394 1721 594 1781 fidelitatibus
630 1722 742 1781 vestris
778 1730 809 1781 et
843 1731 983 1782 vestrum
1019 1700 1151 1803 singulis
1181 1724 1293 1783 harum
1325 1723 1406 1782 serie
1436 1722 1566 1782 firmiter

287 1829 495 1889 commitimus
527 1838 559 1888 et
593 1830 788 1901 mandamus,
823 1836 978 1910 quatenus
1014 1831 1152 1908 acceptis
1182 1830 1400 1908 praesentibus
1432 1847 1489 1889 vos
1524 1829 1564 1888 ab

286 1924 476 1997 huiusmodi
494 1937 638 1995 violentis
670 1923 996 2013 condescensionibus
1020 1945 1050 1996 et
1075 1956 1093 1996 a
1117 1937 1229 2016 quavis
1259 1920 1489 2018 quarteriorum
1520 1935 1565 1995 di·

285 2046 423 2105 rectione
448 2054 479 2105 et
502 2032 664 2119 locatione,
690 2034 828 2125 aliosque
861 2033 1015 2124 quoslibet
1038 2046 1069 2105 in
1101 2046 1183 2106 dicto
1215 2064 1314 2127 regno
1344 2027 1452 2106 nostro
1479 2045 1565 2106 Scla-

286 2152 399 2212 uoniae
431 2153 608 2227 existentes,
640 2152 671 2211 in
703 2152 786 2211 dicta
817 2152 1021 2214 universitate
1053 2161 1084 2213 et
1114 2152 1237 2233 Campo
1268 2152 1487 2232 Turopoliensi
1511 2152 1564 2212 ab·

286 2261 410 2331 stinere,
428 2268 459 2319 et
482 2280 561 2337 sese,
577 2279 714 2338 suosque
739 2280 757 2320 a
777 2244 962 2340 'praemissis
981 2261 1113 2338 damnis,
1129 2260 1247 2321 iniuriis
1263 2269 1295 2321 et
1309 2260 1565 2340 oppressionibus

286 2366 431 2427 cohibere
455 2376 487 2427 et
509 2360 678 2441 continere,
710 2368 901 2446 eosdemque
932 2368 1054 2429 nobiles
1086 2377 1117 2429 et
1145 2369 1260 2428 dictam
1285 2367 1564 2428 universitatema

286 2474 466 2555 praemissis
489 2474 612 2549 liberos,
634 2474 792 2535 immunes'
813 2484 844 2535 et
867 2484 1030 2554 exemptos
1054 2495 1125 2536 esse
1149 2478 1302 2539 volumus.
1315 2475 1516 2553 Quinimmo,
1529 2483 1564 2535 ut

287 2586 361 2644 dum
394 2593 424 2644 et
456 2584 591 2663 quando,
615 2602 653 2643 ac
676 2584 946 2663 quotienscunque
971 2604 989 2643 a
1014 2581 1103 2644 dictis
1120 2578 1282 2644 'nobilibus
1306 2592 1337 2643 et
1360 2583 1563 2643 universitate

285 2692 399 2771 Campi
423 2692 658 2770 Turopoliensis
690 2690 826 2769 iamiata,
859 2692 950 2751 simul
973 2693 1025 2753 vel
1048 2692 1173 2779 divisim¹
1194 2691 1336 2770 requisiti
1357 2690 1485 2766 fueritis,
1510 2699 1564 2751 aut

285 2801 362 2862 alter
386 2810 524 2860 vestrum
549 2801 716 2879 requisitus
747 2801 848 2888 fuerit,
870 2802 1008 2888 ⁸eosdem
1032 2803 1098 2861 tam
1121 2802 1152 2861 in
1175 2800 1318 2880 personis
1342 2820 1437 2878 quam
1460 2801 1563 2876 rebus,
1637 2885 1640 2888 .

283 2905 444 2988 bbnisque·
469 2899 625 2969 universis
647 2917 756 2969 contra
780 2909 935 2988 quoslibet
959 2929 997 2969 ac
1020 2910 1185 2970 universos
1213 2910 1374 2984 violentos,
1398 2918 1429 2969 et
1451 2909 1563 2989 illegit-

282 3016 375 3076 timos
408 3016 610 3095 impetitores,
647 3017 824 3076 turbatores
855 3016 892 3076 'et
927 3017 1181 3078 damnificatores
1212 3017 1301 3092 tueri,
1332 3025 1500 3098 protegere
1532 3026 1563 3077 et

283 3123 452 3183 defendere
487 3123 628 3183 debeatis
663 3131 694 3182 et
712 3125 907 3198 teneamini,
950 3124 1140 3185 authoritate
1173 3134 1281 3185 nostra
1316 3125 1407 3185 vobis
1437 3125 1469 3184 in
1502 3125 1563 3184 hac

283 3239 372 3311 parte
397 3250 452 3310 per
476 3251 533 3290 nos
557 3231 697 3310 plenarie
729 3251 881 3292 concessa
905 3241 936 3292 et
960 3233 1117 3306 attributa,
1142 3235 1272 3312 iureque
1296 3242 1327 3294 et
1350 3233 1467 3294 iustitia
1497 3253 1562 3293 me·

284 3339 396 3400 diante.
420 3339 519 3398 Secus
544 3339 650 3417 itaque
674 3357 736 3398 non
761 3338 880 3400 facturi.
909 3340 1133 3400 Praesentibus
1156 3340 1310 3419 perlectis,
1335 3339 1492 3400 exhibenti
1514 3358 1563 3399 re·

283 3446 405 3507 stitutis.
430 3445 545 3504 Datum
569 3446 600 3504 in
624 3463 696 3505 arce
720 3455 828 3506 nostra
850 3447 1154 3527 regiaPosoniensi,
1189 3448 1240 3508 die
1271 3447 1427 3528 vigesima
1449 3455 1563 3508 octava

282 3555 398 3614 mensis
422 3553 610 3629 novembris,
634 3572 717 3613 anno
741 3554 858 3615 domini
875 3555 1039 3616 millesimo
1056 3557 1287 3616 sexcentesimo
1301 3556 1562 3636 quinquagesimo

279 3681 379 3734 nono;
402 3679 575 3740 regnorum
599 3670 776 3722 nostrorum
799 3664 932 3724 Romani
956 3665 1105 3737 secundo,
1122 3663 1307 3744 Hungariae
1324 3673 1356 3724 et
1371 3663 1560 3745 reliquorum

280 3777 400 3848 quarto,
414 3769 595 3828 ·B0hemiae
623 3787 699 3828 vero
723 3788 806 3830 anno
829 3770 928 3834 terti0.

388 3883 567 3991 Leopoldus
590 3933 630 3976 rn.
655 3931 683 3990 p.

882 4001 884 4004 ⁵
944 4020 1102 4104 Georgius
1132 4023 1356 4103 Saelepcheny,

862 4130 1115 4210 archiepiscopus
1139 4129 1322 4192 Colocensis
1350 4152 1391 4194 m.
1414 4151 1443 4211 p.

935 4237 1080 4298 Andreas
1102 4239 1249 4315 Ruthlray
1271 4259 1311 4300 m.
1334 4257 1364 4317 p.

388 4379 430 4438 In
454 4379 596 4439 dorso:
628 4379 721 4454 Anno
756 4377 848 4442 1660.
873 4381 923 4441 die
955 4380 1007 4443 24.
1040 4381 1181 4458 ianuarii,
1205 4400 1356 4460 praesens
1379 4382 1481 4443 littera
1511 4401 1560 4442 sa·

282 4504 355 4546 crae
384 4505 553 4546 caesareae
577 4487 749 4568 regiaeque
780 4488 961 4563 maiestatis,
986 4489 1103 4550 domini
1126 4489 1243 4549 domini
1266 4489 1364 4549 nostri
1387 4490 1560 4550 clementis·

282 4592 361 4666 simi,
385 4593 459 4652 mihi
483 4593 617 4673 Caspari
641 4593 809 4672 Orahoczy
839 4596 879 4655 de
911 4594 1118 4672 Orahouicza,
1142 4596 1232 4676 regni
1263 4596 1451 4657 Sclauoniae
1478 4597 1561 4657 viee·

281 4700 373 4775 bano,
390 4701 592 4761 comitatuum
607 4703 830 4782 Zagrabiensis
849 4712 879 4764 et
896 4703 1063 4765 Crisiensis
1080 4724 1227 4783 supremo
1244 4704 1357 4779 comiti,
1380 4705 1412 4764 in
1433 4706 1561 4765 castello

281 4827 353 4869 meo
376 4809 577 4870 Kuscherocz
600 4819 834 4889 praesentatum
865 4820 895 4872 et
920 4812 1089 4872 exhibitum
1110 4807 1181 4874 est¹.

586 4936 672 4995 Idem
698 4935 821 5015 Caspar
844 4935 1022 5013 Orahoczy,
1044 4936 1216 4996 vicebanus
1240 4945 1271 4996 et
1293 4956 1400 4997 comes
1423 4959 1463 4999 m.
1487 4959 1515 5017 p.

1471 5058 1489 5095 0
