<?xml version="1.0" encoding="UTF-8"?>
<!DOCTYPE html PUBLIC "-//W3C//DTD XHTML 1.0 Transitional//EN"
    "http://www.w3.org/TR/xhtml1/DTD/xhtml1-transitional.dtd">
<html xmlns="http://www.w3.org/1999/xhtml" xml:lang="en" lang="en">
 <head>
  <title>
</title>
<meta http-equiv="Content-Type" content="text/html;charset=utf-8" />
  <meta name='ocr-system' content='tesseract 3.04.00' />
  <meta name='ocr-capabilities' content='ocr_page ocr_carea ocr_par ocr_line ocrx_word'/>
</head>
<body>
  <div class='ocr_page' id='page_1' title='image "./povjesnispomeni00laszgoog_0268.png"; bbox 0 0 3934 5550; ppageno 0'>
   <div class='ocr_carea' id='block_1_1' title="bbox 1524 454 1591 526">
    <p class='ocr_par' dir='ltr' id='par_1_1' title="bbox 1524 454 1591 526">
     <span class='ocr_line' id='line_1_1' title="bbox 1524 454 1591 526; baseline 0.015 -1"><span class='ocrx_word' id='word_1_1' title='bbox 1524 454 1591 526; x_wconf 78' lang='lat'><strong>235</strong></span> 
     </span>
    </p>
   </div>
   <div class='ocr_carea' id='block_1_2' title="bbox 303 668 1591 1191">
    <p class='ocr_par' dir='ltr' id='par_1_2' title="bbox 303 668 1591 1191">
     <span class='ocr_line' id='line_1_2' title="bbox 303 668 1591 742; baseline 0.005 -19"><span class='ocrx_word' id='word_1_2' title='bbox 303 668 448 725; x_wconf 85' lang='lat' dir='ltr'><strong>literarum</strong></span> <span class='ocrx_word' id='word_1_3' title='bbox 467 688 504 725; x_wconf 91' lang='lat' dir='ltr'><strong>ss.</strong></span> <span class='ocrx_word' id='word_1_4' title='bbox 525 678 555 725; x_wconf 89' lang='lat' dir='ltr'><strong>et</strong></span> <span class='ocrx_word' id='word_1_5' title='bbox 572 688 618 727; x_wconf 85' lang='lat' dir='ltr'><strong>oo.</strong></span> <span class='ocrx_word' id='word_1_6' title='bbox 637 668 792 735; x_wconf 88' lang='lat' dir='ltr'><strong>ratificavit,</strong></span> <span class='ocrx_word' id='word_1_7' title='bbox 805 688 923 741; x_wconf 90' lang='lat' dir='ltr'><strong>quarum</strong></span> <span class='ocrx_word' id='word_1_8' title='bbox 939 680 1024 727; x_wconf 87' lang='lat' dir='ltr'><strong>tenor</strong></span> <span class='ocrx_word' id='word_1_9' title='bbox 1036 673 1165 742; x_wconf 86' lang='lat' dir='ltr'><strong>sequitur</strong></span> <span class='ocrx_word' id='word_1_10' title='bbox 1183 674 1210 727; x_wconf 91' lang='lat' dir='ltr'><strong>in</strong></span> <span class='ocrx_word' id='word_1_11' title='bbox 1230 674 1301 728; x_wconf 89' lang='lat' dir='ltr'><strong>haec</strong></span> <span class='ocrx_word' id='word_1_12' title='bbox 1320 676 1420 729; x_wconf 86' lang='lat' dir='ltr'><strong>verba:</strong></span> <span class='ocrx_word' id='word_1_13' title='bbox 1441 675 1501 728; x_wconf 83' lang='lat' dir='ltr'><strong>»Ex</strong></span> <span class='ocrx_word' id='word_1_14' title='bbox 1519 676 1591 729; x_wconf 89' lang='lat' dir='ltr'><strong>actis</strong></span> 
     </span>
     <span class='ocr_line' id='line_1_3' title="bbox 304 760 1589 832; baseline 0.005 -21"><span class='ocrx_word' id='word_1_15' title='bbox 304 766 333 812; x_wconf 89' lang='lat' dir='ltr'><strong>et</strong></span> <span class='ocrx_word' id='word_1_16' title='bbox 352 760 476 813; x_wconf 83' lang='lat' dir='ltr'>articulis</span> <span class='ocrx_word' id='word_1_17' title='bbox 495 761 636 831; x_wconf 84' lang='lat' dir='ltr'><strong>generalis</strong></span> <span class='ocrx_word' id='word_1_18' title='bbox 659 762 737 831; x_wconf 85' lang='lat' dir='ltr'><strong>regni</strong></span> <span class='ocrx_word' id='word_1_19' title='bbox 757 762 988 832; x_wconf 79' lang='lat' dir='ltr'><strong>congregationis</strong></span> <span class='ocrx_word' id='word_1_20' title='bbox 1007 760 1165 828; x_wconf 86' lang='lat' dir='ltr'><strong>Varasdini,</strong></span> <span class='ocrx_word' id='word_1_21' title='bbox 1185 764 1232 816; x_wconf 93' lang='lat' dir='ltr'><strong>die</strong></span> <span class='ocrx_word' id='word_1_22' title='bbox 1252 764 1423 817; x_wconf 88' lang='lat' dir='ltr'><strong>duodecima</strong></span> <span class='ocrx_word' id='word_1_23' title='bbox 1441 771 1471 817; x_wconf 89' lang='lat' dir='ltr'><strong>et</strong></span> <span class='ocrx_word' id='word_1_24' title='bbox 1489 766 1589 824; x_wconf 87' lang='lat' dir='ltr'><strong>subse·</strong></span> 
     </span>
     <span class='ocr_line' id='line_1_4' title="bbox 304 850 1591 923; baseline 0.006 -23"><span class='ocrx_word' id='word_1_25' title='bbox 304 850 456 917; x_wconf 88' lang='lat' dir='ltr'><strong>quentibus</strong></span> <span class='ocrx_word' id='word_1_26' title='bbox 470 850 577 903; x_wconf 82' lang='lat' dir='ltr'><strong>mensis</strong></span> <span class='ocrx_word' id='word_1_27' title='bbox 591 851 760 915; x_wconf 81' lang='lat' dir='ltr'>decembris,</span> <span class='ocrx_word' id='word_1_28' title='bbox 773 866 848 904; x_wconf 89' lang='lat' dir='ltr'><strong>anno</strong></span> <span class='ocrx_word' id='word_1_29' title='bbox 862 851 969 904; x_wconf 90' lang='lat' dir='ltr'><strong>domini</strong></span> <span class='ocrx_word' id='word_1_30' title='bbox 979 851 1130 904; x_wconf 87' lang='lat' dir='ltr'><strong>millesimo</strong></span> <span class='ocrx_word' id='word_1_31' title='bbox 1140 853 1396 923; x_wconf 83' lang='lat' dir='ltr'><strong>septingentesimo</strong></span> <span class='ocrx_word' id='word_1_32' title='bbox 1406 854 1543 920; x_wconf 90' lang='lat' dir='ltr'><strong>secundo,</strong></span> <span class='ocrx_word' id='word_1_33' title='bbox 1553 870 1591 907; x_wconf 83' lang='lat' dir='ltr'><strong>ex</strong></span> 
     </span>
     <span class='ocr_line' id='line_1_5' title="bbox 305 937 1590 1016; baseline 0.006 -27"><span class='ocrx_word' id='word_1_34' title='bbox 305 937 400 992; x_wconf 90' lang='lat' dir='ltr'><strong>edicto</strong></span> <span class='ocrx_word' id='word_1_35' title='bbox 429 938 660 993; x_wconf 81' lang='lat' dir='ltr'><strong>excellentissimi</strong></span> <span class='ocrx_word' id='word_1_36' title='bbox 680 946 709 993; x_wconf 91' lang='lat' dir='ltr'><strong>et</strong></span> <span class='ocrx_word' id='word_1_37' title='bbox 728 940 909 1015; x_wconf 79' lang='lat' dir='ltr'><strong>illustrissimi</strong></span> <span class='ocrx_word' id='word_1_38' title='bbox 938 940 1046 994; x_wconf 90' lang='lat' dir='ltr'><strong>domini</strong></span> <span class='ocrx_word' id='word_1_39' title='bbox 1071 942 1185 994; x_wconf 90' lang='lat' dir='ltr'><strong>comitis</strong></span> <span class='ocrx_word' id='word_1_40' title='bbox 1204 942 1306 994; x_wconf 86' lang='lat' dir='ltr'><strong>Adami</strong></span> <span class='ocrx_word' id='word_1_41' title='bbox 1325 942 1362 995; x_wconf 89' lang='lat' dir='ltr'><strong>de</strong></span> <span class='ocrx_word' id='word_1_42' title='bbox 1381 942 1509 1013; x_wconf 85' lang='lat' dir='ltr'><strong>Battyan,</strong></span> <span class='ocrx_word' id='word_1_43' title='bbox 1528 961 1590 1016; x_wconf 81' lang='lat' dir='ltr'><strong>reg·</strong></span> 
     </span>
     <span class='ocr_line' id='line_1_6' title="bbox 306 1026 1590 1095; baseline 0.005 -16"><span class='ocrx_word' id='word_1_44' title='bbox 306 1043 407 1080; x_wconf 88' lang='lat' dir='ltr'><strong>norum</strong></span> <span class='ocrx_word' id='word_1_45' title='bbox 433 1026 600 1095; x_wconf 82' lang='lat' dir='ltr'><strong>Dalmatiae,</strong></span> <span class='ocrx_word' id='word_1_46' title='bbox 626 1028 757 1083; x_wconf 86' lang='lat' dir='ltr'><strong>Croatiae</strong></span> <span class='ocrx_word' id='word_1_47' title='bbox 784 1036 813 1082; x_wconf 91' lang='lat' dir='ltr'><strong>ct</strong></span> <span class='ocrx_word' id='word_1_48' title='bbox 838 1028 1006 1083; x_wconf 88' lang='lat' dir='ltr'><strong>Sclauouiae</strong></span> <span class='ocrx_word' id='word_1_49' title='bbox 1024 1030 1091 1083; x_wconf 87' lang='lat' dir='ltr'><strong>bani</strong></span> <span class='ocrx_word' id='word_1_50' title='bbox 1112 1030 1272 1084; x_wconf 84' lang='lat' dir='ltr'><strong>celebratae</strong></span> <span class='ocrx_word' id='word_1_51' title='bbox 1291 1032 1442 1086; x_wconf 75' lang='lat' dir='ltr'><strong>conclusis.</strong></span> <span class='ocrx_word' id='word_1_52' title='bbox 1460 1032 1540 1085; x_wconf 92' lang='lat' dir='ltr'><strong>Unus</strong></span> <span class='ocrx_word' id='word_1_53' title='bbox 1561 1040 1590 1085; x_wconf 88' lang='lat' dir='ltr'><strong>et</strong></span> 
     </span>
     <span class='ocr_line' id='line_1_7' title="bbox 305 1115 1590 1191; baseline 0.005 -24"><span class='ocrx_word' id='word_1_54' title='bbox 305 1115 460 1184; x_wconf 82' lang='lat' dir='ltr'><strong>vigesimus</strong></span> <span class='ocrx_word' id='word_1_55' title='bbox 478 1124 603 1186; x_wconf 85' lang='lat' dir='ltr'><strong>quartus.</strong></span> <span class='ocrx_word' id='word_1_56' title='bbox 633 1116 764 1180; x_wconf 79' lang='lat' dir='ltr'><strong>(sequitur</strong></span> <span class='ocrx_word' id='word_1_57' title='bbox 784 1116 932 1165; x_wconf 66' lang='lat' dir='ltr'><strong>urentur.)</strong></span> <span class='ocrx_word' id='word_1_58' title='bbox 949 1118 978 1171; x_wconf 93' lang='lat' dir='ltr'><strong>L.</strong></span> <span class='ocrx_word' id='word_1_59' title='bbox 1005 1118 1033 1171; x_wconf 89' lang='lat' dir='ltr'><strong>S.</strong></span> <span class='ocrx_word' id='word_1_60' title='bbox 1059 1118 1147 1172; x_wconf 89' lang='lat' dir='ltr'><strong>Lecta</strong></span> <span class='ocrx_word' id='word_1_61' title='bbox 1173 1135 1225 1186; x_wconf 88' lang='lat' dir='ltr'><strong>per</strong></span> <span class='ocrx_word' id='word_1_62' title='bbox 1250 1135 1296 1171; x_wconf 89' lang='lat' dir='ltr'><strong>me</strong></span> <span class='ocrx_word' id='word_1_63' title='bbox 1316 1120 1482 1191; x_wconf 80' lang='lat' dir='ltr'><strong>magistrum</strong></span> <span class='ocrx_word' id='word_1_64' title='bbox 1501 1119 1590 1175; x_wconf 86' lang='lat' dir='ltr'><strong>Geor·</strong></span> 
     </span>
    </p>
   </div>
   <div class='ocr_carea' id='block_1_3' title="bbox 305 1204 1591 1365">
    <p class='ocr_par' dir='ltr' id='par_1_3' title="bbox 305 1204 1591 1365">
     <span class='ocr_line' id='line_1_8' title="bbox 305 1204 1591 1277; baseline 0.004 -21"><span class='ocrx_word' id='word_1_65' title='bbox 305 1204 381 1273; x_wconf 81' lang='lat' dir='ltr'><strong>glum</strong></span> <span class='ocrx_word' id='word_1_66' title='bbox 400 1205 533 1271; x_wconf 85' lang='lat' dir='ltr'><strong>Plemich,</strong></span> <span class='ocrx_word' id='word_1_67' title='bbox 552 1206 743 1274; x_wconf 85' lang='lat' dir='ltr'><strong>praelatorum</strong></span> <span class='ocrx_word' id='word_1_68' title='bbox 763 1222 914 1277; x_wconf 78' lang='lat' dir='ltr'><strong>regnorum</strong></span> <span class='ocrx_word' id='word_1_69' title='bbox 927 1208 1172 1275; x_wconf 86' lang='lat' dir='ltr'><strong>prothonotarium</strong></span> <span class='ocrx_word' id='word_1_70' title='bbox 1186 1223 1222 1259; x_wconf 92' lang='lat' dir='ltr'><strong>m.</strong></span> <span class='ocrx_word' id='word_1_71' title='bbox 1235 1225 1279 1275; x_wconf 86' lang='lat' dir='ltr'><strong>p.‹</strong></span> <span class='ocrx_word' id='word_1_72' title='bbox 1296 1236 1327 1245; x_wconf 90' lang='lat'><strong>-·</strong></span> <span class='ocrx_word' id='word_1_73' title='bbox 1347 1209 1378 1261; x_wconf 95' lang='lat' dir='ltr'><strong>ln</strong></span> <span class='ocrx_word' id='word_1_74' title='bbox 1391 1209 1505 1263; x_wconf 81' lang='lat' dir='ltr'><strong>archivo</strong></span> <span class='ocrx_word' id='word_1_75' title='bbox 1517 1225 1591 1263; x_wconf 90' lang='lat' dir='ltr'><strong>com.</strong></span> 
     </span>
     <span class='ocr_line' id='line_1_9' title="bbox 306 1294 609 1365; baseline 0.01 -19"><span class='ocrx_word' id='word_1_76' title='bbox 306 1294 370 1347; x_wconf 89' lang='lat' dir='ltr'><strong>nob.</strong></span> <span class='ocrx_word' id='word_1_77' title='bbox 391 1294 428 1347; x_wconf 89' lang='lat' dir='ltr'><strong>de</strong></span> <span class='ocrx_word' id='word_1_78' title='bbox 447 1295 609 1365; x_wconf 88' lang='lat' dir='ltr'><strong>Turopolje.</strong></span> 
     </span>
    </p>
   </div>
   <div class='ocr_carea' id='block_1_4' title="bbox 418 1439 720 1495">
    <p class='ocr_par' dir='ltr' id='par_1_4' title="bbox 418 1439 720 1495">
     <span class='ocr_line' id='line_1_10' title="bbox 418 1439 720 1495; baseline 0.007 -2"><span class='ocrx_word' id='word_1_79' title='bbox 418 1439 425 1468; x_wconf 90' lang='lat'><strong>¹</strong></span> <span class='ocrx_word' id='word_1_80' title='bbox 444 1440 558 1495; x_wconf 88' lang='lat' dir='ltr'><strong>Scilicet</strong></span> <span class='ocrx_word' id='word_1_81' title='bbox 578 1440 720 1495; x_wconf 84' lang='lat' dir='ltr'><strong>articulus.</strong></span> 
     </span>
    </p>
   </div>
   <div class='ocr_carea' id='block_1_5' title="bbox 902 1743 1008 1819">
    <p class='ocr_par' dir='ltr' id='par_1_5' title="bbox 902 1743 1008 1819">
     <span class='ocr_line' id='line_1_11' title="bbox 902 1743 1008 1819; baseline 0.066 -8"><span class='ocrx_word' id='word_1_82' title='bbox 902 1743 1008 1819; x_wconf 77' lang='lat' dir='ltr'><strong>tas.</strong></span> 
     </span>
    </p>
   </div>
   <div class='ocr_carea' id='block_1_6' title="bbox 412 1940 1083 2006">
    <p class='ocr_par' dir='ltr' id='par_1_6' title="bbox 412 1940 1083 2006">
     <span class='ocr_line' id='line_1_12' title="bbox 412 1940 1083 2006; baseline 0 -3"><span class='ocrx_word' id='word_1_83' title='bbox 412 1943 505 2003; x_wconf 87' lang='lat' dir='ltr'><strong>Anno</strong></span> <span class='ocrx_word' id='word_1_84' title='bbox 533 1940 625 2005; x_wconf 82' lang='lat'><strong>1703.</strong></span> <span class='ocrx_word' id='word_1_85' title='bbox 654 1941 701 2005; x_wconf 87' lang='lat'><strong>12.</strong></span> <span class='ocrx_word' id='word_1_86' title='bbox 725 1943 909 2006; x_wconf 88' lang='lat' dir='ltr'><strong>decembris.</strong></span> <span class='ocrx_word' id='word_1_87' title='bbox 932 1944 1083 2004; x_wconf 85' lang='lat' dir='ltr'><strong>Viennae.</strong></span> 
     </span>
    </p>
   </div>
   <div class='ocr_carea' id='block_1_7' title="bbox 307 2154 1588 2435">
    <p class='ocr_par' dir='ltr' id='par_1_7' title="bbox 307 2154 1588 2435">
     <span class='ocr_line' id='line_1_13' title="bbox 307 2154 1588 2241; baseline 0.002 -24"><span class='ocrx_word' id='word_1_88' title='bbox 307 2154 497 2240; x_wconf 82' lang='lat' dir='ltr'><strong>Leopoldus</strong></span> <span class='ocrx_word' id='word_1_89' title='bbox 524 2154 547 2219; x_wconf 88' lang='grc' dir='ltr'><strong>Ι.</strong></span> <span class='ocrx_word' id='word_1_90' title='bbox 571 2154 786 2240; x_wconf 83' lang='lat' dir='ltr'><strong>Hnngariae</strong></span> <span class='ocrx_word' id='word_1_91' title='bbox 807 2159 866 2220; x_wconf 83' lang='lat' dir='ltr'><strong>etc.</strong></span> <span class='ocrx_word' id='word_1_92' title='bbox 889 2175 960 2229; x_wconf 80' lang='lat' dir='ltr'><strong>rex,</strong></span> <span class='ocrx_word' id='word_1_93' title='bbox 987 2155 1175 2240; x_wconf 59' lang='lat' dir='ltr'><strong>pravilegia</strong></span> <span class='ocrx_word' id='word_1_94' title='bbox 1205 2162 1311 2241; x_wconf 78' lang='lat' dir='ltr'><strong>super</strong></span> <span class='ocrx_word' id='word_1_95' title='bbox 1333 2157 1544 2241; x_wconf 74' lang='lat' dir='ltr'><strong>exemptione</strong></span> <span class='ocrx_word' id='word_1_96' title='bbox 1566 2178 1588 2219; x_wconf 83' lang='lat' dir='ltr'><strong>a</strong></span> 
     </span>
     <span class='ocr_line' id='line_1_14' title="bbox 307 2261 1588 2348; baseline 0.001 -23"><span class='ocrx_word' id='word_1_97' title='bbox 307 2261 398 2325; x_wconf 75' lang='lat' dir='ltr'><strong>loeis</strong></span> <span class='ocrx_word' id='word_1_98' title='bbox 431 2266 463 2327; x_wconf 82' lang='lat' dir='ltr'><strong>et</strong></span> <span class='ocrx_word' id='word_1_99' title='bbox 500 2261 833 2342; x_wconf 81' lang='lat' dir='ltr'><strong>contributiotzibus,</strong></span> <span class='ocrx_word' id='word_1_100' title='bbox 869 2261 1042 2327; x_wconf 77' lang='lat' dir='ltr'><strong>taibilibus</strong></span> <span class='ocrx_word' id='word_1_101' title='bbox 1078 2262 1203 2346; x_wconf 78' lang='lat' dir='ltr'><strong>Campi</strong></span> <span class='ocrx_word' id='word_1_102' title='bbox 1240 2263 1426 2348; x_wconf 70' lang='lat' dir='ltr'><strong>Turopolia</strong></span> <span class='ocrx_word' id='word_1_103' title='bbox 1457 2262 1588 2340; x_wconf 79' lang='lat' dir='ltr'><strong>collata,</strong></span> 
     </span>
     <span class='ocr_line' id='line_1_15' title="bbox 843 2367 1052 2435; baseline 0 0"><span class='ocrx_word' id='word_1_104' title='bbox 843 2372 921 2435; x_wconf 82' lang='lat' dir='ltr'><strong>rata</strong></span> <span class='ocrx_word' id='word_1_105' title='bbox 947 2367 1052 2435; x_wconf 83' lang='lat' dir='ltr'><strong>habel.</strong></span> 
     </span>
    </p>
   </div>
   <div class='ocr_carea' id='block_1_8' title="bbox 306 2586 1660 5032">
    <p class='ocr_par' dir='ltr' id='par_1_8' title="bbox 306 2586 1660 5032">
     <span class='ocr_line' id='line_1_16' title="bbox 413 2586 1587 2669; baseline -0.002 -22"><span class='ocrx_word' id='word_1_106' title='bbox 413 2589 480 2649; x_wconf 91' lang='lat' dir='ltr'><strong>Nos</strong></span> <span class='ocrx_word' id='word_1_107' title='bbox 503 2589 680 2666; x_wconf 89' lang='lat' dir='ltr'><strong>Leopoldus</strong></span> <span class='ocrx_word' id='word_1_108' title='bbox 705 2589 755 2648; x_wconf 91' lang='lat' dir='ltr'><strong>dei</strong></span> <span class='ocrx_word' id='word_1_109' title='bbox 779 2588 881 2669; x_wconf 86' lang='lat' dir='ltr'><strong>gratia</strong></span> <span class='ocrx_word' id='word_1_110' title='bbox 903 2589 1022 2647; x_wconf 88' lang='lat' dir='ltr'><strong>electus</strong></span> <span class='ocrx_word' id='word_1_111' title='bbox 1037 2588 1248 2647; x_wconf 88' lang='lat' dir='ltr'><strong>Romanorum</strong></span> <span class='ocrx_word' id='word_1_112' title='bbox 1271 2586 1440 2665; x_wconf 88' lang='lat' dir='ltr'><strong>imperator</strong></span> <span class='ocrx_word' id='word_1_113' title='bbox 1463 2606 1587 2665; x_wconf 82' lang='lat' dir='ltr'><strong>semper</strong></span> 
     </span>
     <span class='ocr_line' id='line_1_17' title="bbox 308 2693 1587 2776; baseline -0.002 -21"><span class='ocrx_word' id='word_1_114' title='bbox 308 2704 470 2776; x_wconf 87' lang='lat' dir='ltr'><strong>augustus,</strong></span> <span class='ocrx_word' id='word_1_115' title='bbox 504 2714 541 2755; x_wconf 88' lang='lat' dir='ltr'><strong>ac</strong></span> <span class='ocrx_word' id='word_1_116' title='bbox 565 2695 763 2775; x_wconf 86' lang='lat' dir='ltr'><strong>Germaniae,</strong></span> <span class='ocrx_word' id='word_1_117' title='bbox 794 2696 987 2776; x_wconf 83' lang='lat' dir='ltr'><strong>Hungariae,</strong></span> <span class='ocrx_word' id='word_1_118' title='bbox 1019 2693 1198 2769; x_wconf 88' lang='lat' dir='ltr'><strong>Bohemiae,</strong></span> <span class='ocrx_word' id='word_1_119' title='bbox 1222 2693 1406 2768; x_wconf 80' lang='lat' dir='ltr'><strong>Dalmatiae,</strong></span> <span class='ocrx_word' id='word_1_120' title='bbox 1431 2694 1587 2767; x_wconf 88' lang='lat' dir='ltr'><strong>Croatiae,</strong></span> 
     </span>
     <span class='ocr_line' id='line_1_18' title="bbox 306 2802 1586 2883; baseline -0.003 -18"><span class='ocrx_word' id='word_1_121' title='bbox 306 2805 555 2883; x_wconf 87' lang='lat' dir='ltr'><strong>Sclauoniaeque</strong></span> <span class='ocrx_word' id='word_1_122' title='bbox 579 2814 637 2866; x_wconf 90' lang='lat' dir='ltr'><strong>etc.</strong></span> <span class='ocrx_word' id='word_1_123' title='bbox 662 2823 724 2876; x_wconf 88' lang='lat' dir='ltr'><strong>rex,</strong></span> <span class='ocrx_word' id='word_1_124' title='bbox 749 2804 897 2864; x_wconf 85' lang='lat' dir='ltr'><strong>archidux</strong></span> <span class='ocrx_word' id='word_1_125' title='bbox 929 2804 1086 2879; x_wconf 82' lang='lat' dir='ltr'><strong>Austriae,</strong></span> <span class='ocrx_word' id='word_1_126' title='bbox 1118 2803 1181 2862; x_wconf 81' lang='lat' dir='ltr'><strong>dux</strong></span> <span class='ocrx_word' id='word_1_127' title='bbox 1205 2803 1417 2881; x_wconf 87' lang='lat' dir='ltr'><strong>Burgundiae,</strong></span> <span class='ocrx_word' id='word_1_128' title='bbox 1447 2802 1586 2862; x_wconf 86' lang='lat' dir='ltr'><strong>Braban·</strong></span> 
     </span>
     <span class='ocr_line' id='line_1_19' title="bbox 307 2910 1585 2992; baseline -0.002 -20"><span class='ocrx_word' id='word_1_129' title='bbox 307 2913 377 2992; x_wconf 82' lang='lat' dir='ltr'><strong>tiae,</strong></span> <span class='ocrx_word' id='word_1_130' title='bbox 401 2913 532 2990; x_wconf 89' lang='lat' dir='ltr'><strong>Styriae,</strong></span> <span class='ocrx_word' id='word_1_131' title='bbox 557 2911 748 2986; x_wconf 89' lang='lat' dir='ltr'><strong>Carinthiae,</strong></span> <span class='ocrx_word' id='word_1_132' title='bbox 772 2912 959 2985; x_wconf 88' lang='lat' dir='ltr'><strong>Carnioliae,</strong></span> <span class='ocrx_word' id='word_1_133' title='bbox 987 2911 1126 2970; x_wconf 90' lang='lat' dir='ltr'><strong>marchio</strong></span> <span class='ocrx_word' id='word_1_134' title='bbox 1157 2910 1330 2984; x_wconf 87' lang='lat' dir='ltr'><strong>Morauiae,</strong></span> <span class='ocrx_word' id='word_1_135' title='bbox 1360 2911 1423 2970; x_wconf 84' lang='lat' dir='ltr'><strong>dux</strong></span> <span class='ocrx_word' id='word_1_136' title='bbox 1455 2911 1585 2970; x_wconf 92' lang='lat' dir='ltr'><strong>Lucem·</strong></span> 
     </span>
     <span class='ocr_line' id='line_1_20' title="bbox 306 3018 1587 3100; baseline -0.002 -20"><span class='ocrx_word' id='word_1_137' title='bbox 306 3023 436 3100; x_wconf 85' lang='lat' dir='ltr'><strong>burgae,</strong></span> <span class='ocrx_word' id='word_1_138' title='bbox 453 3040 490 3081; x_wconf 91' lang='lat' dir='ltr'><strong>ac</strong></span> <span class='ocrx_word' id='word_1_139' title='bbox 505 3021 681 3099; x_wconf 88' lang='lat' dir='ltr'><strong>Superioris</strong></span> <span class='ocrx_word' id='word_1_140' title='bbox 705 3030 736 3082; x_wconf 89' lang='lat' dir='ltr'><strong>et</strong></span> <span class='ocrx_word' id='word_1_141' title='bbox 760 3021 913 3081; x_wconf 86' lang='lat' dir='ltr'><strong>interioris</strong></span> <span class='ocrx_word' id='word_1_142' title='bbox 936 3021 1077 3094; x_wconf 88' lang='lat' dir='ltr'><strong>Silesiae,</strong></span> <span class='ocrx_word' id='word_1_143' title='bbox 1091 3018 1383 3098; x_wconf 83' lang='lat' dir='ltr'><strong>Wierthembergae</strong></span> <span class='ocrx_word' id='word_1_144' title='bbox 1401 3026 1432 3077; x_wconf 91' lang='lat' dir='ltr'><strong>et</strong></span> <span class='ocrx_word' id='word_1_145' title='bbox 1447 3019 1587 3094; x_wconf 86' lang='lat' dir='ltr'><strong>Thekae,</strong></span> 
     </span>
     <span class='ocr_line' id='line_1_21' title="bbox 306 3125 1586 3207; baseline -0.002 -20"><span class='ocrx_word' id='word_1_146' title='bbox 306 3128 451 3207; x_wconf 90' lang='lat' dir='ltr'><strong>princeps</strong></span> <span class='ocrx_word' id='word_1_147' title='bbox 473 3129 620 3201; x_wconf 86' lang='lat' dir='ltr'><strong>Sueuiae,</strong></span> <span class='ocrx_word' id='word_1_148' title='bbox 644 3147 751 3189; x_wconf 90' lang='lat' dir='ltr'><strong>comes</strong></span> <span class='ocrx_word' id='word_1_149' title='bbox 779 3129 968 3206; x_wconf 79' lang='lat' dir='ltr'><strong>Habspurgi‚</strong></span> <span class='ocrx_word' id='word_1_150' title='bbox 993 3128 1126 3204; x_wconf 77' lang='lat' dir='ltr'><strong>TyroliS,</strong></span> <span class='ocrx_word' id='word_1_151' title='bbox 1150 3128 1277 3203; x_wconf 88' lang='lat' dir='ltr'><strong>Ferreti,</strong></span> <span class='ocrx_word' id='word_1_152' title='bbox 1302 3126 1445 3206; x_wconf 85' lang='lat' dir='ltr'><strong>Kyburgi</strong></span> <span class='ocrx_word' id='word_1_153' title='bbox 1469 3135 1501 3185; x_wconf 91' lang='lat' dir='ltr'><strong>et</strong></span> <span class='ocrx_word' id='word_1_154' title='bbox 1523 3125 1586 3185; x_wconf 91' lang='lat' dir='ltr'><strong>Go-</strong></span> 
     </span>
     <span class='ocr_line' id='line_1_22' title="bbox 306 3233 1586 3313; baseline -0.002 -19"><span class='ocrx_word' id='word_1_155' title='bbox 306 3235 395 3295; x_wconf 87' lang='lat' dir='ltr'><strong>ritiae</strong></span> <span class='ocrx_word' id='word_1_156' title='bbox 427 3244 485 3298; x_wconf 86' lang='lat' dir='ltr'><strong>etc.</strong></span> <span class='ocrx_word' id='word_1_157' title='bbox 519 3237 687 3296; x_wconf 87' lang='lat' dir='ltr'><strong>memoriae</strong></span> <span class='ocrx_word' id='word_1_158' title='bbox 720 3236 977 3295; x_wconf 89' lang='lat' dir='ltr'><strong>commendamus</strong></span> <span class='ocrx_word' id='word_1_159' title='bbox 1003 3243 1112 3296; x_wconf 87' lang='lat' dir='ltr'><strong>tenore</strong></span> <span class='ocrx_word' id='word_1_160' title='bbox 1136 3234 1347 3313; x_wconf 90' lang='lat' dir='ltr'><strong>praesentium</strong></span> <span class='ocrx_word' id='word_1_161' title='bbox 1371 3233 1586 3312; x_wconf 82' lang='lat' dir='ltr'><strong>significantes</strong></span> 
     </span>
     <span class='ocr_line' id='line_1_23' title="bbox 307 3340 1584 3423; baseline -0.003 -21"><span class='ocrx_word' id='word_1_162' title='bbox 307 3343 418 3422; x_wconf 91' lang='lat' dir='ltr'><strong>quibus</strong></span> <span class='ocrx_word' id='word_1_163' title='bbox 443 3343 568 3422; x_wconf 87' lang='lat' dir='ltr'><strong>expedit</strong></span> <span class='ocrx_word' id='word_1_164' title='bbox 599 3345 761 3417; x_wconf 69' lang='lat' dir='ltr'><strong>universis</strong></span> <span class='ocrx_word' id='word_1_165' title='bbox 793 3344 877 3423; x_wconf 91' lang='lat' dir='ltr'><strong>quod</strong></span> <span class='ocrx_word' id='word_1_166' title='bbox 901 3362 957 3421; x_wconf 92' lang='lat' dir='ltr'><strong>pro</strong></span> <span class='ocrx_word' id='word_1_167' title='bbox 981 3351 1069 3420; x_wconf 90' lang='lat' dir='ltr'><strong>parte</strong></span> <span class='ocrx_word' id='word_1_168' title='bbox 1094 3350 1124 3401; x_wconf 91' lang='lat' dir='ltr'><strong>et</strong></span> <span class='ocrx_word' id='word_1_169' title='bbox 1148 3343 1180 3402; x_wconf 92' lang='lat' dir='ltr'><strong>in</strong></span> <span class='ocrx_word' id='word_1_170' title='bbox 1202 3342 1345 3421; x_wconf 90' lang='lat' dir='ltr'><strong>personis</strong></span> <span class='ocrx_word' id='word_1_171' title='bbox 1368 3340 1506 3400; x_wconf 86' lang='lat' dir='ltr'><strong>fidelium</strong></span> <span class='ocrx_word' id='word_1_172' title='bbox 1530 3359 1584 3398; x_wconf 89' lang='lat' dir='ltr'><strong>no·</strong></span> 
     </span>
     <span class='ocr_line' id='line_1_24' title="bbox 307 3447 1586 3530; baseline -0.003 -21"><span class='ocrx_word' id='word_1_173' title='bbox 307 3458 440 3510; x_wconf 89' lang='lat' dir='ltr'><strong>strorum</strong></span> <span class='ocrx_word' id='word_1_174' title='bbox 457 3450 658 3530; x_wconf 80' lang='lat' dir='ltr'><strong>egregiorum</strong></span> <span class='ocrx_word' id='word_1_175' title='bbox 682 3451 840 3511; x_wconf 87' lang='lat' dir='ltr'><strong>Francisci</strong></span> <span class='ocrx_word' id='word_1_176' title='bbox 865 3450 1062 3530; x_wconf 84' lang='lat' dir='ltr'><strong>Pogtedichs‚</strong></span> <span class='ocrx_word' id='word_1_177' title='bbox 1084 3449 1205 3509; x_wconf 88' lang='lat' dir='ltr'><strong>comitis</strong></span> <span class='ocrx_word' id='word_1_178' title='bbox 1220 3448 1385 3520; x_wconf 84' lang='lat' dir='ltr'><strong>terrestris,</strong></span> <span class='ocrx_word' id='word_1_179' title='bbox 1409 3456 1440 3506; x_wconf 91' lang='lat' dir='ltr'><strong>et</strong></span> <span class='ocrx_word' id='word_1_180' title='bbox 1463 3447 1586 3506; x_wconf 88' lang='lat' dir='ltr'><strong>univer·</strong></span> 
     </span>
     <span class='ocr_line' id='line_1_25' title="bbox 307 3554 1587 3635; baseline -0.005 -17"><span class='ocrx_word' id='word_1_181' title='bbox 307 3559 407 3619; x_wconf 89' lang='lat' dir='ltr'><strong>sitatis</strong></span> <span class='ocrx_word' id='word_1_182' title='bbox 432 3560 522 3619; x_wconf 89' lang='lat' dir='ltr'><strong>unius</strong></span> <span class='ocrx_word' id='word_1_183' title='bbox 546 3559 695 3620; x_wconf 85' lang='lat' dir='ltr'><strong>sessionis</strong></span> <span class='ocrx_word' id='word_1_184' title='bbox 719 3559 867 3618; x_wconf 91' lang='lat' dir='ltr'><strong>nobilium</strong></span> <span class='ocrx_word' id='word_1_185' title='bbox 893 3557 1007 3635; x_wconf 88' lang='lat' dir='ltr'><strong>Campi</strong></span> <span class='ocrx_word' id='word_1_186' title='bbox 1031 3556 1209 3634; x_wconf 86' lang='lat' dir='ltr'><strong>Turopolia‚</strong></span> <span class='ocrx_word' id='word_1_187' title='bbox 1234 3557 1389 3615; x_wconf 85' lang='lat' dir='ltr'><strong>exhibitae</strong></span> <span class='ocrx_word' id='word_1_188' title='bbox 1414 3555 1475 3613; x_wconf 92' lang='lat' dir='ltr'><strong>sint</strong></span> <span class='ocrx_word' id='word_1_189' title='bbox 1498 3554 1587 3623; x_wconf 85' lang='lat' dir='ltr'><strong>nobis</strong></span> 
     </span>
     <span class='ocr_line' id='line_1_26' title="bbox 308 3661 1588 3745; baseline -0.005 -19"><span class='ocrx_word' id='word_1_190' title='bbox 308 3676 338 3726; x_wconf 92' lang='lat' dir='ltr'><strong>et</strong></span> <span class='ocrx_word' id='word_1_191' title='bbox 361 3675 581 3745; x_wconf 87' lang='lat' dir='ltr'><strong>praesentatae</strong></span> <span class='ocrx_word' id='word_1_192' title='bbox 605 3675 709 3727; x_wconf 88' lang='lat' dir='ltr'><strong>certae</strong></span> <span class='ocrx_word' id='word_1_193' title='bbox 733 3667 889 3744; x_wconf 83' lang='lat' dir='ltr'><strong>quaedam</strong></span> <span class='ocrx_word' id='word_1_194' title='bbox 913 3665 1021 3724; x_wconf 86' lang='lat' dir='ltr'><strong>literae</strong></span> <span class='ocrx_word' id='word_1_195' title='bbox 1045 3663 1247 3722; x_wconf 89' lang='lat' dir='ltr'><strong>sacratissimi</strong></span> <span class='ocrx_word' id='word_1_196' title='bbox 1263 3662 1424 3741; x_wconf 91' lang='lat' dir='ltr'><strong>quondam</strong></span> <span class='ocrx_word' id='word_1_197' title='bbox 1441 3661 1588 3740; x_wconf 86' lang='lat' dir='ltr'><strong>principis</strong></span> 
     </span>
     <span class='ocr_line' id='line_1_27' title="bbox 308 3768 1587 3847; baseline -0.005 -14"><span class='ocrx_word' id='word_1_198' title='bbox 308 3793 345 3833; x_wconf 89' lang='lat' dir='ltr'><strong>ac</strong></span> <span class='ocrx_word' id='word_1_199' title='bbox 369 3773 485 3833; x_wconf 90' lang='lat' dir='ltr'><strong>domini</strong></span> <span class='ocrx_word' id='word_1_200' title='bbox 509 3775 533 3832; x_wconf 95' lang='lat' dir='ltr'>F</span> <span class='ocrx_word' id='word_1_201' title='bbox 535 3773 695 3834; x_wconf 90' lang='lat' dir='ltr'><strong>erdinandi</strong></span> <span class='ocrx_word' id='word_1_202' title='bbox 714 3772 842 3834; x_wconf 91' lang='lat' dir='ltr'><strong>secundi</strong></span> <span class='ocrx_word' id='word_1_203' title='bbox 863 3774 1075 3832; x_wconf 83' lang='lat' dir='ltr'><strong>Romanontm</strong></span> <span class='ocrx_word' id='word_1_204' title='bbox 1091 3769 1287 3847; x_wconf 89' lang='lat' dir='ltr'><strong>imperatoris</strong></span> <span class='ocrx_word' id='word_1_205' title='bbox 1304 3786 1429 3847; x_wconf 88' lang='lat' dir='ltr'><strong>semper</strong></span> <span class='ocrx_word' id='word_1_206' title='bbox 1452 3768 1587 3847; x_wconf 88' lang='lat' dir='ltr'><strong>augusti,</strong></span> 
     </span>
     <span class='ocr_line' id='line_1_28' title="bbox 308 3875 1585 3960; baseline -0.006 -19"><span class='ocrx_word' id='word_1_207' title='bbox 308 3902 345 3941; x_wconf 89' lang='lat' dir='ltr'><strong>ac</strong></span> <span class='ocrx_word' id='word_1_208' title='bbox 369 3880 568 3954; x_wconf 86' lang='lat' dir='ltr'><strong>Germaniae,</strong></span> <span class='ocrx_word' id='word_1_209' title='bbox 591 3881 783 3960; x_wconf 86' lang='lat' dir='ltr'><strong>Hungariae,</strong></span> <span class='ocrx_word' id='word_1_210' title='bbox 809 3879 1042 3958; x_wconf 79' lang='lat' dir='ltr'><strong>Boliemiaeque</strong></span> <span class='ocrx_word' id='word_1_211' title='bbox 1071 3886 1128 3939; x_wconf 90' lang='lat' dir='ltr'><strong>etc.</strong></span> <span class='ocrx_word' id='word_1_212' title='bbox 1152 3875 1247 3956; x_wconf 87' lang='lat' dir='ltr'><strong>regis,</strong></span> <span class='ocrx_word' id='word_1_213' title='bbox 1271 3876 1322 3935; x_wconf 89' lang='lat' dir='ltr'><strong>avi</strong></span> <span class='ocrx_word' id='word_1_214' title='bbox 1347 3884 1378 3935; x_wconf 90' lang='lat' dir='ltr'><strong>et</strong></span> <span class='ocrx_word' id='word_1_215' title='bbox 1400 3875 1585 3953; x_wconf 88' lang='lat' dir='ltr'><strong>praedeces-</strong></span> 
     </span>
     <span class='ocr_line' id='line_1_29' title="bbox 308 3981 1586 4065; baseline -0.006 -17"><span class='ocrx_word' id='word_1_216' title='bbox 308 3989 387 4050; x_wconf 88' lang='lat' dir='ltr'><strong>soris</strong></span> <span class='ocrx_word' id='word_1_217' title='bbox 403 3988 500 4048; x_wconf 90' lang='lat' dir='ltr'><strong>nostri</strong></span> <span class='ocrx_word' id='word_1_218' title='bbox 516 3987 772 4048; x_wconf 83' lang='lat' dir='ltr'><strong>desideratissimi</strong></span> <span class='ocrx_word' id='word_1_219' title='bbox 789 3987 859 4065; x_wconf 90' lang='lat' dir='ltr'><strong>piae</strong></span> <span class='ocrx_word' id='word_1_220' title='bbox 876 3983 1135 4058; x_wconf 88' lang='lat' dir='ltr'><strong>reminiscentiae,</strong></span> <span class='ocrx_word' id='word_1_221' title='bbox 1159 3983 1190 4042; x_wconf 94' lang='lat' dir='ltr'><strong>in</strong></span> <span class='ocrx_word' id='word_1_222' title='bbox 1213 4001 1408 4062; x_wconf 86' lang='lat' dir='ltr'><strong>pargatneno</strong></span> <span class='ocrx_word' id='word_1_223' title='bbox 1423 3981 1586 4060; x_wconf 83' lang='lat' dir='ltr'><strong>formaque</strong></span> 
     </span>
     <span class='ocr_line' id='line_1_30' title="bbox 307 4089 1585 4173; baseline -0.005 -18"><span class='ocrx_word' id='word_1_224' title='bbox 307 4097 399 4155; x_wconf 89' lang='lat' dir='ltr'><strong>libelli</strong></span> <span class='ocrx_word' id='word_1_225' title='bbox 424 4095 594 4168; x_wconf 87' lang='lat' dir='ltr'><strong>confectae,</strong></span> <span class='ocrx_word' id='word_1_226' title='bbox 618 4094 805 4173; x_wconf 89' lang='lat' dir='ltr'><strong>propriaque</strong></span> <span class='ocrx_word' id='word_1_227' title='bbox 836 4113 931 4153; x_wconf 90' lang='lat' dir='ltr'><strong>manu</strong></span> <span class='ocrx_word' id='word_1_228' title='bbox 959 4092 1099 4152; x_wconf 89' lang='lat' dir='ltr'><strong>eiusdem</strong></span> <span class='ocrx_word' id='word_1_229' title='bbox 1124 4090 1327 4169; x_wconf 85' lang='lat' dir='ltr'><strong>subscriptae,</strong></span> <span class='ocrx_word' id='word_1_230' title='bbox 1352 4107 1389 4149; x_wconf 89' lang='lat' dir='ltr'><strong>ac</strong></span> <span class='ocrx_word' id='word_1_231' title='bbox 1412 4089 1514 4168; x_wconf 87' lang='lat' dir='ltr'><strong>sigillo</strong></span> <span class='ocrx_word' id='word_1_232' title='bbox 1538 4107 1585 4148; x_wconf 91' lang='lat' dir='ltr'><strong>se-</strong></span> 
     </span>
     <span class='ocr_line' id='line_1_31' title="bbox 308 4195 1587 4282; baseline -0.008 -19"><span class='ocrx_word' id='word_1_233' title='bbox 308 4212 401 4276; x_wconf 90' lang='lat' dir='ltr'><strong>creto,</strong></span> <span class='ocrx_word' id='word_1_234' title='bbox 424 4223 486 4282; x_wconf 92' lang='lat' dir='ltr'><strong>quo</strong></span> <span class='ocrx_word' id='word_1_235' title='bbox 511 4210 545 4261; x_wconf 93' lang='lat' dir='ltr'><strong>ut</strong></span> <span class='ocrx_word' id='word_1_236' title='bbox 568 4221 621 4262; x_wconf 82' lang='lat' dir='ltr'><strong>rex</strong></span> <span class='ocrx_word' id='word_1_237' title='bbox 645 4199 829 4281; x_wconf 85' lang='lat' dir='ltr'><strong>Hungariae</strong></span> <span class='ocrx_word' id='word_1_238' title='bbox 858 4199 1003 4259; x_wconf 87' lang='lat' dir='ltr'><strong>utebatur</strong></span> <span class='ocrx_word' id='word_1_239' title='bbox 1032 4197 1223 4276; x_wconf 87' lang='lat' dir='ltr'><strong>impendenti</strong></span> <span class='ocrx_word' id='word_1_240' title='bbox 1252 4195 1470 4268; x_wconf 89' lang='lat' dir='ltr'><strong>communitae,</strong></span> <span class='ocrx_word' id='word_1_241' title='bbox 1493 4195 1587 4273; x_wconf 91' lang='lat' dir='ltr'><strong>inque</strong></span> 
     </span>
     <span class='ocr_line' id='line_1_32' title="bbox 308 4303 1588 4382; baseline -0.008 -13"><span class='ocrx_word' id='word_1_242' title='bbox 308 4310 433 4369; x_wconf 90' lang='lat' dir='ltr'><strong>civitate</strong></span> <span class='ocrx_word' id='word_1_243' title='bbox 458 4311 555 4369; x_wconf 87' lang='lat' dir='ltr'><strong>hacce</strong></span> <span class='ocrx_word' id='word_1_244' title='bbox 579 4319 686 4369; x_wconf 90' lang='lat' dir='ltr'><strong>nostra</strong></span> <span class='ocrx_word' id='word_1_245' title='bbox 710 4305 900 4367; x_wconf 90' lang='lat' dir='ltr'><strong>archiducali</strong></span> <span class='ocrx_word' id='word_1_246' title='bbox 924 4305 1048 4366; x_wconf 90' lang='lat' dir='ltr'><strong>Vienna</strong></span> <span class='ocrx_word' id='word_1_247' title='bbox 1071 4303 1227 4379; x_wconf 83' lang='lat' dir='ltr'><strong>Austriae,</strong></span> <span class='ocrx_word' id='word_1_248' title='bbox 1253 4303 1304 4362; x_wconf 86' lang='lat' dir='ltr'><strong>die</strong></span> <span class='ocrx_word' id='word_1_249' title='bbox 1320 4303 1476 4382; x_wconf 80' lang='lat' dir='ltr'><strong>vigesima</strong></span> <span class='ocrx_word' id='word_1_250' title='bbox 1499 4309 1588 4361; x_wconf 86' lang='lat' dir='ltr'><strong>sexta</strong></span> 
     </span>
     <span class='ocr_line' id='line_1_33' title="bbox 308 4411 1588 4491; baseline -0.008 -14"><span class='ocrx_word' id='word_1_251' title='bbox 308 4418 424 4478; x_wconf 90' lang='lat' dir='ltr'><strong>mensis</strong></span> <span class='ocrx_word' id='word_1_252' title='bbox 448 4417 530 4491; x_wconf 88' lang='lat' dir='ltr'><strong>maii,</strong></span> <span class='ocrx_word' id='word_1_253' title='bbox 555 4435 637 4477; x_wconf 89' lang='lat' dir='ltr'><strong>anno</strong></span> <span class='ocrx_word' id='word_1_254' title='bbox 660 4415 777 4476; x_wconf 90' lang='lat' dir='ltr'><strong>domini</strong></span> <span class='ocrx_word' id='word_1_255' title='bbox 807 4413 969 4474; x_wconf 91' lang='lat' dir='ltr'><strong>millesimo</strong></span> <span class='ocrx_word' id='word_1_256' title='bbox 993 4412 1221 4472; x_wconf 86' lang='lat' dir='ltr'><strong>sexcentesimo</strong></span> <span class='ocrx_word' id='word_1_257' title='bbox 1245 4411 1399 4490; x_wconf 84' lang='lat' dir='ltr'><strong>vigesimo</strong></span> <span class='ocrx_word' id='word_1_258' title='bbox 1423 4418 1588 4469; x_wconf 87' lang='lat' dir='ltr'><strong>emanatae</strong></span> 
     </span>
     <span class='ocr_line' id='line_1_34' title="bbox 311 4516 1589 4606; baseline -0.009 -20"><span class='ocrx_word' id='word_1_259' title='bbox 311 4526 531 4606; x_wconf 86' lang='lat' dir='ltr'><strong>privilegiales,</strong></span> <span class='ocrx_word' id='word_1_260' title='bbox 556 4525 633 4586; x_wconf 87' lang='lat' dir='ltr'><strong>alias</strong></span> <span class='ocrx_word' id='word_1_261' title='bbox 658 4525 812 4604; x_wconf 91' lang='lat' dir='ltr'><strong>quasdam</strong></span> <span class='ocrx_word' id='word_1_262' title='bbox 837 4532 943 4582; x_wconf 87' lang='lat' dir='ltr'><strong>ternas</strong></span> <span class='ocrx_word' id='word_1_263' title='bbox 966 4521 1073 4581; x_wconf 89' lang='lat' dir='ltr'><strong>literas</strong></span> <span class='ocrx_word' id='word_1_264' title='bbox 1101 4518 1371 4581; x_wconf 90' lang='lat' dir='ltr'><strong>serenissimorum</strong></span> <span class='ocrx_word' id='word_1_265' title='bbox 1403 4517 1476 4576; x_wconf 92' lang='lat' dir='ltr'><strong>olim</strong></span> <span class='ocrx_word' id='word_1_266' title='bbox 1507 4516 1589 4595; x_wconf 91' lang='lat' dir='ltr'><strong>prin·</strong></span> 
     </span>
     <span class='ocr_line' id='line_1_35' title="bbox 308 4624 1660 4713; baseline -0.008 -19"><span class='ocrx_word' id='word_1_267' title='bbox 308 4635 411 4713; x_wconf 91' lang='lat' dir='ltr'><strong>cipum</strong></span> <span class='ocrx_word' id='word_1_268' title='bbox 435 4634 588 4713; x_wconf 86' lang='lat' dir='ltr'><strong>Rudolphi</strong></span> <span class='ocrx_word' id='word_1_269' title='bbox 612 4633 750 4706; x_wconf 89' lang='lat' dir='ltr'><strong>secundi,</strong></span> <span class='ocrx_word' id='word_1_270' title='bbox 774 4639 805 4691; x_wconf 92' lang='lat' dir='ltr'><strong>et</strong></span> <span class='ocrx_word' id='word_1_271' title='bbox 827 4631 852 4690; x_wconf 89' lang='lat' dir='ltr'>F</span> <span class='ocrx_word' id='word_1_272' title='bbox 854 4629 1018 4690; x_wconf 88' lang='lat' dir='ltr'><strong>erdinandi</strong></span> <span class='ocrx_word' id='word_1_273' title='bbox 1044 4628 1143 4705; x_wconf 90' lang='lat' dir='ltr'><strong>primi,</strong></span> <span class='ocrx_word' id='word_1_274' title='bbox 1166 4627 1283 4706; x_wconf 88' lang='lat' dir='ltr'><strong>pariter</strong></span> <span class='ocrx_word' id='word_1_275' title='bbox 1298 4627 1509 4686; x_wconf 88' lang='lat' dir='ltr'><strong>Romanorum</strong></span> <span class='ocrx_word' id='word_1_276' title='bbox 1533 4624 1588 4682; x_wconf 91' lang='lat' dir='ltr'><strong>im·</strong></span> <span class='ocrx_word' id='word_1_277' title='bbox 1655 4673 1660 4683; x_wconf 92' lang='lat'><strong>.</strong></span> 
     </span>
     <span class='ocr_line' id='line_1_36' title="bbox 308 4737 1588 4823; baseline -0.011 -20"><span class='ocrx_word' id='word_1_278' title='bbox 308 4751 495 4823; x_wconf 90' lang='lat' dir='ltr'><strong>peratorum,</strong></span> <span class='ocrx_word' id='word_1_279' title='bbox 520 4760 640 4801; x_wconf 87' lang='lat' dir='ltr'><strong>necnon</strong></span> <span class='ocrx_word' id='word_1_280' title='bbox 664 4739 816 4800; x_wconf 86' lang='lat' dir='ltr'><strong>Matthiae</strong></span> <span class='ocrx_word' id='word_1_281' title='bbox 841 4737 1024 4816; x_wconf 86' lang='lat' dir='ltr'><strong>Hungariae</strong></span> <span class='ocrx_word' id='word_1_282' title='bbox 1056 4753 1176 4816; x_wconf 83' lang='lat' dir='ltr'><strong>regum,</strong></span> <span class='ocrx_word' id='word_1_283' title='bbox 1208 4742 1442 4795; x_wconf 89' lang='lat' dir='ltr'><strong>antecessorum</strong></span> <span class='ocrx_word' id='word_1_284' title='bbox 1465 4740 1588 4791; x_wconf 90' lang='lat' dir='ltr'><strong>nostro·</strong></span> 
     </span>
     <span class='ocr_line' id='line_1_37' title="bbox 308 4840 1586 4922; baseline -0.011 -12"><span class='ocrx_word' id='word_1_285' title='bbox 308 4871 375 4910; x_wconf 88' lang='lat' dir='ltr'><strong>rom</strong></span> <span class='ocrx_word' id='word_1_286' title='bbox 399 4849 534 4910; x_wconf 86' lang='lat' dir='ltr'><strong>felicium</strong></span> <span class='ocrx_word' id='word_1_287' title='bbox 558 4847 808 4908; x_wconf 86' lang='lat' dir='ltr'><strong>recordationum</strong></span> <span class='ocrx_word' id='word_1_288' title='bbox 824 4846 929 4905; x_wconf 89' lang='lat' dir='ltr'><strong>itidem</strong></span> <span class='ocrx_word' id='word_1_289' title='bbox 947 4844 1167 4922; x_wconf 82' lang='lat' dir='ltr'><strong>privilegiales,</strong></span> <span class='ocrx_word' id='word_1_290' title='bbox 1182 4861 1244 4902; x_wconf 92' lang='lat' dir='ltr'><strong>non</strong></span> <span class='ocrx_word' id='word_1_291' title='bbox 1262 4860 1353 4900; x_wconf 87' lang='lat' dir='ltr'><strong>secus</strong></span> <span class='ocrx_word' id='word_1_292' title='bbox 1369 4840 1586 4898; x_wconf 86' lang='lat' dir='ltr'><strong>universorum</strong></span> 
     </span>
     <span class='ocr_line' id='line_1_38' title="bbox 310 4945 1588 5032; baseline -0.011 -14"><span class='ocrx_word' id='word_1_293' title='bbox 310 4967 415 5019; x_wconf 90' lang='lat' dir='ltr'><strong>eotum</strong></span> <span class='ocrx_word' id='word_1_294' title='bbox 439 4965 576 5017; x_wconf 88' lang='lat' dir='ltr'><strong>statuum</strong></span> <span class='ocrx_word' id='word_1_295' title='bbox 601 4964 632 5015; x_wconf 92' lang='lat' dir='ltr'><strong>et</strong></span> <span class='ocrx_word' id='word_1_296' title='bbox 655 4955 797 5015; x_wconf 85' lang='lat' dir='ltr'><strong>ordinum</strong></span> <span class='ocrx_word' id='word_1_297' title='bbox 814 4953 888 5013; x_wconf 92' lang='lat' dir='ltr'><strong>dicti</strong></span> <span class='ocrx_word' id='word_1_298' title='bbox 911 4951 1002 5032; x_wconf 87' lang='lat' dir='ltr'><strong>regni</strong></span> <span class='ocrx_word' id='word_1_299' title='bbox 1025 4951 1121 5010; x_wconf 90' lang='lat' dir='ltr'><strong>nostri</strong></span> <span class='ocrx_word' id='word_1_300' title='bbox 1144 4949 1340 5022; x_wconf 88' lang='lat' dir='ltr'><strong>Sclauoniae,</strong></span> <span class='ocrx_word' id='word_1_301' title='bbox 1362 4967 1382 5007; x_wconf 89' lang='lat' dir='ltr'><strong>a</strong></span> <span class='ocrx_word' id='word_1_302' title='bbox 1400 4945 1588 5026; x_wconf 89' lang='lat' dir='ltr'><strong>quibuslibet</strong></span> 
     </span>
    </p>
   </div>
   <div class='ocr_carea' id='block_1_9' title="bbox 0 0 1978 5550">
    <p class='ocr_par' dir='ltr' id='par_1_9' title="bbox 0 0 1978 5550">
     <span class='ocr_line' id='line_1_39' title="bbox 0 0 1978 5550; baseline 0 0"><span class='ocrx_word' id='word_1_303' title='bbox 0 0 1978 5550; x_wconf 95' lang='lat' dir='ltr'><strong> </strong></span> 
     </span>
    </p>
   </div>
  </div>
 </body>
</html>
