3934 5550
401 417 447 487 fid

397 642 594 717 Lwlrawecz,
611 660 648 702 ac
663 640 738 702 Wllr
754 640 817 715 lilio
833 639 979 717 Ladislai,
996 647 1026 700 et
1042 638 1202 721 Gregorio
1225 638 1474 718 Zthanylowych
1499 639 1539 703 de
1564 638 1685 713 eadem,

396 748 612 831 generationis
636 749 783 820 Lewcha,
799 748 1050 827 haeredibusque
1076 756 1107 807 et
1130 747 1364 826 posteritatibus
1380 748 1551 810 eorundem
1569 748 1681 808 utrius·

398 874 460 936 que
482 874 578 917 sexus
611 855 776 935 universis,
808 855 898 915 simul
930 874 1001 915 corn
1033 866 1098 918 toto
1121 866 1153 916 et
1176 855 1260 915 omni
1291 855 1359 915 iure
1383 874 1441 915 suo
1464 856 1553 937 regio
1577 856 1680 916 ferme

397 972 681 1043 repraesentantes,
712 964 880 1025 verbaliter
910 964 942 1023 in
972 982 1008 1023 se
1040 964 1202 1038 habentes,
1237 966 1343 1023 coram
1379 964 1469 1023 nobis
1502 964 1534 1024 in
1565 964 1680 1024 iudicio

397 1070 544 1133 exhihere
568 1080 599 1131 et
621 1079 826 1149 praesentare
846 1070 968 1131 curavit
981 1071 1040 1130 sub
1057 1070 1112 1131 tali
1129 1070 1295 1131 verborum
1310 1070 1425 1132 forma:
1450 1068 1568 1153 (Vide
1593 1072 1642 1131 do
1655 1090 1680 1131 o.

400 1198 427 1241 a
456 1177 549 1239 1412.
576 1178 601 1238 l.
626 1198 714 1259 aug.
738 1178 823 1239 Vol.
847 1179 868 1239 l.
893 1178 954 1238 Nr.
983 1176 1066 1254 177.)
1091 1179 1233 1255 Quarum
1256 1178 1340 1239 iacta
1357 1178 1571 1257 productione,
1589 1198 1681 1257 prae-

399 1294 588 1364 narretoque
611 1294 813 1363 procuratore
837 1286 935 1364 ipsius
958 1286 1073 1347 actoris
1097 1285 1250 1346 eiusmodi
1273 1286 1379 1347 literas
1403 1286 1584 1347 statutorias
1607 1286 1680 1347 dicti

400 1393 559 1475 quondam
571 1392 688 1453 domini
696 1392 890 1473 sigismundi
902 1392 996 1473 regis,
1005 1394 1064 1453 nisi
1073 1393 1319 1454 contradictores
1332 1394 1406 1453 etin
1418 1412 1548 1457 causam
1559 1395 1681 1453 attracti

400 1521 456 1581 per
480 1509 598 1561 rectam
621 1502 737 1561 lineam
767 1501 979 1580 generationis
1004 1510 1035 1561 et
1059 1500 1267 1582 genealogiae
1291 1520 1399 1561 eorum
1424 1520 1495 1561 sese
1519 1501 1559 1561 de
1584 1501 1680 1579 stirpe

400 1616 433 1668 et
455 1608 601 1687 prosapia
625 1608 931 1686 praenominatorum
956 1608 1029 1668 olim
1053 1606 1183 1689 Georgii
1206 1608 1259 1669 lilii
1283 1610 1442 1689 quondam
1466 1608 1587 1668 Nicolai
1611 1608 1680 1686 My·

399 1716 482 1793 xych
505 1716 545 1776 de
567 1714 707 1776 Interiori
739 1716 937 1791 Lwlrawecr,
967 1735 1005 1776 ac
1030 1716 1103 1775 Wllr
1136 1715 1189 1775 fllii
1216 1715 1290 1775 olim
1321 1716 1458 1778 Ladislai
1490 1724 1522 1777 et
1545 1715 1681 1795 Gregori

401 1822 649 1898 Zthaqylowych
672 1821 711 1881 de
735 1821 847 1881 eadem
881 1821 1020 1881 inferiori
1044 1822 1231 1882 Lwlrawecr
1256 1840 1336 1899 esse,
1359 1823 1470 1883 literali
1493 1823 1682 1883 documento

402 1926 682 2007 comprobaverint,
706 1928 819 1989 nullius
841 1928 993 1989 momenti
1017 1938 1048 1989 et
1071 1928 1226 1989 firmitatis
1250 1948 1330 2005 esse,
1351 1930 1533 2009 eisdemque
1549 1928 1581 1989 in
1597 1930 1681 1989 nullo

403 2036 563 2096 deservire
586 2036 752 2116 allegante,
775 2037 995 2115 praetitulatus
1025 2046 1208 2115 procurator
1240 2038 1448 2099 antelaturum
1479 2037 1627 2099 nobilium
1651 2038 1681 2097 in

404 2162 533 2205 canem
556 2152 768 2217 attractorum,
792 2145 1033 2206 adducendum
1057 2146 1125 2213 hoc,
1149 2146 1233 2225 quod
1257 2145 1415 2226 Georgius
1446 2144 1530 2206 filius
1557 2145 1681 2206 Nicolai

404 2252 551 2329 Myrrych,
574 2272 657 2313 unus
679 2271 718 2313 ex
741 2252 987 2331 praenominatis
1010 2252 1109 2313 tribus
1125 2252 1305 2325 donatariis,
1322 2253 1352 2313 in
1369 2252 1571 2332 praeinsertis
1587 2252 1683 2313 literis

404 2359 655 2432 donationalibus
670 2359 864 2440 sigismundi
879 2360 965 2441 regis
980 2358 1189 2421 denominatis
1209 2368 1418 2439 expressurus,
1438 2359 1601 2441 genuisset
1610 2358 1682 2419 Dio·

405 2466 527 2544 nisium,
560 2467 714 2545 quasdam
743 2467 849 2539 literas
880 2467 1007 2547 capituli
1041 2467 1193 2530 ecclesiae
1216 2466 1440 2547 Zagrabiensis
1463 2467 1602 2543 metales,
1626 2466 1683 2527 sub

406 2574 555 2653 pendenti
585 2574 689 2655 rigillo
721 2574 863 2635 eiusdem
894 2574 1022 2654 capituli
1053 2574 1085 2635 in
1116 2592 1310 2655 pergameno
1342 2574 1576 2655 privilegiqliter
1598 2592 1683 2635 ema·

407 2690 516 2755 natas3
548 2682 634 2760 quod
664 2699 741 2742 vero
764 2682 924 2760 praelatus
950 2680 1110 2750 Dionisius
1133 2682 1270 2759 llyxych
1294 2680 1439 2762 genuerit
1471 2681 1686 2758 benedictum,

408 2792 555 2871 idemque
578 2791 767 2852 Benedictus
790 2791 978 2852 Michaelem
1006 2791 1153 2869 Myrrych,
1177 2791 1331 2870 quasdam
1355 2789 1462 2851 literas
1485 2790 1612 2869 capituli
1636 2807 1685 2850 eo-

408 2899 523 2960 clesiae
545 2898 769 2979 flagrabieneis
791 2897 1019 2978 prohibitorias,
1047 2900 1105 2958 sub
1137 2898 1239 2979 sigillo
1263 2899 1403 2958 eiusdem
1428 2896 1553 2977 capituli
1577 2897 1608 2961 in
1633 2915 1686 2976 pa·

407 3025 486 3086 pyro
508 3012 654 3084 patenter
676 3014 856 3082 emanatas3
880 3007 965 3086 quod
986 3014 1091 3066 autern
1115 3006 1198 3066 idem
1222 3005 1358 3066 Michael
1382 3006 1520 3082 Myxyeh
1544 3004 1689 3084 genuerit

407 3113 591 3192 Georgium,
625 3132 665 3173 ac
699 3113 783 3174 idem
819 3113 977 3194 Georgius
1018 3114 1176 3186 loannem,
1209 3113 1354 3192 idemque
1387 3113 1520 3172 loannes
1556 3112 1687 3172 altemm

408 3219 582 3301 Georgium
606 3220 752 3297 Myxych,
787 3229 909 3298 patrem
929 3219 1057 3280 nobilis
1090 3219 1242 3300 Stephani
1277 3220 1415 3297 Myryoh
1450 3217 1688 3298 superviventis,

409 3328 563 3407 quasdam
599 3328 708 3400 tertias
742 3327 849 3399 literas
883 3327 1078 3407 praenarrati
1114 3327 1241 3406 capituli
1276 3327 1429 3399 eeclesiae
1464 3324 1689 3407 Zagrabiensis

408 3434 596 3508 fassionales
625 3435 896 3516 impignoratitias,
927 3435 1067 3506 similiter
1099 3435 1158 3495 sub
1190 3433 1292 3515 sigillo
1323 3433 1475 3512 praedicti
1509 3432 1635 3512 capituli
1658 3431 1689 3491 in

411 3561 534 3622 papyro
555 3549 700 3622 patenter
730 3544 891 3604 coniectas
914 3553 946 3605 et
968 3551 1142 3618 emanatas,
1166 3560 1273 3604 coram
1297 3541 1387 3602 nobis
1410 3541 1442 3602 in
1465 3539 1579 3602 iudicio
1603 3539 1687 3600 euhi-

409 3652 486 3712 bere
509 3659 542 3712 et
563 3661 766 3729 praesentare
789 3653 919 3728 curavit,
942 3671 1075 3733 quarum
1098 3651 1208 3731 prima,
1232 3651 1377 3712 videlieet
1409 3649 1535 3729 capituli
1568 3650 1687 3728 Zagra·

408 3759 527 3820 maneb
548 3760 672 3821 metelle
694 3761 776 3820 hano
806 3759 944 3820 habebat
966 3761 1128 3832 verbalem
1151 3757 1390 3821 eontinentiam:
1415 3755 1527 3832 (Vide
1552 3755 1637 3816 doc.
1662 3773 1689 3816 a.

413 3863 506 3928 1⁴28.
538 3864 590 3928 20.
621 3866 724 3928 iulii.
755 3867 838 3929 Vol.
869 3867 891 3930 1.
922 3868 984 3930 Nr.
1010 3867 1095 3944 221.)
1119 3867 1266 3928 Secunda
1289 3883 1414 3945 quoque
1439 3863 1579 3925 eiusdem
1603 3861 1686 3942 capi·

407 3974 464 4034 tuli
486 3974 708 4054 sagrabienets
731 3975 934 4053 prohibitoria
957 3975 1097 4055 seqnitur
1128 3983 1160 4034 et
1192 3983 1241 4047 est
1270 3973 1356 4034 talis:
1393 3971 1506 4048 (Vide
1542 3971 1625 4033 doe.
1661 3988 1688 4030 a.

413 4078 507 4142 tres.
530 4079 560 4144 s.
584 4081 657 4144 iulii.
680 4082 763 4144 Vol.
787 4083 822 4144 ll.
846 4083 907 4145 Nr.
936 4081 1001 4157 ⁴9.)
1033 4082 1141 4150 Tertia
1172 4081 1267 4142 etiam
1299 4081 1440 4142 eiusdem
1471 4077 1599 4158 capituli
1630 4078 1688 4137 Za·

408 4189 585 4270 grsbiensis
616 4189 793 4250 iamionalis
817 4190 1062 4270 impignoratitia
1084 4189 1200 4249 seriem
1223 4189 1304 4250 hano
1343 4189 1374 4248 in
1398 4207 1433 4248 re
1457 4185 1690 4266 complectitur:

409 4297 525 4373 (Vide
547 4297 634 4360 doc.
658 4315 686 4359 a.
716 4295 1252 4376 1529.2e.aprrlis.v0t,111.
1277 4295 1340 4354 Nr.
1364 4291 1406 4370 d)
1430 4294 1573 4371 Quarum
1604 4293 1688 4354 lacta

407 4423 464 4484 per
493 4414 728 4484 proeuratorern
759 4405 791 4465 in
822 4425 952 4466 causam
983 4413 1188 4465 attractorum
1212 4404 1408 4477 exhibitione,
1432 4402 1691 4481 praenominatus

408 4521 594 4592 procurator
617 4513 745 4586 antelati
768 4513 886 4574 domini
909 4512 1069 4582 Francisci
1093 4513 1132 4573 de
1156 4512 1296 4586 Nadesd,
1320 4511 1443 4586 actoris,
1475 4511 1624 4591 allegavit
1648 4527 1688 4570 eo

407 4620 511 4694 modo,
542 4619 628 4698 qnod
650 4639 689 4693 err
712 4639 775 4699 quo
798 4621 829 4679 in
852 4620 935 4680 serie
967 4619 1231 4699 praeinsertarum
1257 4619 1417 4692 literarum
1440 4617 1689 4680 donationalium

408 4727 548 4787 annotati
571 4727 645 4787 olim
668 4726 785 4788 domini
806 4727 1002 4808 sigismundi
1022 4727 1116 4808 regis,
1131 4737 1196 4787 tres
1218 4723 1332 4787 hrerint
1356 4725 1518 4796 donamrii
1542 4723 1686 4785 nimirum

407 4834 567 4915 Georgius
588 4835 672 4895 tilius
693 4833 815 4895 Nioolai
839 4833 977 4911 Myxych
1001 4835 1040 4896 de
1064 4833 1204 4895 lnienori
1228 4833 1424 4907 Lwlrawecz,
1449 4851 1486 4892 ac
1510 4832 1583 4892 Wllr
1606 4831 1687 4892 fliius

407 4941 553 5016 Ladislai,
584 4951 615 5002 et
647 4941 820 5022 Gregorius
851 4942 1108 5018 Zthanylowych,
1143 4941 1214 5001 licet
1248 4939 1353 5020 quoad
1388 4939 1562 5020 Georgium
1595 4937 1691 4997 filium
