3934 5550
842 459 1027 519 „xl-

377 759 482 810 tionem
503 755 638 808 nobilium
659 751 755 818 Campi
775 748 972 819 Zagrabiensis
992 760 1079 810 super
1098 739 1269 808 quibusdam
1290 733 1397 786 iniuriis
1418 733 1470 782 eis-

377 847 443 900 dem
463 863 513 919 per
533 847 637 898 banum
658 843 741 895 illatis
760 845 935 908 protestatur
961 877 964 884 .

315 955 358 1007 ol.
377 955 460 1009 Anno
490 953 565 1007 1603.
591 954 615 1006 7.
642 950 765 1004 ianuarii.
793 946 953 1016 Zagrabiae.
977 941 1079 996 Coram
1105 937 1226 990 blartino
1251 925 1339 985 Pethe
1358 931 1394 995 de
1415 928 1472 980 He-

379 1044 451 1110 thes,
471 1043 686 1109 archiepiscopo
699 1037 850 1092 Colocensi
863 1042 892 1086 et
905 1049 956 1100 per
970 1029 1142 1098 Hungariam
1163 1026 1383 1083 locumtenente,
1403 1018 1471 1069 Mat-

377 1134 450 1186 thias
469 1131 646 1185 Andreasich
664 1129 701 1182 de
720 1127 845 1195 Nouaky,
865 1120 1105 1190 prothonotarius,
1125 1117 1151 1168 in
1173 1113 1257 1165 simili
1276 1110 1392 1180 negotio
1411 1121 1469 1173 quo

379 1227 680 1290 supraprotestatur.
711 1257 751 1268 ..
817 1254 858 1266 ..

317 1312 359 1366 52.
379 1313 461 1366 Anno
482 1311 559 1366 1603.
581 1310 621 1363 18.
641 1307 766 1361 ianuarii.
787 1301 946 1370 Capitulum
973 1297 1042 1350 eccl.
1068 1276 1264 1363 Zagrabiensis
1283 1288 1403 1340 Martino
1422 1284 1472 1336 Pe-

379 1403 454 1468 thev,
474 1400 677 1456 locumtenenti
701 1397 784 1466 regis,
804 1395 840 1446 de
859 1397 974 1459 peracta
994 1384 1198 1440 ammonitione
1217 1379 1352 1432 nobilium
1373 1373 1472 1439 Campi

381 1492 578 1562 Zagrabiensis
598 1489 685 1542 refert
711 1509 1252 1539 ................
1263 1503 1266 1507 -
1284 1501 1467 1518 .....

1481 637 1580 689 Pagina

1545 817 1579 870 92

1546 1192 1580 1244 02

318 1599 360 1654 63.
378 1601 462 1653 Anno
482 1599 558 1654 1603.
579 1597 620 1650 20.
642 1594 782 1649 februarii.
802 1589 964 1658 Capitulum
984 1584 1124 1638 ecelesiae
1143 1575 1350 1649 Zagrabiensis,
1369 1569 1470 1624 confir·
1629 1599 1632 1604 -

290 1772 295 1780 ,
380 1689 547 1742 mationales
566 1688 662 1740 literas
682 1682 823 1749 Rudolphi
842 1680 873 1731 ll.
895 1679 969 1744 regis
990 1671 1152 1739 Hungariae
1171 1667 1214 1720 29.
1236 1664 1327 1716 martii
1347 1679 1363 1712 a
1393 1658 1469 1710 1602.

383 1779 539 1846 {exemptio
570 1776 706 1829 nobilium
740 1773 822 1824 unius
854 1766 992 1820 sessionis
1023 1745 1040 1814 a
1067 1759 1209 1812 solutione
1238 1761 1369 1806 taxarum
1398 1748 1473 1805 etei.

383 1870 533 1922 transumit
567 1905 573 1920 .
639 1906 645 1920 .

321 1960 364 2012 54.
384 1965 467 2012 Anno
488 1958 564 2012 1603.
585 1959 610 2011 3.
631 1955 731 2009 martii.
750 1949 917 2022 Capitulum¹
931 1943 1070 1997 ecclesiae
1087 1935 1283 2008 Zagrabiensis
1303 1933 1381 1983 iusta
1400 1943 1476 1980 man-

324 2047 326 2050 ’
383 2051 479 2103 datum
500 2048 605 2102 Nicolai
625 2042 768 2112 lstuanffy,
788 2035 1007 2093 locumtenentis
1020 2029 1144 2098 palatini,
1164 2027 1192 2078 in
1211 2025 1261 2076 lite
1279 2023 1354 2074 inter
1372 2020 1476 2071 banum

383 2141 517 2192 loannem
534 2135 717 2190 Draskowich
737 2139 766 2185 et
785 2128 896 2183 nobiles
915 2124 1014 2189 Campi
1025 2116 1229 2186 Turopolensis
1243 2111 1373 2174 vertenti,
1385 2114 1476 2168 testes

385 2229 501 2281 exaudit
534 2256 863 2280 .........
876 2245 877 2250 κ
892 2234 1470 2268 ...............

321 2317 363 2371 bi).
384 2319 467 2370 Anno
495 2316 571 2370 1603.
599 2317 640 2368 14.
666 2311 835 2366 decembris.
862 2307 976 2374 Pragae.
1003 2297 1172 2364 Rudolphus
1191 2293 1223 2345 ll.
1243 2287 1405 2358 Hungariae
1424 2291 1477 2336 etc.

385 2425 443 2474 rex,
463 2406 606 2460 nobilibus
631 2403 730 2468 Campi
755 2395 909 2463 Turopolia
931 2391 1077 2460 praecipit,
1097 2393 1128 2438 ut
1147 2385 1240 2436 dicam
1261 2395 1312 2431 seu
1332 2374 1475 2431 contribu-

384 2501 492 2552 tionem
512 2497 710 2550 administrare
729 2492 854 2544 debeant
893 2501 1471 2538 .................

323 2588 366 2642 66.
386 2593 470 2640 Anno
491 2587 567 2640 1606.
588 2586 630 2638 16.
650 2583 751 2636 martii.
766 2578 863 2632 Maiori
882 2574 1027 2629 Goriczae.
1042 2566 1216 2620 Universitas
1227 2559 1363 2613 nobilium
1378 2553 1478 2620 Campi

385 2677 608 2745 Turopoliensis,
622 2672 747 2741 Georgio
761 2666 913 2722 Czuetasin
927 2662 1008 2714 aliter
1021 2652 1227 2722 Hranilounycm
1242 2655 1272 2700 et
1284 2645 1394 2698 Helena
1413 2658 1479 2694 con·
1537 2686 1540 2692 ,

386 2769 456 2823 sorti
477 2767 615 2831 eiusdem,
636 2763 797 2818 facultatem
823 2753 959 2825 pascendi
979 2763 1082 2817 porcos
1102 2745 1129 2796 in
1148 2737 1333 2810 possessione
1352 2732 1477 2801 ipsorum

387 2858 532 2928 llraschya
557 2860 584 2909 in
610 2854 719 2921 Campo
740 2860 769 2904 et
787 2848 923 2903 comitatu
943 2836 1124 2911 Zagrabiensi
1149 2828 1283 2885 existenti
1309 2824 1430 2884 habitos
1451 2821 1478 2871 in

386 2965 489 3019 magna
513 2948 583 2999 silva
608 2948 681 2998 inter
709 2942 814 2995 Odram
842 2944 871 2989 et
894 2931 1021 2987 Lekenik
1041 2943 1073 2980 ac
1093 2926 1198 2977 Bunam
1218 2924 1247 2971 et
1266 2913 1382 2968 Morvek
1407 2911 1479 2962 sive-

384 3039 533 3094 Chernach
552 3034 695 3097 existenti,
715 3031 833 3099 praebet
857 3041 1327 3077 .............
1359 3043 1362 3049 .
1393 3041 1398 3052 .
1429 3041 1433 3048 .

324 3150 366 3202 57.
386 3150 469 3201 Anno
490 3146 567 3200 1608.
588 3145 629 3197 16.
650 3140 774 3196 ianuarii.
789 3138 903 3203 Pragae.
920 3127 1088 3194 'Rudolphus
1107 3123 1138 3175 ll.
1159 3117 1321 3186 Hungariae
1341 3120 1396 3165 etc.
1418 3126 1478 3174 rex,

352 3233 356 3241 ’
386 3239 508 3293 statibus
537 3244 566 3289 et
593 3232 741 3287 ordinibus
771 3226 850 3297 regni
878 3218 1044 3275 Selavoniae
1069 3209 1216 3281 praecipit,
1242 3222 1278 3257 ne
1298 3221 1314 3256 a
1333 3202 1477 3254 nobilibus

386 3331 469 3381 unius
488 3326 625 3380 sessionis
644 3321 743 3387 Campi
757 3313 918 3382 Turopolya
936 3318 1002 3361 tauta
1020 3322 1072 3357 seu
1090 3299 1207 3371 quaevis
1226 3291 1399 3348 contributio
1417 3290 1476 3341 exi·

388 3424 469 3488 gatus
501 3450 650 3469 .....
663 3422 666 3429 ’
680 3416 1472 3463 .....................

327 3509 368 3564 58.
387 3512 471 3563 Anno
499 3506 577 3560 1610.
605 3502 648 3557 23.
678 3495 859 3567 septembris.
887 3489 1048 3560 Zagrabiac.
1063 3482 1171 3561 ‚Status
1199 3485 1228 3529 et
1253 3473 1370 3527 ordines
1399 3469 1478 3537 regni

387 3598 563 3662 Sclauoniae,
588 3591 801 3658 exemptionem
827 3581 962 3635 nobilium
986 3572 1085 3639 Campi
1105 3564 1302 3641 Zagrabiensis
1323 3577 1339 3612 a
1358 3558 1430 3610 taxis
1450 3563 1480 3606 et

389 3686 647 3743 contributionibus
667 3678 826 3747 approbant
862 3709 868 3723 .
898 3708 904 3722 .
935 3711 938 3717 .
969 3683 1440 3720 .............

328 3795 369 3852 69.
389 3799 472 3851 Anno
494 3795 569 3849 1611.
590 3793 631 3845 12.
652 3784 821 3842 decembris.
836 3781 970 3830 Viennae.
987 3770 1106 3825 Mathias
1120 3766 1150 3818 ll.
1164 3759 1328 3830 Hungariae
1347 3763 1400 3807 etc.
1421 3767 1480 3814 rex,

389 3888 533 3941 Nicolaum
561 3879 722 3943 Freneticb,
750 3892 781 3929 ac
797 3882 861 3941 'per
890 3884 954 3921 eum
983 3876 1102 3917 uxorem
1132 3854 1285 3908 barbaram
1309 3848 1423 3907 Pernar,
1452 3848 1481 3895 et

389 3978 484 4045 proles
498 3977 568 4041 eius,
582 3990 597 4025 e
611 3977 686 4023 statu
704 3974 733 4019 et
747 3963 911 4018 conditione
931 3953 1015 4019 civili,
1033 3953 1062 4003 in
1082 3954 1195 4001 coetum
1206 3939 1343 3994 nobilium
1353 3931 1481 3994 assumit,

390 4070 488 4135 eisque
509 4078 586 4117 arma
605 4077 656 4113 seu
676 4054 832 4110 nobilitatis
851 4047 972 4117 insignia
991 4041 1104 4095 confert
1147 4059 1473 4087 ..........

328 4160 370 4213 60.
388 4160 471 4211 Anno
502 4154 577 4207 1612.
606 4151 769 4219 Registrum
798 4136 1017 4196 contributionis
1043 4130 1078 4183 80
1103 4129 1167 4180 den.
1193 4126 1220 4175 in
1246 4119 1356 4183 Campo
1381 4114 1481 4180 Zagru-

389 4248 482 4303 biensi
505 4242 1404 4297 .........................
1471 4237 1476 4247 .

328 4359 370 4412 61.
390 4358 473 4409 Anno
494 4352 570 4406 1614.
590 4349 633 4402 26.
653 4344 773 4414 augusti.
793 4338 892 4392 Lindi.
911 4328 1076 4387 Mathiasll.
1096 4319 1259 4390 Hungariae
1279 4321 1333 4377 etc,
1352 4327 1411 4372 rex,
1430 4322 1481 4358 no·

391 4446 631 4501 bilem-loannem
645 4432 811 4491 Kramarich
831 4430 866 4481 de
886 4422 1043 4493 Schytario,
1062 4433 1094 4471 ac
1114 4430 1165 4482 per
1184 4425 1249 4463 cum
1270 4405 1342 4457 filios
1362 4402 1432 4463 eiuS,
1451 4411 1483 4448 ac

391 4538 505 4591 fratrem
525 4530 654 4585 eiusdem
673 4542 738 4579 cum
751 4522 814 4574 filiis
834 4518 901 4580 suiS,
921 4515 1016 4566 denuo
1030 4511 1058 4560 in
1071 4513 1185 4560 coetum
1198 4496 1334 4551 nobilium
1355 4486 1482 4549 assumit,

392 4626 569 4695 insigniaque
588 4615 745 4672 nobilitatis
765 4610 873 4663 eisdem
894 4601 1027 4657 concedit
1079 4613 1475 4647 ............

329 4721 372 4773 62.
392 4719 474 4770 Anno
495 4713 572 4766 1615.
594 4708 633 4761 16,
653 4701 798 4759 iannuarii.
819 4700 849 4751 ln
869 4695 948 4748 Odra
966 4687 1071 4743 Saenth
1090 4679 1214 4748 Georgii.
1246 4677 1305 4727 Bau
1325 4670 1415 4722 Toma
1434 4666 1484 4717 Er-

293 4846 296 4854 ·
392 4806 486 4875 deody
506 4802 601 4855 nalale
620 4800 729 4863 lupanu
750 4787 983 4856 turopoljskomu,
1005 4780 1041 4831 da
1061 4794 1074 4828 s
1099 4767 1310 4835 Turopoljcima
1328 4758 1415 4826 podje
1433 4755 1483 4805 Pc-

393 4897 477 4951 trin'u
497 4889 590 4947 duvati
614 4880 1477 4939 ........................

331 4914 476 5044 63.·Anrio
496 4981 574 5035 1620.
596 4978 638 5031 26.
659 4975 733 5027 maii.
752 4971 889 5022 Viennae.
902 4958 1100 5017 Ferdinandus
1118 4952 1150 5005 ll.
1170 4943 1332 5015 Hungariae
1351 4945 1405 4990 etc.
1426 4949 1484 4995 rex,

1538 4570 1591 4623 106

1539 4838 1590 4892 107
