3934 5550
397 429 462 493 388

399 643 561 704 roboribus
593 643 692 721 novis,
724 644 818 703 haras
849 663 948 703 novas
981 644 1022 703 ad
1052 663 1146 702 unam
1180 620 1372 719 clausuram3
1404 645 1478 704 item
1502 665 1599 723 penes
1623 667 1677 705 an·

395 753 498 832 tiquas
522 754 616 812 haras
641 753 785 830 adduas
810 752 970 811 clausuras
995 751 1026 810 in
1049 759 1133 812 statu
1157 753 1321 827 mediocri;
1356 753 1430 813 item
1454 772 1610 813 cameram
1637 756 1677 813 ad

396 861 475 921 duas
499 862 661 920 clausuras
684 861 808 934 bonam,
833 860 967 919 culinam
992 879 1063 919 cum
1088 859 1214 920 fornace
1238 860 1375 938 pistorea
1398 869 1482 921 tecto
1498 862 1582 921 nullo
1606 881 1675 941 pro·

396 969 505 1042 visam,
530 968 656 1027 domum
681 967 822 1027 fabrilem
848 985 961 1026 novam
986 966 1017 1025 in
1033 967 1115 1026 bono
1140 975 1223 1028 statu
1248 987 1305 1046 pro
1328 987 1418 1041 nune,
1442 976 1559 1028 tectum
1582 969 1677 1028 habet

395 1095 434 1135 ex
459 1075 616 1134 asseribus
640 1074 772 1134 molibus
797 1073 911 1153 sviglin
935 1074 1033 1134 dictis.

502 1179 531 1243 3.
554 1181 707 1240 Providus
724 1181 900 1259 Stephanus
924 1181 1066 1257 Bassuly,
1082 1181 1211 1240 colonus
1225 1201 1282 1259 pro
1299 1201 1381 1240 nunc
1404 1181 1521 1241 domini
1544 1183 1672 1242 Szmen·

396 1289 524 1350 drovich
542 1288 719 1364 assessoris,
735 1288 830 1347 habet
854 1289 980 1347 domum
997 1288 1157 1367 antiquam
1173 1289 1369 1367 reparatione
1390 1289 1591 1368 indigentem,
1603 1291 1674 1350 hor-

396 1417 481 1457 reum
507 1396 666 1475 antiquum
691 1395 784 1454 etiam
801 1415 918 1475 magna
943 1395 1148 1473 reparatione,
1173 1403 1204 1455 et
1228 1397 1322 1457 haras
1346 1397 1440 1456 etiam
1465 1398 1609 1477 antiquas
1634 1399 1675 1457 ad

395 1512 529 1582 quatuor
561 1503 722 1562 clausuras
753 1502 881 1562 basibus
906 1511 938 1561 et
960 1502 1148 1580 pavimentis
1179 1503 1365 1582 indigentes,
1397 1505 1555 1568 fornacem
1579 1505 1674 1583 pisto-

396 1631 481 1671 ream
506 1612 536 1670 in
561 1612 644 1670 malo
668 1618 759 1670 statu.
783 1611 917 1669 Puteum
942 1609 1036 1669 etiam
1060 1610 1173 1669 nullius
1198 1605 1320 1671 iialoris.

502 1718 530 1779 t.
556 1719 709 1779 Providus
745 1719 880 1779 Michael
903 1719 1046 1795 Bassuly,
1080 1719 1208 1778 colonus
1239 1719 1284 1777 uti
1315 1718 1407 1798 prior,
1430 1719 1526 1780 habet
1548 1720 1675 1779 domum

395 1827 554 1906 antiquam
580 1845 696 1906 magna
713 1827 908 1903 reparatione
932 1826 1144 1906 indigentem3
1168 1827 1242 1886 item
1259 1826 1403 1886 horreum
1429 1826 1590 1906 antiquum
1606 1825 1673 1886 sine

394 1944 484 2012 porta
508 1933 635 1994 basibus
659 1944 689 1993 et
714 1934 910 2011 reparatione
935 1953 1042 2014 egeus.

501 2042 531 2104 5.
555 2043 675 2102 Domus
699 2042 828 2101 scolaris
852 2050 925 2101 ante
948 2041 1101 2119 capellam
1126 2062 1150 2103 s,
1174 2041 1333 2100 Barbarae
1352 2041 1381 2099 in
1398 2048 1482 2100 statu
1510 2040 1674 2111 mediocri;

396 2152 468 2210 item
493 2150 635 2228 praelata
658 2149 865 2208 communitas
882 2149 977 2228 Nagy
994 2147 1166 2208 Mlakensis
1186 2148 1282 2208 habet
1304 2149 1456 2227 capellam
1473 2167 1497 2211 s.
1515 2147 1674 2207 Barbarae

394 2258 425 2316 in
450 2257 552 2335 aliqua
576 2266 665 2334 parte
694 2264 776 2315 tecto
800 2275 861 2315 non
886 2256 969 2315 bono
993 2254 1170 2334 provisam;
1193 2255 1266 2314 item
1293 2255 1433 2314 eiusdem
1456 2255 1596 2333 capellae
1621 2273 1672 2313 ca-

394 2383 513 2423 meram
538 2363 769 2423 communitatis
793 2363 823 2422 in
847 2371 931 2422 statu
955 2362 1112 2424 mediocri.

500 2468 530 2532 6.
553 2470 673 2530 Nobilis
697 2471 812 2528 Paulus
843 2469 1059 2529 szetkovich
1081 2470 1176 2528 habet
1200 2470 1327 2528 domurn
1360 2469 1467 2528 ruinae
1491 2469 1673 2547 proximam,

393 2555 537 2637 horreum
570 2578 724 2636 minatum
749 2577 815 2636 sine
838 2577 933 2657 tignis
958 2584 990 2636 et
1011 2584 1077 2636 tota
1108 2577 1261 2655 superiori
1284 2585 1381 2654 parte,
1416 2577 1510 2636 haras
1534 2578 1574 2637 ad
1605 2577 1669 2636 tres

394 2694 499 2763 portas
524 2685 554 2744 in
577 2685 741 2744 roboribus
776 2693 882 2744 tamen
916 2684 1025 2757 bonas,
1061 2685 1118 2744 sed
1152 2683 1225 2764 quia
1249 2684 1316 2743 sine
1340 2693 1423 2744 tecto
1447 2694 1527 2758 sunt,
1559 2684 1671 2744 robora

395 2793 557 2871 putredine
575 2792 727 2870 peribunt,
751 2811 910 2851 cameram
929 2792 1089 2871 antiquam
1106 2793 1147 2852 ad
1163 2794 1242 2852 duas
1257 2801 1364 2871 portas
1381 2792 1554 2852 mediocres
1570 2812 1683 2867 secus.

394 2902 450 2961 sed
474 2901 546 2979 quia
570 2901 653 2959 bono
677 2908 760 2958 tecto
785 2919 846 2959 non
871 2908 917 2959 est
941 2899 1076 2977 provisa,
1100 2900 1171 2959 ideo
1196 2919 1313 2979 magna
1337 2899 1533 2977 reparatione
1557 2899 1673 2979 egebit,

392 3008 551 3066 fornacem
576 3025 633 3084 per
655 3006 812 3065 miseriam
836 3007 865 3064 in
891 3006 973 3065 malo
998 3006 1092 3066 etiam
1117 3014 1208 3066 statu
1710 2988 1722 3005 ⁸

500 3114 529 3175 7.
554 3113 673 3173 Nobilis
709 3113 844 3171 Michael
876 3113 1181 3174 Mussenich·habet
1211 3114 1339 3173 domum
1363 3114 1523 3193 antiquam
1555 3133 1673 3195 magna

394 3222 591 3301 reparatione
615 3230 770 3300 egentem,
795 3221 940 3280 horreum
965 3221 1127 3300 antiquum
1149 3221 1278 3280 basibus
1301 3221 1455 3301 indigens,
1471 3223 1565 3280 haras
1588 3222 1629 3281 ad
1653 3221 1673 3279 4

394 3331 555 3389 clausuras
580 3329 673 3388 etiam
697 3348 760 3388 non
784 3330 874 3389 bonis
898 3330 1041 3407 provisas
1072 3329 1215 3403 basibus3
1247 3330 1322 3389 item
1347 3349 1505 3389 cameram
1529 3329 1570 3388 ad
1594 3330 1673 3388 duas

393 3444 500 3514 portas
516 3436 706 3495 mediocrem
722 3446 792 3514 post
817 3437 933 3514 aliquot
957 3455 1057 3496 annos
1073 3436 1253 3514 pavimento
1277 3436 1413 3496 inferiori
1437 3446 1593 3516 egentem,
1610 3435 1669 3495 for-

394 3562 503 3602 nacem
527 3544 697 3621 pistoream
721 3563 790 3601 cum
816 3544 917 3603 culina
942 3543 1066 3603 novitus
1091 3553 1212 3603 errecta
1235 3552 1317 3603 tecto
1342 3544 1424 3604 nullo
1448 3544 1614 3621 provisam.

500 3648 529 3710 8.
554 3651 673 3709 Nobilis
696 3651 873 3729 Stephanus
906 3651 1062 3710 Krilchich
1085 3652 1181 3711 habet
1205 3652 1329 3710 domum
1355 3671 1469 3710 novam
1494 3652 1672 3729 elegantem

393 3757 536 3817 omnibus
571 3758 756 3817 necessariis
791 3760 958 3836 provisam,
995 3779 1033 3817 ex
1069 3760 1231 3818 roboribus
1262 3759 1455 3819 solidissimis
1479 3767 1668 3819 exstructam

397 3861 497 3937 1795,
521 3865 634 3923 horrea
664 3865 734 3940 duo,
768 3885 862 3924 unum
894 3867 1019 3939 bonum,
1055 3866 1138 3925 aliud
1160 3866 1289 3925 basibus
1313 3885 1429 3946 egens;
1468 3866 1541 3925 item
1567 3885 1669 3925 came·

393 3988 459 4029 ram
490 3989 605 4029 novam
636 3972 779 4031 omnibus
812 3972 979 4049 provisam,
1018 3973 1113 4033 haras
1144 3974 1293 4032 alatilium
1325 3973 1478 4051 antiquas
1513 3992 1671 4032 cameram

393 4077 552 4155 antiquam
584 4078 615 4136 in
646 4086 728 4137 statu
761 4078 917 4152 mediocri,
949 4079 1044 4138 haras
1077 4080 1116 4138 ad
1149 4078 1169 4139 8
1201 4081 1362 4139 clausuras
1389 4080 1569 4158 pavimento
1601 4088 1672 4158 post

393 4184 508 4263 aliquot
527 4204 625 4244 annos
642 4185 778 4245 interiori
796 4195 826 4245 et
842 4185 970 4245 basibus
994 4197 1135 4267 egentes,
1152 4188 1285 4246 culinam
1306 4207 1376 4246 cum
1394 4188 1520 4247 iornace
1535 4188 1672 4265 pistorea

391 4290 519 4351 basibus
543 4299 574 4352 et
597 4300 679 4351 tecto
703 4293 851 4352 assericio
875 4313 937 4353 non
960 4294 1043 4353 bono
1067 4302 1228 4366 carentes;
1253 4295 1366 4354 domus
1390 4295 1520 4373 antiqua
1543 4295 1669 4353 domino

392 4399 545 4459 assessori
568 4400 811 4460 Szmendrovich
836 4401 971 4463 vendita

498 4504 527 4569 9.
551 4506 671 4567 Nobilis
705 4507 844 4567 Barbara
867 4508 962 4567 vidua
993 4509 1155 4568 Michaelis
1179 4510 1383 4569 Trumbetass
1413 4511 1508 4569 habet
1543 4510 1670 4568 domum

393 4613 551 4691 antiquam
575 4614 771 4691 reparatione
796 4616 998 4694 indigentem,
1023 4636 1115 4676 secus
1138 4617 1222 4680 nihil.

502 4717 550 4781 10.
574 4720 693 4780 Nobilis
717 4721 873 4801 Georgius
898 4724 1103 4783 Trumbetass
1128 4725 1224 4784 habet
1247 4726 1374 4784 domum
1394 4726 1553 4804 antiquam
1577 4743 1667 4802 repa·

391 4826 509 4885 ratione
534 4846 652 4906 magna
675 4828 876 4908 indigentem,
893 4830 1033 4889 harulam
1059 4832 1099 4890 ad
1123 4851 1217 4891 unam
1243 4833 1422 4892 clausuram
1445 4833 1475 4891 in
1499 4839 1583 4892 statu
1606 4850 1670 4890 me·

391 4931 496 4995 diocri.
