3934 5550
963 431 1122 487 ,χ-

1511 581 1515 591 ’
1581 615 1681 673 Pagina

414 711 457 764 39
476 714 558 764 Anno
578 675 655 764 1¹600.
671 711 712 764 12
726 712 897 764 novembris
917 711 1140 764 Connumeratro
1155 711 1308 762 domorum
1322 709 1459 761 nobihum
1473 707 1583 805 Campi

480 803 678 872 Zagrabiensis
696 835 1560 852 ......................
1646 797 1682 850 68

414 891 449 943 40
477 891 701 945 Α111101601.8
722 891 824 958 aprilis.
840 890 1040 959 Wokowynae.
1061 842 1452 958 loannesDraskowychetc.
1473 889 1573 951 banuS,

404 1040 405 1043 Ἴ
478 982 601 1048 capitulo
625 981 693 1034 eccl.
713 980 897 1034 Chasmensis
925 981 1125 1047 communicat,
1150 980 1296 1048 quomodo
1323 995 1421 1032 comes
1449 978 1574 1031 Thomas

478 1071 618 1140 Erdewdy
640 1072 789 1124 universos
809 1087 876 1122 usus
896 1069 1031 1122 territorii
1044 1070 1088 1121 sui
1101 1069 1244 1122 nobilibus
1263 1068 1363 1136 Campi
1376 1069 1573 1138 Zagrabiensis

477 1161 679 1213 interdixisset.
705 1161 774 1212 ideo
803 1167 936 1212 amoneat
961 1160 1100 1212 Thomam
1126 1158 1275 1228 Erdewdy,
1300 1166 1331 1211 ut
1356 1159 1431 1210 idem
1460 1173 1573 1210 necnon

477 1249 620 1315 ollicialeS,
650 1251 804 1303 servitores
825 1257 854 1302 et
873 1250 1041 1319 iobagiones
1063 1249 1161 1315 ipsius,
1187 1250 1222 1301 ab
1248 1243 1388 1301 universis
1415 1248 1574 1314 pascuatio-

477 1341 568 1406 nibus,
589 1339 795 1392 suselsionibus
824 1341 956 1392 arborum
977 1339 1205 1409 glandiferarum,
1232 1355 1264 1391 ac
1288 1339 1404 1392 aliorum
1433 1339 1572 1408 lignorum

477 1437 506 1482 et
525 1429 627 1482 usuum
656 1430 789 1481 territorii
818 1429 955 1482 nobilium
982 1429 1081 1496 Campi
1110 1428 1316 1499 Zagrabiensis,
1336 1445 1402 1481 sese
1420 1429 1457 1481 de
1476 1434 1573 1480 cetero

479 1520 641 1572 abstineant
1577 1573 1579 1578 .

414 1609 455 1661 41.
474 1611 557 1661 Anno
583 1607 660 1660 1602.
690 1599 732 1660 28.
762 1609 861 1660 martii.
887 1609 1011 1661 Posonii.
1037 1609 1157 1660 Mathias
1179 1609 1316 1661 archidux
1335 1609 1476 1673 Austriae,
1496 1608 1572 1660 bano

474 1697 648 1762 Sclaveniae,
680 1698 741 1748 eius
768 1698 980 1766 vicemgerenti,
1005 1698 1161 1764 capitaneis
1187 1705 1241 1749 etc.
1268 1698 1414 1764 praecipit,
1439 1714 1476 1750 ne
1495 1699 1571 1750 hona

475 1788 611 1840 nobilium
632 1786 732 1852 Campi
751 1787 966 1853 Turopoliensis
986 1787 1109 1854 spoliare
1129 1795 1313 1853 praesumant
1339 1828 1344 1837 .
1374 1831 1377 1834 ,

413 1878 455 1930 42
476 1879 558 1929 Anno
581 1877 657 1930 1602.
678 1875 720 1928 29.
742 1877 853 1928 martii.
869 1877 983 1946 Pragae
1008 1877 1176 1943 Rudolphus
1196 1877 1227 1928 ll
1248 1877 1410 1945 Hungariae
1438 1884 1491 1929 etc
1512 1893 1571 1941 rex,

478 1967 654 2035 privilegium
684 1966 854 2018 lerdinandi
881 1967 900 2018 l.
927 1966 1091 2034 Hungariae
1115 1973 1168 2018 ete
1198 1968 1282 2049 regis,
1308 1983 1332 2018 a.
1364 1966 1572 2020 1548211110-

475 2057 600 2115 vembris
627 2054 784 2122 (exemptio
809 2054 946 2107 nobilium
969 2056 1052 2131 unius
1071 2045 1210 2109 sessionis
1229 2073 1246 2108 a
1265 2056 1408 2110 solutione
1428 2055 1569 2122 taxarum)

480 2146 666 2199 confirmat.

412 2255 454 2308 43.
476 2256 559 2307 Anno
584 2253 660 2305 1602.
676 2251 730 2306 Ὶ29.
760 2253 859 2304 martii.
877 2253 994 2321 Pragae.
1016 2253 1183 2320 Rudolphus
1202 2254 1235 2306 ll.
1255 2215 1418 2323 Hungariae
1437 2259 1490 2305 etc.
1512 2269 1571 2317 rex,

475 2343 572 2395 loanni
592 2341 772 2406 Drascouith,
791 2343 878 2406 bano,
892 2342 1038 2408 praecipit,
1058 2350 1089 2394 ut
1108 2343 1219 2395 nobiles
1233 2344 1316 2395 unius
1330 2344 1477 2408 sessionis,
1492 2358 1572 2408 prae·
1637 2325 1645 2340 ⁸

475 2433 573 2484 sertim
596 2440 691 2490 autem
711 2431 821 2482 nobiles
841 2429 941 2496 Campi
961 2430 1131 2501 Turopolya,
1147 2434 1174 2483 in
1188 2431 1288 2484 eorum
1308 2433 1416 2484 iuribus
1430 2439 1570 2500 protegat.

367 2567 369 2572 .
413 2522 456 2574 44.
475 2522 557 2572 Anno
578 2519 655 2572 16112.
681 2519 722 2572 29.
750 2521 849 2571 martii.
877 2519 990 2588 Pragae.
1014 2520 1181 2587 Rudolphus
1201 2521 1231 2572 11.
1254 2522 1416 2590 Hungariae
1436 2528 1490 2585 etc,
1512 2537 1569 2585 rex,

475 2610 650 2666 universitati
671 2609 806 2662 nobilium
827 2608 925 2676 Campi
945 2609 1100 2675 Turopolia
1117 2611 1259 2664 nundinas
1277 2611 1411 2664 annuales
1425 2619 1454 2662 et
1477 2610 1568 2663 lorum

474 2698 682 2751 hebdomadale
702 2700 729 2749 in
750 2698 828 2767 Nagy
848 2697 971 2751 Gorieha
990 2698 1193 2752 celebrandum
1214 2702 1313 2753 annuit
1336 2739 1555 2752 ......

414 2811 457 2867 45,
477 2810 560 2861 Anno
587 2807 665 2861 1602.
686 2808 727 2861 ll.
748 2809 867 2877 augusti.
889 2809 919 2859 ln
939 2816 1034 2860 castro
1054 2808 1195 2861 Vinnicza.
1223 2809 1353 2861 Nicolaus
1381 2808 1508 2861 lstuanlh
1534 2809 1571 2859 de

478 2896 696 2961 Kisaszonlalva,
708 2896 903 2949 locumtenens
916 2896 1039 2964 palatini,
1058 2897 1181 2964 capitulo
1195 2898 1262 2950 eccl.
1278 2898 1475 2967 Zagrabiensis
1491 2912 1571 2964 prae-

478 2987 553 3053 cipit,
571 2994 601 3039 ut
622 2987 648 3043 in
668 3002 753 3037 eausa
772 2987 845 3037 inter
865 2986 999 3037 loannem
1028 2986 1205 3039 Draskouieh
1226 2996 1254 3038 et
1273 2987 1383 3039 nobiles
1403 2984 1502 3052 Campi
1523 2986 1570 3037 Za·

475 3076 633 3145 grabiensis
652 3075 782 3137 vertenti,
802 3090 884 3127 suum
904 3075 1016 3126 emittat
1034 3076 1177 3127 hominem
1204 3111 1566 3129 ..........

412 3184 453 3235 46.
474 3160 557 3235 huno
588 3182 664 3235 1602,
693 3189 759 3234 ante
788 3183 811 3233 7.
842 3184 1022 3248 septembris.
1049 3184 1169 3235 loannes
1195 3184 1382 3248 Draskouieh,
1408 3185 1507 3242 banus
1534 3182 1570 3233 de

476 3274 602 3326 laesione
622 3273 739 3325 honoris
758 3282 787 3324 et
806 3272 890 3325 officii
910 3274 954 3324 sui
974 3290 1025 3339 per
1044 3274 1155 3326 nobiles
1182 3273 1281 3341 Campi
1304 3272 1466 3343 Turopolya
1485 3272 1570 3356 illata,

480 3364 538 3432 regi
558 3364 741 3430 conqueritur
801 3396 1558 3418 .....................

411 3470 454 3521 47.
475 3471 558 3522 Anno
582 3469 661 3533 1602.
688 3470 712 3522 7,
740 3472 920 3536 septembris.
947 3470 1062 3539 Pragae.
1086 3472 1253 3538 Rudolphus
1274 3472 1314 3537 ll.,
1335 3472 1496 3540 Hungariae
1517 3476 1570 3521 etc.

473 3576 531 3623 rex,
551 3560 671 3612 Martino
693 3560 782 3613 Pethe
808 3561 844 3612 de
869 3561 988 3625 Hethes,
1015 3562 1226 3627 locumtenenli,
1244 3562 1390 3629 praecipit,
1410 3568 1442 3613 ut
1460 3560 1571 3613 nobiles

477 3648 576 3716 Campi
596 3649 790 3718 Turopollya
785 3667 812 3701 rn
833 3650 876 3703 sui
897 3652 1090 3717 praesentiam
1110 3653 1187 3717 citet,
1207 3668 1239 3704 ac
1257 3653 1293 3703 de
1308 3651 1434 3703 laesione
1454 3650 1570 3703 honoris
1661 3709 1664 3714 ⁴

480 3738 577 3790 loanni
597 3737 782 3803 Draskouieh,
801 3738 876 3803 bani,
896 3754 947 3805 per
966 3740 1045 3805 ipsos
1066 3740 1150 3800 illata
1170 3741 1277 3793 iudicet
1310 3775 1566 3791 ........

415 3826 456 3879 48.
473 3828 559 3879 Anno
586 3826 662 3879 1602.
694 3826 734 3880 16.
761 3829 930 3881 decembris.
958 3829 1081 3882 Posonii.
1110 3830 1245 3882 Martinus
1276 3830 1364 3882 Pethe
1384 3830 1421 3881 de
1451 3828 1570 3891 Hetlres,

476 3917 708 3983 archiepiscopus
727 3915 947 3971 Coloeensist
918 3926 947 3971 et
973 3920 1145 3983 Bachiensis,
1171 3920 1294 3986 capitulo
1315 3920 1452 3972 ecclesiae
1472 3919 1572 3988 Zagra-

476 4006 584 4057 biensis
611 4007 804 4085 notumlsacit,
824 4010 900 4075 quod
931 4010 1101 4061 universitas
1121 4010 1257 4062 nobilium
1283 4007 1383 4075 Campi
1409 4008 1571 4073 Turopolia,

482 4095 618 4148 adversus
631 4097 764 4148 loannem
779 4096 956 4150 Draskouieh
970 4092 1007 4149 de
1021 4098 1198 4163 Trakostian,
1213 4100 1325 4162 barrum,
1344 4098 1463 4165 eiusque
1481 4097 1571 4147 vices·

400 4230 420 4255 0,
475 4192 630 4251 gerentem,
655 4185 829 4251 capitaneos
856 4187 1035 4252 vexilliferos
1062 4188 1244 4240 centuriones
1270 4195 1300 4238 et
1325 4188 1503 4250 decuriones,
1529 4202 1571 4236 re·

450 4264 453 4270 ’
476 4275 626 4342 liquosque
655 4274 758 4326 milites
787 4276 840 4327 sub
869 4276 963 4329 officio
993 4277 1085 4329 banali
1110 4277 1252 4345 stipendia
1275 4283 1427 4342 merenteS,
1454 4274 1571 4327 detulis-

477 4370 522 4419 set
548 4363 702 4430 querulam,
722 4367 799 4431 quod
825 4365 886 4431 ipse
904 4366 996 4419 banus
1016 4383 1094 4419 more
1114 4367 1208 4419 hostili
1229 4368 1257 4417 in
1276 4366 1338 4418 illos
1358 4365 1464 4433 passim
1490 4365 1571 4415 dese-

478 4453 537 4505 vire
557 4452 662 4511 seleret
702 4490 707 4503 .

412 4542 454 4595 49.
476 4540 1158 4599 Anno1602‚Con11umerat'trocontribuentium
1172 4546 1309 4599 nobilium
1328 4545 1411 4596 unius
1432 4542 1569 4595 sessionis

478 4633 506 4683 in
526 4632 635 4698 Campo
655 4632 863 4698 Thuropolensi
881 4672 1279 4687 ...........
1315 4660 1322 4671 ·
1345 4668 1565 4685 .......

412 4740 454 4792 50
475 4741 556 4792 llnno
578 4738 1153 4810 16091.11111111,11ρ111111.111111
1166 4742 1286 4795 Martino
1299 4742 1350 4793 Pet
1351 4741 1387 4791 he
1402 4739 1437 4792 de
1451 4739 1570 4802 HetheS,

474 4829 689 4895 archiepiscopo
708 4828 859 4882 Coloeensi
879 4838 908 4883 et
926 4847 978 4897 per
1006 4831 1179 4903 Hungariam
1206 4832 1425 4894 locumtenente‚
1450 4820 1575 4884 Mathias¹

473 4918 643 4971 Andreasiez
658 4918 694 4971 de
714 4917 838 4988 Nouaky,
858 4920 1098 4988 prothonotarius,
1118 4930 1218 4975 eontra
1236 4919 1416 4973 temerariam
1430 4921 1570 4984 protesta-
