3934 5550
1491 446 1557 520 595

273 667 369 735 barae
402 669 565 752 Czuinyair
597 693 635 735 ex
670 683 837 753 praetenso
869 668 971 734 bonae
1006 673 1246 752 specificationis
1276 671 1410 731 nominis
1435 672 1558 732 defectu

272 782 390 859 petitae
423 782 697 841 condescensionis
721 783 849 842 citaturn
875 783 1039 842 articulum
1063 780 1239 840 nullatenus
1267 779 1369 838 eidem
1394 778 1554 838 deservire

272 907 374 966 posse,
398 888 552 966 siquidem
576 889 658 949 actio
682 898 791 949 contra
811 890 945 949 eandem
968 888 1123 964 Czunyalr
1148 887 1197 946 bic
1214 886 1434 945 invinculatam
1453 894 1557 945 erecta
1588 907 1591 916 ·

272 994 447 1071 baberetur,
479 996 622 1073 adeoque
654 996 738 1054 circa
770 1014 938 1072 personam
971 994 1110 1054 eiusdem
1136 994 1219 1054 nulla
1243 992 1314 1052 talis
1338 992 1412 1052 oriri
1435 993 1554 1052 valeret

271 1101 445 1175 difficultas,
477 1123 559 1181 quae
590 1104 753 1163 terendum
785 1102 931 1163 iudicium
963 1102 1107 1182 legaliter
1139 1100 1325 1180 praepedire
1354 1109 1470 1180 posset,
1494 1119 1556 1179 quo

271 1229 346 1268 vero
371 1210 411 1268 ad
427 1209 458 1268 id
475 1210 527 1268 ubi
544 1219 689 1287 respectu
710 1210 889 1269 Dorotheae
903 1203 1098 1269 Trubentas⁸
1112 1211 1298 1286 productam
1322 1209 1553 1288 inquisitionem

270 1317 479 1376 collateralem
511 1335 582 1376 esse
613 1316 739 1389 diceret,
771 1335 841 1376 curn
871 1317 984 1376 eadem
1013 1334 1069 1394 pro
1102 1315 1306 1376 laudamento
1344 1323 1468 1376 erectae
1502 1334 1551 1374 ac·

269 1422 362 1481 tionis
385 1430 416 1480 et
440 1420 656 1482 informatione
672 1422 796 1482 inclitae
820 1422 904 1482 sedis
928 1423 1080 1500 producta
1096 1422 1272 1496 haberetur,
1297 1421 1553 1482 concurrentibus

271 1529 412 1604 pluribus
437 1536 545 1588 contra
561 1531 694 1589 eandem
708 1529 898 1589 fassionibus
923 1531 953 1588 in
969 1529 1110 1589 torturali
1134 1529 1278 1590 examine
1302 1529 1419 1602 elicitis
1442 1531 1473 1590 et
1497 1547 1549 1588 ex·

270 1647 340 1712 post
374 1636 468 1696 etiam
501 1637 670 1710 rarificatis,
694 1646 726 1696 et
750 1645 848 1696 morte
880 1636 1109 1710 authenticatis,
1140 1655 1196 1714 pro
1228 1635 1394 1696 sufficienti
1422 1635 1549 1695 omnino

273 1743 404 1820 agnosci
428 1743 565 1815 deberet,
590 1762 648 1802 nec
671 1743 819 1815 obstaret,
844 1744 928 1822 quod
951 1744 1117 1802 torturales
1141 1742 1296 1804 fassiones
1319 1752 1502 1822 procurator
1522 1742 1552 1801 in

269 1868 398 1908 causam
431 1858 633 1908 attrectatum
665 1849 850 1910 reiiciendas
882 1858 1012 1927 peteret,
1044 1869 1081 1909 ex
1106 1869 1152 1923 eo,
1180 1850 1264 1928 quod
1294 1851 1372 1910 tales
1399 1850 1553 1910 fassiones

269 1977 325 2032 per
349 1975 453 2034 sagas,
470 1958 613 2034 adeoque
629 1975 782 2033 personas
799 1956 931 2016 infames
952 1957 1055 2017 factae
1071 1957 1210 2030 fuissent,
1228 1976 1298 2016 curn
1314 1957 1346 2016 in
1362 1957 1550 2016 contrarium

269 2066 436 2122 observata
460 2063 565 2141 praxis
589 2073 619 2122 et
642 2065 836 2124 consvetudo
859 2065 1068 2143 processualis
1093 2065 1246 2138 militaret,
1271 2083 1372 2143 neque
1397 2063 1550 2148 eiusmodi

269 2170 384 2248 magici
409 2179 497 2228 actus
521 2179 553 2228 et
576 2189 675 2249 sagae
699 2170 787 2248 ipsae
811 2171 864 2230 ubi
888 2171 991 2250 magis
1016 2180 1160 2230 constare
1185 2172 1334 2242 valerent,
1358 2189 1452 2249 quam
1481 2169 1550 2229 aliis

265 2277 296 2336 in
329 2277 482 2336 eiusmodi
514 2287 579 2336 arte
612 2279 738 2358 magica
769 2278 861 2338 sociis
894 2287 925 2337 et
956 2279 1168 2356 complicibus,
1200 2279 1257 2338 sed
1289 2296 1392 2356 neque
1416 2277 1547 2356 simplex

265 2394 297 2443 et
319 2387 403 2444 nuda
426 2387 575 2463 negativa
607 2387 647 2446 ad
681 2388 775 2464 capul
799 2387 882 2447 facta
906 2395 937 2446 et
962 2387 1115 2446 abiuratio
1136 2386 1242 2446 oblata
1266 2405 1322 2464 pro
1347 2385 1545 2445 actionalium

265 2491 536 2551 fundamentorum
568 2495 731 2554 eversione
767 2494 933 2569 sufficeret,
965 2513 1062 2574 quare
1093 2513 1163 2554 curn
1194 2495 1346 2571 plurimae
1382 2493 1548 2553 torturales

264 2598 427 2666 fassiones.
451 2601 684 2679 productaeque
714 2601 938 2678 inquisitiones,
971 2601 1145 2662 communis
1179 2611 1342 2679 praeterea
1375 2599 1547 2660 vicinorum

264 2707 348 2765 fama
372 2715 403 2766 et
419 2707 559 2785 publicus
576 2726 681 2767 rumor
705 2709 745 2768 ad
765 2708 906 2768 notitiam
930 2709 956 2767 si
980 2727 1043 2768 non
1059 2708 1153 2768 totius
1169 2708 1292 2768 inclitae
1309 2708 1438 2768 huiusce
1455 2707 1548 2783 sedis,

265 2815 305 2873 ad
330 2816 431 2874 minus
456 2816 588 2892 plurium
619 2836 656 2874 ex
689 2817 801 2875 eadem
832 2816 1028 2875 dominorum
1053 2834 1249 2875 assessorum
1273 2815 1414 2875 notitiam
1439 2825 1546 2874 contra

265 2921 392 2979 easdem
418 2921 447 2979 in
473 2942 600 2981 causam
619 2931 768 2982 attractas
791 2930 906 2997 essent,
930 2932 961 2982 et
986 2923 1114 2982 easdem
1138 2931 1314 2997 onerarent,
1338 2920 1409 2981 ideo
1433 2921 1549 2981 reiecta

264 3047 319 3105 per
350 3038 582 3106 procuratorem
617 3029 788 3089 earundem
822 3028 907 3089 facta
943 3028 1103 3109 negativa,
1135 3029 1211 3107 petit
1246 3028 1328 3087 idem
1366 3036 1549 3106 procurator

265 3136 387 3211 actoris,
419 3147 452 3195 ut
485 3137 587 3195 dictae
619 3136 651 3196 iu
679 3156 808 3196 causam
836 3145 988 3197 attractae
1021 3135 1226 3214 personaliter
1249 3135 1290 3195 ad
1313 3134 1459 3195 iudicium
1492 3134 1548 3193 du-

264 3254 382 3319 cantur,
413 3253 443 3303 et
473 3245 512 3303 ad
545 3245 699 3305 actionem
732 3253 869 3305 erectam
894 3245 1105 3322 respondeant
1136 3261 1174 3302 ac
1206 3243 1290 3301 litem
1324 3249 1547 3315 contestentur,

264 3369 362 3427 eoquo
386 3351 559 3429 praemisso
591 3353 629 3411 de
663 3352 773 3411 iisdem
798 3352 829 3411 in
853 3370 980 3411 causam
1007 3351 1147 3411 attractis
1171 3349 1318 3410 iudicium
1342 3358 1374 3409 et
1396 3348 1544 3408 iustitiam

263 3456 307 3514 uti
330 3476 424 3534 supra
447 3458 524 3534 petit
547 3468 579 3517 et
601 3467 750 3521 reservat

369 3565 555 3624 Procurator
578 3574 816 3643 praetensarum
841 3566 871 3625 in
895 3584 1025 3625 causam
1050 3572 1252 3625 attractarum
1284 3583 1355 3623 curn
1387 3572 1540 3640 protesta-

261 3672 345 3731 tione
369 3672 408 3731 ad
432 3672 606 3749 praemissa
625 3673 836 3751 procuratoris
852 3672 883 3732 in
900 3691 1029 3733 causam
1055 3680 1257 3731 attractarum
1274 3670 1435 3748 respondit
1448 3689 1539 3748 prae·

263 3778 391 3836 missum
415 3779 545 3855 petuam
577 3798 668 3837 suum
692 3798 731 3839 ex
754 3788 843 3857 parte
870 3779 1095 3858 Margarethae
1119 3776 1274 3853 Czunyak
1306 3777 1475 3837 etiamnum
1511 3777 1543 3837 in

263 3885 484 3964 praeallegatis
516 3885 725 3962 procuratoris
757 3884 870 3945 actoris
903 3886 961 3944 sub
993 3884 1118 3944 nomine
1148 3884 1307 3945 Barbarae
1332 3902 1403 3942 cuni
1428 3883 1488 3942 alia
1512 3892 1543 3943 et

261 4011 323 4050 non
360 3992 548 4052 invinculata
584 3992 724 4052 eiusdem
755 3994 795 4051 sit
825 3992 968 4066 nominis,
1001 3994 1143 4070 adeoque
1177 3992 1261 4051 velut
1292 3991 1363 4071 lege
1393 3990 1542 4067 fulcitum,

261 4102 478 4179 contrariaque
514 4102 553 4160 ab
587 4101 721 4160 adverso
744 4119 806 4160 non
830 4100 939 4161 elisum
964 4120 1003 4160 ex
1027 4098 1199 4159 rationibus
1224 4098 1318 4159 etiam
1342 4098 1373 4157 in
1397 4098 1541 4178 allegatis

260 4208 428 4267 etiamnum
446 4217 561 4282 tenere,
577 4227 678 4286 neque
702 4208 977 4269 invinculationem
1001 4226 1058 4286 per
1081 4226 1218 4267 errorem
1242 4206 1359 4265 factam
1382 4205 1539 4265 innocenti

260 4316 395 4384 officere,
428 4336 490 4394 qno
514 4335 590 4376 vero
614 4318 654 4376 ad
679 4316 840 4396 negotium
864 4316 1071 4395 inquisitionis
1095 4314 1280 4375 collateralis
1305 4322 1450 4393 respectu
1476 4314 1538 4373 Do-

259 4423 386 4482 rotheae
402 4423 590 4483 Trumbetas
610 4424 685 4483 illud
699 4442 801 4502 neque
816 4441 970 4483 concursu
987 4416 1200 4502 quorundam⁹
1216 4440 1374 4501 sagarum,
1389 4421 1532 4501 adeoque

258 4529 417 4589 infamium
448 4549 652 4607 personarum
682 4530 840 4591 fassionali
867 4531 1088 4590 convalescere
1121 4529 1298 4607 illegalium,
1327 4528 1481 4607 siquidem
1506 4527 1537 4589 in

259 4637 323 4695 iure
354 4639 438 4696 nulla
471 4639 638 4698 haberetur
669 4639 756 4712 rati0,
788 4637 900 4716 quibus
932 4636 1113 4714 praemissis
1145 4646 1176 4696 et
1203 4636 1358 4715 prioribus
1381 4635 1536 4714 legalibus

258 4744 526 4822 superabundanti
550 4745 644 4805 etiarn
669 4746 804 4805 cautella
820 4744 978 4803 instructis
1002 4762 1056 4821 per
1072 4751 1306 4821 procuratorem
1332 4741 1446 4802 actoris
1471 4743 1537 4801 nul·

258 4852 379 4910 latenus
410 4852 513 4911 dilutis
546 4852 725 4926 insistend0,
755 4852 894 4926 adderet,
919 4851 1058 4910 Helenae
1096 4850 1181 4909 Koos
1217 4849 1447 4909 revocationem
1482 4850 1539 4909 sub

259 4958 323 5016 Nll.
348 4958 412 5017 ΝΒ.
438 4977 494 5035 pro
518 4957 713 5035 praeinserta
727 4976 823 5017 uxore
841 4956 1113 5016 lx'oszlrouichiana
1131 4965 1162 5015 et
1178 4964 1346 5034 praetensa
1362 4953 1392 5013 in
1410 4973 1537 5015 causam

1427 5074 1442 5109 1
