3934 5550
869 689 949 763 4³.

378 892 471 951 Anno
507 888 599 954 1602.
625 900 698 951 ante
722 888 752 952 7.
776 890 971 971 septembris,

317 1104 461 1168 loarrrres
484 1099 714 1181 Druskouich,
738 1100 859 1176 barrus,
883 1100 923 1163 de
945 1100 1095 1164 laesione
1128 1098 1324 1165 honoriaci
1348 1096 1459 1186 officii
1493 1098 1552 1163 sui

372 1214 437 1293 per
452 1206 580 1272 arabiles
606 1206 729 1292 Campi
756 1205 961 1293 Turopollyu
984 1205 1092 1288 illata,
1116 1205 1190 1292 regt'
1212 1207 1441 1291 conqueritur.

375 1423 596 1485 Sacratissima
619 1442 770 1483 caesarea
794 1425 945 1503 regiaque
969 1422 1128 1496 maiestas,
1162 1422 1286 1483 domine
1318 1423 1442 1483 domine
1475 1422 1548 1483 mihi

270 1551 395 1612 semper
418 1531 673 1605 clementissime3
698 1531 865 1607 fidelitatis,
890 1530 1090 1612 fideliumque
1122 1550 1159 1591 ac
1184 1539 1403 1609 perpetuorum
1428 1531 1546 1590 serviti·

268 1658 521 1727 orum,me0rum
545 1638 576 1698 in
600 1639 736 1718 gratiam
760 1638 992 1699 sacratissimae
1017 1639 1190 1699 maiestatis
1215 1646 1338 1701 vestrae
1356 1638 1547 1701 humilimam

270 1748 504 1809 subiectionem.
527 1746 673 1805 Proxime
697 1746 875 1824 praeteritis
898 1747 984 1806 hisce
1009 1747 1118 1807 diebus
1142 1746 1374 1806 sacratissimae
1391 1746 1545 1805 maiestati

269 1866 392 1916 vestrae
416 1873 484 1934 per.
495 1854 602 1915 literas
625 1863 816 1932 conquestus
839 1873 907 1913 sum
932 1863 1041 1914 contra
1065 1854 1185 1914 nobiles
1209 1853 1323 1932 Campi
1346 1828 1544 1932 Turopollya,

268 1975 300 2024 et
323 1961 505 2042 supplicavi,
534 1970 567 2021 nt
590 1982 653 2021 uno
676 1962 758 2021 serio
782 1971 814 2021 et
836 1963 956 2040 patenti
987 1962 1137 2023 mandato
1161 1961 1373 2022 sacratissima
1397 1960 1546 2022 maiestas

267 2080 373 2131 vestra
407 2069 552 2131 cohibeat
585 2070 654 2129 illos
677 2069 717 2128 ab
753 2068 965 2129 inobedientia
1000 2070 1146 2147 ipsorum.
1181 2070 1251 2128 Hoc
1284 2088 1303 2127 a
1335 2068 1546 2127 sacratissima

265 2179 429 2240 maiestate
454 2186 560 2237 vestra
584 2176 719 2243 demisse
743 2177 838 2237 etiam
862 2196 945 2237 nunc
968 2177 1087 2257 flagito,
1104 2184 1198 2256 atque
1223 2177 1334 2237 iterum
1358 2176 1546 2257 gravissima

264 2306 336 2345 cum
359 2284 488 2364 querela
510 2284 741 2344 sacratissimae
758 2284 916 2345 maiestati
932 2293 1057 2343 vestrae
1081 2284 1155 2344 mihi
1179 2282 1416 2362 supplicandum
1438 2302 1546 2343 neces·

266 2392 349 2453 sario
372 2390 523 2453 incumbit
544 2391 577 2450 in
602 2410 649 2465 eo,
681 2392 840 2471 quomodo
863 2391 1001 2451 nonnulli
1025 2410 1061 2451 ex
1093 2390 1246 2451 nobilibus
1277 2390 1335 2453 illis
1359 2390 1390 2450 in
1414 2410 1548 2469 persona

267 2499 478 2560 universitatis
502 2517 610 2558 eorum
635 2497 693 2557 sub
717 2499 860 2579 generali
895 2499 1080 2559 Posoniensi
1104 2498 1218 2573 diaeta,
1243 2499 1412 2561 novissime
1428 2506 1549 2579 praete-

267 2607 334 2684 rita,
358 2606 450 2667 nimis
474 2606 642 2667 enormiter
679 2607 763 2666 nullo
786 2625 914 2684 prorsus
946 2606 1071 2667 honoris
1107 2606 1261 2685 officiique
1294 2606 1364 2679 mei,
1400 2615 1548 2687 tanquam

265 2714 428 2790 iustitiarii,
452 2714 663 2794 ordinariique
694 2715 865 2776 eorundem
899 2714 1009 2777 iudicis
1044 2713 1150 2775 habito
1185 2726 1328 2794 respectu
1364 2733 1429 2791 suo,
1464 2716 1547 2796 apud

265 2823 499 2884 serenissimum
523 2823 695 2903 principem
720 2843 758 2883 ac
782 2823 941 2884 dominum
966 2823 1127 2884 dominum
1154 2821 1352 2882 archiducem
1374 2823 1546 2899 Matthiam,

264 2929 427 2990 dominum
449 2950 556 2990 meum
579 2931 686 2992 itidem
717 2930 1002 3004 clementissimum,
1028 2929 1239 2992 traduxissent
1263 2948 1300 2988 ac
1324 2929 1546 3005 diffamassent,

267 3037 453 3116 hostemque
487 3057 525 3098 ac
560 3037 751 3116 praedonem
785 3057 823 3098 ac
861 3038 989 3118 insuper
1022 3039 1207 3098 sceleratum
1240 3037 1544 3116 debachatoremque

266 3145 487 3223 appellassent,
510 3145 541 3205 in
565 3144 692 3204 honoris
725 3156 757 3205 et
788 3145 881 3206 officii
912 3145 975 3205 mei
1009 3145 1238 3220 detrimentum,
1273 3164 1310 3204 ac
1345 3145 1542 3225 vilipendium

262 3251 471 3329 manifestum,
496 3259 589 3331 prout
612 3253 671 3311 hoc
695 3260 727 3312 et
749 3252 781 3311 id
805 3271 842 3313 ex
867 3253 1021 3314 adiunctis
1045 3252 1173 3331 paribus
1198 3252 1336 3312 mandati
1360 3270 1437 3312 suae
1456 3271 1538 3311 sere-

261 3359 366 3419 nitatis
373 3354 390 3434 ¹,
413 3360 455 3419 ad
478 3358 637 3420 sinistram
653 3379 761 3419 eorum
776 3359 1005 3420 diffamatorum
1022 3361 1254 3421 accusationem
1272 3359 1417 3431 emanati,
1438 3358 1541 3418 claris-

263 3465 342 3526 sime
366 3467 531 3528 constabit.
554 3468 628 3528 Ideo
652 3466 882 3529 sacratissimae
905 3469 1063 3529 maiestati
1080 3478 1202 3529 vestrae
1218 3467 1378 3528 humilime
1394 3467 1543 3546 supplico,

265 3573 445 3654 dignabitur
467 3575 645 3634 huiusmoni
675 3574 803 3635 honoris
830 3575 892 3634 mei
915 3575 1144 3652 detrimentum,
1168 3595 1288 3636 necnon
1320 3576 1417 3654 ipsius
1450 3575 1541 3635 etiam

266 3681 360 3742 officii
395 3681 518 3742 banalis
551 3682 764 3761 vilipendium,
788 3689 1071 3762 contemptumque,
1107 3683 1228 3762 legibus
1264 3683 1353 3764 regni
1388 3683 1545 3744 vindicare

271 3798 368 3867 atque
396 3808 547 3865 asserere,
570 3808 672 3867 neque
697 3790 822 3868 impune
845 3798 971 3868 praeter
995 3790 1077 3850 viam
1103 3789 1193 3850 istam
1216 3793 1404 3870 permittere,
1423 3811 1459 3850 ac
1475 3810 1544 3869 pro·

263 3895 336 3954 inde
361 3895 622 3956 reverendissimo
646 3897 772 3956 domino
795 3897 932 3957 Martino
956 3898 1054 3958 Pethe
1079 3897 1117 3956 de
1149 3898 1276 3970 Hethes‚
1309 3899 1542 3978 archiepiscopo

264 4002 440 4077 Colocensi,
465 4014 496 4063 et
520 4005 752 4064 sacratissimae
769 4005 942 4064 maiestatis
964 4015 1087 4064 vestrae
1103 4006 1332 4082 locumtenenti,
1347 4007 1541 4066 strictissimo

263 4111 412 4171 mandato
435 4111 608 4191 iniungere,
631 4122 786 4191 quatenus
810 4112 878 4190 ipse
902 4123 1070 4172 annotatos
1103 4113 1222 4172 nobiles
1252 4113 1283 4180 in
1315 4114 1362 4172 sui
1393 4133 1540 4193 praesen-

264 4220 341 4279 tiam
364 4219 452 4278 citari
475 4220 580 4278 lacere
604 4218 727 4294 debeat,
751 4220 930 4298 ibidemque
954 4239 1025 4280 cum
1050 4221 1153 4300 magis
1178 4221 1285 4279 vicinis
1310 4222 1540 4282 sacratissimae

263 4326 436 4387 maiestatis
473 4336 597 4386 vestrae
638 4327 822 4387 consiliariis
858 4340 889 4388 et
924 4327 1082 4406 magistris
1119 4329 1374 4406 prothonotariis,
1411 4329 1540 4408 aliisque

260 4434 443 4513 iurisperitis
467 4434 550 4509 viria,
574 4435 640 4495 iure
665 4437 910 4497 extraordinario
934 4457 1029 4516 super
1042 4437 1253 4497 diffamatione
1270 4456 1423 4516 personae
1441 4456 1539 4510 meae,

259 4542 415 4622 ciliciique
438 4542 500 4602 mei
524 4551 717 4622 praenotata,
741 4545 944 4604 effectuosum
960 4545 1107 4604 iudicium
1130 4545 1234 4604 facere
1262 4554 1414 4605 teneatur.
1438 4545 1539 4622 Super

261 4669 323 4729 quo
347 4670 366 4710 a
389 4650 599 4711 sacratissima
624 4652 789 4712 maiestate
814 4661 917 4712 vestra
943 4653 1218 4712 clementissimum
1249 4662 1379 4731 expecto
1410 4673 1537 4731 respon-

257 4777 337 4817 sum.
361 4757 510 4817 Eiusdem
534 4759 767 4818 sacratissimae
792 4760 965 4820 maiestatis
990 4771 1113 4819 vestrae
1138 4759 1261 4820 humilis
1285 4769 1316 4818 et
1341 4761 1440 4819 fidelis
1464 4761 1536 4818 sub-

259 4863 351 4936 ditus,
375 4883 412 4922 ac
436 4873 607 4951 perpetuus
630 4866 770 4932 servitor,

1134 4994 1267 5059 loannes
1290 4995 1494 5054 Draskonich.

1430 5125 1448 5186 6
