3934 5550
968 694 972 702 ·
1022 654 1127 730 10⁸.

535 861 628 919 Anno
657 857 749 921 1694.
779 856 824 918 13.
849 857 1037 919 novembris,
1062 854 1240 914 Varasdim.

431 1072 590 1137 Adamas
621 1071 659 1134 de
696 1068 879 1155 ltattityan,
910 1068 1031 1144 barres,
1062 1065 1220 1130 vicebano
1250 1063 1405 1141 asarmot,
1444 1065 1484 1125 ut
1513 1058 1645 1124 nobiles
1677 1056 1720 1121 de

435 1179 622 1263 l'erropotie
647 1178 679 1243 S.
708 1178 795 1242 luan
818 1182 851 1242 et
879 1176 1066 1241 comitatus
1095 1172 1282 1239 Crisiemsis
1304 1169 1466 1235 excubias
1487 1166 1535 1231 ad
1558 1163 1714 1231 Castam·

889 1300 964 1348 cam
989 1282 1244 1347 administrent.

646 1503 833 1564 Perillustris
856 1501 981 1562 domine
1005 1499 1166 1561 vicebane.

541 1648 623 1708 Velit
647 1648 756 1727 vigore
780 1645 992 1724 praesentium
1015 1642 1170 1702 nobilibus
1199 1641 1313 1721 Campi
1345 1638 1587 1719 Turopoliensis,
1618 1638 1714 1698 Szent

433 1755 624 1829 luaniensis;
648 1755 720 1814 item
738 1753 899 1814 comitatui
922 1751 1083 1828 Crisiensi,
1107 1770 1145 1809 ac
1168 1749 1322 1810 universis
1338 1748 1516 1808 civitatibus
1531 1755 1563 1805 et
1578 1744 1709 1825 oppidis,

434 1866 465 1926 in
489 1864 725 1948 quibuscunque
750 1862 948 1923 comitatibus
971 1857 1175 1919 existentibus
1191 1856 1314 1932 habitis,
1330 1855 1506 1916 firmissime
1520 1852 1712 1932 praecipere,

434 1981 589 2052 quatenus
613 1971 761 2031 excubias
785 1969 1029 2029 Costanicenses
1060 1966 1245 2046 quantocius
1277 1964 1494 2034 administrare
1529 1962 1632 2032 velint,
1668 1959 1711 2018 ita

434 2090 549 2154 tamen,
573 2087 606 2139 ut
630 2080 670 2139 ad
694 2077 864 2157 quamlibet
898 2076 1062 2137 excubiam
1093 2073 1304 2155 quadraginta
1335 2071 1516 2145 ordinentur
1540 2086 1712 2148 personae;

432 2207 534 2267 neque
558 2207 650 2247 secus
674 2186 777 2247 lacere
794 2192 983 2265 praesumat.
1009 2184 1125 2242 Datum
1149 2182 1180 2241 in
1205 2182 1302 2242 libera
1326 2180 1477 2260 regiaque
1501 2177 1628 2236 civitate
1652 2176 1713 2235 Va·

431 2295 614 2369 rasdinensi,
638 2295 688 2354 die
717 2291 764 2355 13.
788 2292 976 2369 novembris,
1001 2310 1083 2351 anno
1111 2287 1202 2349 1694.
1227 2288 1345 2349 Comes
1361 2287 1503 2345 Adamus
1527 2286 1567 2344 de
1592 2284 1713 2360 Batyau

431 2424 472 2466 m.
495 2423 525 2482 p.
550 2404 651 2462 Locus
675 2402 774 2481 sigilli.

538 2526 659 2581 Coaevis
677 2526 760 2593 copia
779 2524 900 2593 simplex
928 2521 1094 2591 (schedula).
1113 2523 1144 2575 ln
1164 2521 1278 2575 archivo
1303 2536 1445 2575 commun.
1470 2518 1536 2572 nob.
1562 2517 1599 2569 de
1625 2515 1713 2568 Tum

431 2615 515 2685 polJe.

1027 2893 1127 2966 100.

542 3102 635 3160 Anno
664 3098 756 3164 1695.
785 3097 832 3160 10.
856 3098 938 3158 maii.
963 3099 1114 3160 Viennae.

433 3294 593 3360 Adamas
615 3293 655 3356 de
678 3290 863 3376 Battltyart,
888 3288 1008 3370 banus,
1031 3289 1153 3354 comiti
1185 3291 1342 3354 terrestri
1377 3288 1501 3372 Campi
1533 3287 1717 3372 Taropotia

433 3401 610 3482 commitit,
635 3405 674 3466 ut
697 3401 743 3464 sit
769 3422 848 3466 cum
864 3399 1064 3466 haminibus
1086 3399 1163 3463 suis
1185 3399 1232 3463 ad
1252 3398 1540 3463 iamrrectionem
1559 3399 1714 3482 paratus.

649 3619 811 3680 Generose
835 3619 960 3680 domine
984 3619 1085 3680 amice
1108 3618 1199 3678 nobis
1222 3616 1514 3679 observandissime

540 3764 680 3824 Salutem
705 3763 940 3842 officiorumque
962 3772 1141 3823 nostrorum
1164 3761 1476 3823 commendationem

541 3871 676 3948 Quando
700 3871 825 3950 quidem
849 3871 988 3952 benigna
1010 3871 1241 3931 clementissimi
1266 3870 1383 3931 domini
1413 3870 1513 3930 nostri
1543 3869 1713 3929 demanda·

435 3979 517 4039 tione
542 3979 624 4038 serio
657 3979 857 4039 commissum
889 3979 1112 4059 acceperimus,
1149 3990 1181 4038 ut
1217 3980 1257 4038 ad
1290 3979 1539 4058 promovendum
1573 3978 1714 4038 eiusdem

435 4086 565 4146 militare
590 4087 784 4164 obsequium,
809 4096 903 4165 atque
927 4088 1140 4147 retundendos
1157 4087 1292 4146 bostium
1308 4087 1554 4147 machinantium
1570 4095 1712 4161 conatus,

438 4193 578 4252 studiosa
602 4213 673 4252 cum
697 4194 822 4254 solertia
846 4203 877 4254 et
901 4203 1055 4272 oportuna
1079 4195 1265 4255 dexteritate
1289 4214 1416 4255 manum
1441 4204 1472 4254 et
1504 4213 1633 4273 operam
1659 4196 1711 4254 ad·

437 4321 630 4374 moveamus,
655 4321 775 4380 nosque
800 4323 871 4362 cum
895 4303 1018 4379 inclytis
1042 4303 1175 4363 dominis
1200 4305 1289 4384 regni
1304 4305 1436 4363 statibus
1449 4323 1506 4381 pro
1522 4304 1713 4383 exequendis

435 4410 587 4470 eiusmodi
613 4410 725 4470 muniis
750 4419 780 4469 et
805 4411 1055 4488 expeditionibus
1079 4420 1210 4471 eatenus
1234 4413 1348 4472 nostris
1379 4431 1436 4491 pro
1464 4413 1581 4472 viribus
1615 4414 1712 4472 inten-

436 4517 548 4591 tsndiS,
572 4535 666 4595 quam
691 4517 850 4578 celerrime
876 4519 1139 4596 adpromptemus.
1175 4519 1224 4578 Ad
1260 4520 1348 4579 cuius
1382 4520 1543 4580 clementis
1568 4520 1713 4581 commis·

436 4625 532 4685 sionis
556 4625 701 4684 effectum
727 4627 953 4704 exequendum,
976 4628 1217 4706 testandamque
1250 4628 1453 4688 humillimam
1487 4630 1587 4689 fidelis
1618 4631 1713 4690 devo·

436 4733 528 4792 tionis
552 4733 785 4809 subiectionem,
808 4735 965 4814 generalis
1001 4734 1110 4795 iisdem
1141 4735 1275 4795 dominis
1310 4736 1442 4796 statibus
1478 4756 1515 4798 ac
1550 4739 1589 4798 de
1624 4737 1714 4797 solito
1751 4738 1756 4745 ”

437 4852 585 4900 consveta
611 4841 793 4900 insurrectio
818 4842 1005 4920 publicanda
1037 4863 1132 4922 quam
1166 4843 1299 4922 primum
1335 4853 1367 4903 et
1401 4863 1440 4904 ea
1475 4865 1545 4904 cum
1579 4846 1714 4906 elficatia

437 4949 657 5028 praecipienda
681 4949 872 5024 occurrebat,
905 4958 1060 5028 quatenus
1092 4951 1236 5016 videlicet
1270 4971 1348 5040 erga
1376 4954 1472 5018 hasce
1506 4962 1630 5014 nostras
1661 4955 1714 5015 be·
