3934 5550
977 628 1081 703 10⁷.

490 828 583 885 Anno
611 824 703 889 1702.
731 824 778 888 12.
804 836 834 886 et
858 828 1061 906 sequentibus
1086 827 1202 894 mensis
1225 827 1409 889 decembris.
1434 828 1611 889 Varasdini.

387 1036 508 1099 Status
530 1040 562 1100 et
585 1036 724 1101 ordines
755 1038 856 1121 regni
883 1037 1011 1103 nobiles
1048 1038 1170 1122 Campi
1198 1038 1382 1124 Turopolia
1405 1060 1427 1101 a
1451 1036 1671 1103 contributio-

361 1208 363 1213 ,
387 1142 489 1207 aldiis
511 1143 634 1207 liberos
654 1145 895 1230 posticariam,
919 1148 952 1209 et
975 1145 1151 1210 occasione
1176 1146 1413 1231 regulationis
1428 1144 1672 1229 confiniorum,

383 1250 523 1335 plagam
549 1254 660 1315 terrae
682 1258 786 1336 penes
817 1251 960 1317 Glitiam
984 1256 1017 1317 el
1047 1253 1160 1318 Unam
1183 1252 1436 1338 assignandam
1450 1254 1670 1338 promittunt.

490 1469 592 1527 Acta
617 1469 971 1549 congregationis
1003 1468 1124 1549 regui
1148 1470 1388 1539 Varasdini,
1419 1469 1487 1530 die
1517 1470 1666 1529 duode-

382 1575 486 1635 cima
521 1586 559 1635 et
594 1578 871 1655 sequentibus
907 1578 1058 1637 mensis
1093 1577 1338 1650 decembris
1374 1596 1480 1637 anno
1511 1576 1665 1637 domini

381 1682 608 1742 millesimo
640 1676 1022 1763 septingentesimo
1055 1684 1248 1757 secund0,
1272 1703 1318 1743 ex
1341 1684 1503 1744 indicto
1534 1684 1665 1743 excel·

381 1790 612 1849 lentissimi
649 1799 684 1849 et
720 1790 1011 1851 illustrissimi
1044 1791 1203 1852 domini
1238 1791 1406 1851 comitis
1442 1790 1585 1851 Adami
1618 1791 1665 1849 de

381 1897 607 1973 Eatthyan,
640 1916 866 1977 regnorum
902 1894 1149 1972 Dalmatiae,
1185 1898 1389 1958 Croatiae
1424 1906 1464 1958 et
1498 1899 1663 1958 Sclauo-

380 2005 473 2064 niae
497 2004 594 2064 bani
619 2006 872 2067 celebratae.

855 2214 1003 2296 (Celeris
1025 2215 1186 2293 emissis.)

788 2368 1252 2493 Vigesimudquartusl

484 2558 623 2618 Tametsi
659 2558 775 2616 domini
810 2566 910 2617 status
943 2567 974 2618 et
1005 2558 1131 2617 ordines
1166 2558 1317 2637 gravibus
1349 2557 1493 2637 expensis
1517 2559 1659 2638 adeoque

376 2666 530 2725 continuis
555 2664 804 2742 impositionibus
828 2685 948 2724 summe
973 2667 1102 2739 onerati,
1119 2665 1318 2724 nihilominus
1342 2664 1423 2724 iusto
1447 2674 1479 2724 et
1501 2665 1659 2744 condigno

374 2775 511 2833 fidelium
536 2772 734 2833 servitiorum
758 2772 906 2833 nobilium
932 2774 1045 2851 Campi
1070 2774 1248 2852 Turopolia,
1281 2792 1344 2832 non
1376 2775 1469 2833 modo
1501 2772 1658 2833 modernis

373 2879 507 2942 dominis
539 2881 672 2940 statibus
704 2888 735 2940 et
767 2882 936 2953 ordinibus,
968 2900 1044 2940 vero
1071 2881 1132 2941 iam
1158 2900 1177 2940 a
1200 2880 1339 2959 pluribus
1364 2881 1505 2956 saeculis,
1528 2881 1657 2960 praede·

373 2989 549 3048 cessoribus
585 3008 709 3068 quoque
745 3009 852 3048 eorum
885 2990 1105 3066 praestitorum
1142 2996 1294 3066 respectu,
1331 2989 1436 3048 habita
1468 2988 1561 3048 etiam
1585 3008 1656 3048 con·

373 3097 469 3175 digna
505 3096 673 3155 reflexione
710 3105 740 3154 et
775 3095 1025 3154 consideratione
1058 3095 1260 3155 immunitatis
1295 3105 1326 3155 et
1360 3096 1593 3175 privilegiorum
1618 3096 1656 3155 ab

373 3206 444 3264 olim
470 3203 499 3262 in
525 3223 563 3262 eo
588 3223 644 3282 per
668 3204 801 3262 eandem
834 3203 1069 3263 universitatem
1101 3202 1250 3262 nobilium
1274 3202 1386 3282 Campi
1412 3203 1581 3281 Turopolia
1604 3204 1656 3263 ob

372 3319 527 3372 tentorum
552 3321 582 3370 et
606 3311 852 3388 promeritorum,
876 3311 1004 3370 eosdem
1025 3311 1145 3370 nobiles
1171 3309 1284 3388 Campi
1307 3310 1484 3388 'suropolia
1501 3319 1656 3370 eteorum

374 3427 518 3497 posteros
542 3437 560 3477 a
584 3418 802 3496 praesentibus
834 3428 864 3478 et
893 3418 1004 3478 tuturis
1040 3419 1319 3479 contributionibus
1342 3427 1504 3496 exemptos
1539 3427 1570 3478 et
1599 3418 1655 3478 im·

373 3543 482 3585 munes
511 3525 721 3604 pronuntiant,
754 3525 797 3584 ita
829 3525 973 3585 nimirum
999 3536 1030 3586 et
1053 3547 1092 3587 ea
1115 3527 1301 3599 conditione,
1325 3533 1359 3585 ut
1381 3525 1412 3585 in
1435 3526 1576 3605 proxima
1600 3545 1657 3604 pro

372 3643 460 3712 parte
493 3633 581 3714 regni
613 3633 817 3692 confiniorum
849 3635 953 3694 fienda
983 3635 1177 3714 regulatione
1203 3634 1428 3713 assignandam
1452 3634 1527 3713 ipsis
1552 3644 1653 3694 terrae

370 3741 498 3821 plagam
514 3759 611 3819 penes
632 3740 756 3800 Glinam
781 3751 811 3800 et
835 3741 959 3801 Vnnam
983 3742 1228 3820 apprehendere,
1249 3749 1281 3800 et
1297 3760 1335 3801 eo
1352 3742 1468 3820 aliquot
1484 3742 1654 3801 eorundem

371 3847 493 3907 centeni
526 3847 584 3906 viri
616 3847 790 3908 habitatum
823 3867 856 3907 se
889 3849 1040 3918 consenc,
1073 3849 1251 3926 ibidemque
1274 3847 1305 3907 in
1330 3848 1502 3908 subsidium
1527 3857 1557 3908 et
1581 3850 1653 3908 alle·

371 3974 484 4014 vamen
508 3954 704 4014 dominorum
729 3963 865 4014 statuum
891 3956 1122 4035 aequivalentia
1148 3955 1299 4015 moderno
1323 3955 1461 4034 ipsorum
1486 3957 1571 4015 oneri
1589 3975 1649 4015 ser-

371 4062 446 4121 vitia
469 4060 615 4120 militaria
639 4070 801 4139 praestare
826 4070 1000 4125 teneantur.

855 4253 999 4334 (Ceteris
1020 4254 1171 4333 emissis)

902 4404 1000 4464 Lecta
1033 4421 1090 4482 per
1123 4404 1309 4483 magistrum
1337 4405 1510 4485 Georgium
1538 4405 1607 4464 Ple·

905 4512 1001 4584 mich,
1037 4511 1170 4589 praelati
1205 4511 1296 4590 regni
1330 4512 1605 4589 prothonotariurn.

903 4621 989 4680 [dem
1013 4638 1053 4682 m.
1077 4639 1106 4697 p.

473 4756 627 4829 originale,
647 4760 748 4813 subtus
768 4761 898 4828 oppressi
918 4759 1002 4830 sigilli
1021 4761 1101 4830 regni
1121 4760 1281 4830 vestigium.
1301 4761 1332 4812 ln
1351 4759 1466 4814 archivo
1491 4777 1602 4830 regnor.
1622 4759 1653 4813 C.

365 4849 394 4901 S.
414 4856 442 4900 et
461 4849 509 4901 D.:
528 4849 677 4902 Protocoll.
697 4850 949 4918 congregationum
970 4851 1049 4919 regni
1069 4849 1242 4920 generalium
1262 4866 1285 4902 a.
1308 4849 1384 4902 1702.
1404 4866 1430 4916 p.
1449 4848 1599 4903 ase-346.

476 4938 558 4992 Hunc
579 4937 726 4992 articulum
746 4954 770 4992 a,
792 4936 869 4991 1703.
890 4938 931 4991 12.
952 4939 1114 4991 decembris
1133 4955 1184 4990 rex
1203 4937 1368 5007 Leopoldus
1387 4939 1406 4992 l.
1426 4936 1504 4992 luxta
1523 4946 1652 4992 tenorem
