3934 5550
386 446 452 507 240

492 658 639 729 Originale
658 659 686 711 in
705 658 820 712 archivo
840 674 949 729 regnor.
970 657 1001 712 C.
1026 656 1054 711 S.
1080 665 1110 711 et
1133 658 1187 711 D.:
1217 657 1408 711 Protocollurn
1435 658 1558 729 general.
1589 660 1669 728 regni

387 749 639 819 congregationum
659 764 683 801 a.
704 747 782 801 1707.
803 765 829 815 p.
849 746 1009 802 429.—4to.

496 890 503 919 ¹
523 891 633 945 scilicet
652 891 795 947 articulus.

977 1175 1083 1251 101.

493 1380 585 1440 Anno
615 1376 705 1438 1707.
730 1376 783 1440 31.
806 1379 888 1439 maii.
912 1378 1089 1439 Varasdini.

385 1572 508 1638 Status
532 1574 563 1635 el
587 1572 725 1637 ordines
747 1571 851 1659 regni
871 1592 889 1637 e
907 1570 1079 1635 nobilibus
1102 1570 1226 1657 Compi
1246 1572 1433 1658 Turopolia
1458 1590 1521 1637 100
1540 1572 1669 1658 pedites

742 1679 790 1744 ad
811 1678 1101 1766 belligerationem
1123 1679 1300 1746 ordi-noni.

493 1879 600 1939 Acta
624 1888 663 1939 et
694 1878 869 1939 articuli
900 1878 1158 1939 dominorum
1189 1886 1376 1939 statuum
1404 1887 1443 1940 et
1474 1879 1666 1940 ordinum

385 2006 609 2067 regnorum
634 1986 883 2061 Dalmatiae,
907 1984 1109 2046 Croatiae
1133 1994 1173 2046 et
1196 1986 1460 2063 Solanoniae,
1483 1987 1523 2046 in
1546 2006 1654 2068 gene

386 2094 468 2155 rali
492 2115 630 2155 eorum
654 2094 1003 2177 congregatione,
1038 2095 1273 2170 Varasdini,
1297 2095 1571 2173 praesidente
1607 2116 1667 2155 ex·

389 2203 558 2268 cellent.
581 2202 744 2264 domino
768 2203 919 2263 comite
944 2204 1099 2263 loanne
1123 2202 1273 2280 Paliiy,
1296 2202 1587 2281 praelatorum
1611 2221 1666 2262 re·

385 2330 565 2391 gnorum
589 2312 702 2388 bane,
726 2330 875 2372 sacrae
899 2330 1005 2373 caes.
1035 2312 1270 2393 regiaeque
1302 2311 1546 2372 maiestatis
1577 2331 1666 2372 con·

386 2418 567 2495 siliario,
590 2419 840 2494 camerario,
865 2418 1009 2497 Campi
1033 2419 1278 2479 cavaleriae
1309 2419 1517 2500 generali,
1541 2419 1665 2479 unius

389 2526 612 2607 regiminis
635 2526 969 2588 catafractorum
1006 2528 1227 2601 colonello,
1262 2545 1333 2605 pro
1368 2527 1434 2587 die
1468 2524 1521 2588 31.
1555 2526 1662 2603 maii,

382 2653 487 2695 anuo
511 2633 662 2695 domini
691 2632 783 2696 1707.
807 2634 1026 2694 celebrata
1048 2633 1247 2697 conclusi.

932 2826 1113 2893 Primus'.

490 2976 540 3035 Ad
564 2974 733 3052 benignam
757 2993 834 3034 suae
859 2981 970 3034 sacrat.
996 2973 1168 3034 maiestatis
1192 2972 1435 3052 requisitionem,
1458 2973 1577 3033 domini
1600 2981 1662 3032 sta·

382 3091 432 3142 tus
457 3091 488 3142 et
511 3081 636 3142 ordines
659 3101 716 3160 pro
741 3081 833 3141 huius
857 3081 953 3142 etiam
977 3081 1050 3142 anni
1073 3081 1309 3162 belligeratione
1333 3081 1364 3142 in
1393 3090 1500 3160 partes
1530 3083 1661 3162 Hungu-

382 3190 447 3252 riae
471 3188 724 3250 Cisdanubianas
747 3189 899 3267 deputant
922 3208 961 3249 ex
986 3188 1128 3248 confiniis
1151 3188 1271 3268 equites
1308 3187 1401 3264 1200,
1430 3207 1486 3268 per
1518 3188 1661 3250 dominos

381 3297 639 3357 commendantes
663 3297 713 3356 vel
737 3315 845 3356 eorum
869 3295 1087 3376 vicegerentes
1111 3315 1167 3375 pro
1191 3304 1331 3376 tempore
1365 3306 1395 3356 et
1429 3297 1507 3369 loco,
1542 3295 1595 3356 nbi
1629 3303 1661 3356 et

380 3405 454 3465 dum
487 3423 545 3464 sua
579 3403 761 3464 excellentia
795 3403 917 3464 banalis
952 3403 1077 3464 iusserit
1111 3403 1303 3466 statuendos.
1339 3401 1474 3484 (ceteris
1507 3399 1659 3484 emissis)

487 3510 615 3571 Nobiles
631 3512 671 3571 de
687 3510 857 3588 Turopolia
872 3510 994 3590 pedites
1014 3508 1085 3588 100,
1100 3529 1183 3590 quae
1198 3510 1315 3584 militia,
1339 3519 1374 3570 ut
1395 3511 1454 3570 sub
1470 3512 1660 3571 commanda

382 3620 488 3682 excell.
512 3617 629 3679 domini
653 3618 774 3678 comitis
797 3619 871 3678 bani
895 3619 925 3678 in
950 3619 1104 3697 stipendio
1129 3628 1160 3678 et
1184 3637 1309 3679 annona
1332 3638 1410 3679 suae
1442 3627 1554 3680 sacrat.
1578 3619 1659 3680 mai·

381 3727 489 3790 estatis
521 3727 637 3801 militet,
661 3726 777 3787 domini
801 3735 902 3787 status
926 3735 957 3786 et
980 3726 1107 3787 ordines
1129 3726 1160 3786 in
1183 3727 1322 3807 benigna
1345 3746 1421 3788 suae
1445 3737 1558 3788 sacrat.
1582 3728 1659 3788 mai·

382 3835 491 3896 estatis
513 3833 693 3914 provisione
716 3834 885 3900 confidunt.

850 4025 1001 4106 (Ceteris
1023 4025 1185 4111 emonis).

484 4169 630 4240 Originale
640 4169 828 4238 protocollum
840 4186 973 4240 congreg.
984 4169 1064 4240 regni
1084 4186 1107 4222 a.
1122 4169 1200 4224 1707.
1213 4185 1277 4240 pag.
1297 4170 1357 4224 447.
1377 4171 1407 4223 ln
1419 4171 1532 4225 archivo
1547 4187 1659 4240 regnor.

379 4259 410 4315 C.
429 4261 456 4314 S.
477 4267 506 4314 et
524 4259 558 4312 D.
578 4259 739 4330 Zagrabiae.

439 4353 590 4360 -m——--

490 4387 496 4415 ¹
515 4387 625 4442 scillcet
643 4387 787 4442 articulus.
