3934 5550
901 647 993 727 Οἱ*
1071 680 1074 687 ·

398 856 491 916 Anno
518 853 610 917 1662.
635 855 686 916 27.
710 857 866 918 februarii.
891 858 1079 938 Zagrabiae.

291 1048 475 1115 Articuius
498 1049 538 1115 de
560 1049 845 1115 administrando
867 1050 1024 1115 srebsidio
1039 1052 1238 1116 annonario
1261 1052 1367 1116 etiam
1386 1052 1426 1116 in
1444 1050 1573 1137 Campo

716 1156 904 1243 Turopolia
926 1156 1170 1222 observandus.

400 1374 583 1435 Articuli
615 1373 874 1434 dominorum
907 1382 1092 1435 statuum
1123 1384 1164 1435 et
1197 1374 1389 1435 ordinum
1423 1394 1571 1457 regno·

295 1503 376 1545 rum
401 1481 606 1542 Croatiae
631 1490 671 1541 et
693 1481 960 1557 Sclauoniae,
983 1482 1024 1542 in
1047 1482 1248 1563 generali
1271 1482 1459 1562 ipsorum
1483 1502 1573 1544 eon·

291 1590 560 1673 gregatione,
584 1608 630 1649 ex
654 1588 797 1650 edicto
829 1589 1190 1650 excellentissimi
1222 1583 1380 1651 domini
1411 1592 1573 1652 domini

289 1696 463 1759 comitis
486 1696 661 1759 Nicolai
684 1696 886 1776 perpetui
918 1696 1103 1757 aZrinio
1135 1706 1217 1772 etc,
1240 1716 1462 1779 regnorum
1485 1698 1573 1759 Dal·

291 1805 457 1879 matiae,
481 1803 689 1864 Croatiae
713 1813 752 1863 et
775 1803 1038 1864 Selauoniae
1070 1804 1181 1879 bani,
1214 1805 1574 1867 reverendissimo

292 1912 460 1973 domino
492 1911 662 1989 domino
695 1910 819 1969 Petro
857 1908 1087 1983 Petretich,
1121 1910 1324 1991 episeopo
1359 1913 1574 1973 ecclesiae

294 2017 613 2099 Zagrabiensis,
637 2035 710 2095 per
734 2017 909 2077 eundem
934 2016 1129 2077 comitem
1159 2014 1308 2078 barrum
1332 2017 1370 2078 in
1393 2038 1575 2098 persona

295 2146 367 2188 sua
392 2126 629 2206 subrogato
654 2132 693 2185 et
716 2118 1006 2204 praesidente,
1038 2144 1110 2205 pro
1141 2126 1207 2186 die
1240 2126 1455 2207 vigesima
1489 2147 1575 2206 sep·

294 2235 395 2295 tima
417 2232 576 2294 mensis
600 2232 820 2306 februarii,
844 2232 881 2292 in
905 2251 1010 2292 anno
1044 2232 1198 2292 domini
1230 2234 1460 2294 millesimo
1491 2254 1574 2295 sex·

295 2342 528 2403 centesimo
551 2340 823 2420 sexagesimo
847 2341 1043 2418 seeund0,
1074 2341 1313 2420 Zagrabiae
1348 2341 1577 2417 celebrata,

295 2450 498 2510 conclusi

402 2558 442 2617 Et
466 2557 617 2637 imprimis
642 2556 790 2618 articulus
814 2556 853 2617 de
878 2556 1017 2621 subsidio
1041 2556 1213 2617 annonario
1243 2558 1306 2617 iam
1331 2565 1425 2618 antea
1447 2557 1479 2618 in
1502 2577 1576 2619 con·

296 2665 487 2747 gregatione
510 2664 602 2725 huius
619 2664 718 2744 regni,
742 2664 792 2725 die
816 2664 951 2742 septima
974 2671 1005 2725 et
1028 2672 1143 2724 octava
1173 2664 1291 2724 mensis
1321 2664 1463 2741 ianuarii,
1493 2684 1577 2726 anno

297 2772 415 2835 domini
448 2772 611 2834 millesimo
645 2771 874 2833 sexcentesimo
905 2772 1107 2857 sexagesimo
1138 2772 1307 2834 Uarasdini
1338 2774 1490 2848 conditus,
1521 2794 1578 2854 per

297 2882 403 2942 omnia
427 2889 475 2942 est
499 2889 676 2954 renovatus,
703 2901 774 2941 cum
799 2900 838 2942 ea
861 2881 1083 2954 declaratione,
1106 2889 1140 2940 ut
1164 2881 1282 2941 domini
1314 2889 1480 2942 terrestres
1511 2891 1576 2942 tam

298 3009 354 3070 pro
379 3008 413 3049 se
438 3006 532 3067 quarn
556 3009 613 3069 pro
637 2988 768 3048 subditis
785 2988 858 3063 suis,
883 2995 914 3048 et
936 2987 1054 3068 oppida
1076 3007 1201 3068 quoque
1216 2988 1375 3048 Zamobor
1390 2998 1422 3048 et
1436 2988 1587 3072 Krapina¹

298 3116 318 3158 a
349 3096 480 3177 singulis
511 3095 604 3156 tumis
636 3097 716 3156 duas
747 3104 897 3156 metretas
928 3095 1159 3157 Uarasdienses
1191 3096 1322 3176 siliginis
1355 3097 1406 3156 vel
1428 3096 1514 3156 millii
1538 3115 1577 3156 ex

299 3204 448 3264 comitatu
472 3203 685 3276 Uarasdiensi,
709 3200 844 3284 (celeris
865 3199 1022 3279 emissis)
1056 3223 1157 3283 usque
1189 3204 1229 3264 ad
1259 3203 1372 3263 testum
1406 3202 1578 3280 Paschatis,

297 3311 437 3392 proxime
457 3311 623 3370 affuturum
631 3306 649 3386 ¹,
670 3310 887 3370 administrare
903 3311 1047 3385 debeant,
1072 3312 1130 3370 sub
1153 3329 1257 3391 poena
1272 3311 1304 3370 in
1320 3311 1432 3371 eodem
1448 3310 1578 3370 articulo

298 3419 393 3498 priori
416 3419 574 3480 denotata
599 3415 734 3499 (ceteris
756 3415 923 3493 emissis).
945 3417 1075 3478 Nobiles
1099 3436 1224 3497 quoque
1247 3418 1339 3478 unius
1363 3417 1524 3491 sessionis,
1548 3426 1579 3477 et

298 3526 477 3586 annalistae
502 3524 654 3603 quaterni,
680 3525 923 3604 Turopolienses
947 3544 1023 3585 vero
1055 3526 1124 3585 seni
1155 3545 1251 3585 unum
1281 3526 1422 3604 quartale
1453 3524 1485 3584 in
1516 3526 1576 3584 Za-

298 3631 466 3714 grabiensi,
492 3629 628 3711 (celeris
650 3629 802 3706 emissis)
828 3633 859 3693 in
883 3633 1024 3692 terminis
1046 3632 1237 3711 praemissis,
1267 3634 1325 3693 sub
1357 3651 1461 3712 poena
1491 3642 1578 3692 ante·

300 3744 365 3805 lata
388 3741 606 3801 administrare
626 3748 807 3814 teneantur;
833 3740 968 3821 alioquin
992 3740 1111 3801 iudices
1134 3740 1283 3800 nobilium
1307 3740 1339 3799 in
1363 3741 1428 3801 suis
1451 3760 1576 3822 proces·

300 3851 387 3911 sibus
417 3868 474 3929 per
508 3848 704 3909 vadiationes
736 3847 932 3908 dominorum
961 3847 1164 3921 terrestrium,
1197 3843 1334 3926 (celeris
1362 3843 1517 3928 emissis)
1550 3856 1581 3908 et

299 3976 357 4038 per
379 3956 604 4036 occupationes
627 3958 817 4034 colonorum,
840 3963 987 4034 tampro
1010 3954 1079 4033 ipso
1099 3954 1225 4033 capitali
1241 3954 1381 4015 subsidio
1398 3956 1580 4032 annonari0,
1661 3973 1664 3977 ·

300 4084 395 4145 quam
418 4083 476 4145 pro
507 4063 683 4143 semidupla
714 4063 856 4124 eiusdem
887 4063 1105 4123 executionem
1136 4063 1379 4141 peremptoriam
1412 4063 1580 4142 superinde

299 4173 405 4236 iacere
428 4173 565 4233 debeant
589 4181 684 4252 atque
707 4170 836 4250 possint
860 4169 1024 4231 Molitores
1049 4170 1143 4230 etiam
1167 4169 1199 4230 in
1221 4169 1326 4230 fluviis
1343 4171 1440 4248 Zauo,
1463 4170 1582 4250 Drauo,

299 4281 397 4355 Odra,
421 4279 552 4358 Bednia,
575 4280 725 4341 Plituicza
749 4287 781 4340 et
804 4279 968 4352 Drauicza,
993 4278 1135 4358 Krapina
1165 4285 1197 4338 et
1228 4277 1483 4357 Krapinschicza,
1516 4287 1581 4338 tres

300 4390 350 4451 vel
375 4390 454 4449 duas
478 4396 564 4449 rotas
588 4387 722 4448 maiores
746 4383 909 4463 habentes,
932 4405 1029 4446 unam
1051 4391 1217 4445 metretam
1241 4385 1291 4444 vel
1315 4385 1457 4463 quartale
1474 4403 1580 4466 vagan

299 4504 447 4557 vocatum
470 4495 556 4568 millii
580 4496 631 4556 vel
654 4490 786 4576 siliginis
809 4491 904 4555 modo
927 4491 1102 4572 praemisso
1126 4491 1344 4552 administrare
1368 4485 1512 4554 debeant.

784 4705 921 4791 (celeris
942 4703 1104 4788 emissis).

354 4826 359 4834 ⁷
409 4855 506 4916 Lecta
537 4872 594 4932 per
624 4872 675 4912 me
707 4853 893 4933 magistrum
925 4851 1073 4912 Ioannem
1106 4850 1285 4927 Zakmardy
1316 4852 1356 4912 de
1388 4851 1583 4927 Dianlroucz,

303 4961 550 5041 protonotarium
573 4961 672 5039 regni.
696 4961 782 5020 Idem
805 4981 845 5022 m.
869 4979 898 5037 p.
