3934 5550
1553 445 1620 516 299

340 657 461 725 Mathia
485 673 516 726 et
540 662 700 745 Stephano
723 669 919 746 emanatae);
943 667 1064 727 Nicolai
1081 667 1247 742 Mikssich3
1266 668 1405 728 Mathiae
1421 668 1619 748 Kerpachich

340 771 429 831 aliter
453 773 595 851 Kerpecz
619 781 651 832 et
674 773 801 833 Martini
825 775 1012 835 Bussevecz.

442 895 632 950 Protocollum
652 897 731 966 regni
750 912 884 966 congreg.
904 913 928 951 a.
949 895 1026 950 17⁶2.
1046 912 1109 966 pag.
1129 895 1191 950 645.
1211 893 1240 950 in
1259 898 1376 951 archivo
1396 913 1508 967 regnor.
1529 896 1570 964 C.,
1590 897 1610 950 S

338 991 367 1036 et
386 983 420 1038 D.
441 984 602 1056 Zagrabiae.

920 1232 1029 1306 m.

446 1401 538 1464 Anno
567 1397 659 1463 1758.

451 1563 557 1624 »Lista
580 1563 728 1622 nobilium
753 1561 865 1641 Campi
890 1564 1079 1642 Turopolya,
1103 1563 1156 1641 qui
1180 1563 1288 1623 ultima
1312 1563 1390 1637 vice,
1414 1563 1445 1622 in
1469 1581 1552 1622 auno
1575 1563 1620 1622 vi·

340 1669 453 1729 delicet
480 1665 572 1731 1758.
597 1670 654 1730 sub
679 1669 844 1748 capitaneo
868 1671 967 1729 Paulo
992 1667 1114 1729 Modics
1139 1678 1248 1730 contra
1270 1671 1444 1730 Borussum
1460 1670 1500 1729 ad
1517 1680 1620 1730 castra

340 1777 503 1836 exiverunt
527 1757 559 1838 et
582 1776 752 1856 quidemr:

446 1885 491 1942 Ex
516 1885 766 1964 possessionibus
789 1883 879 1945 Inter.
904 1893 934 1944 et
957 1885 1067 1962 Super.
1091 1885 1267 1958 Lukavecz,
1291 1884 1480 1943 Rakitovecz
1504 1904 1605 1945 nemo

555 1993 601 2051 Ex
627 1993 770 2053 Hrasche
795 1989 822 2054 3.
1089 1993 1136 2050 Ex
1161 1992 1328 2052 Kurilovec
1350 1990 1381 2054 9.

576 2123 589 2154 »
628 2098 704 2175 Maj.
728 2099 835 2160 Mlaka
859 2097 888 2159 9.
1109 2124 1122 2152 ι
1161 2099 1331 2160 Lomnicza
1358 2097 1405 2161 12.

496 2201 503 2210 '
579 2231 592 2264 ι
632 2207 775 2268 Kobilich
800 2206 828 2268 4.
1106 2233 1120 2260 ι
1159 2207 1345 2267 Dubranecz
1369 2205 1399 2268 9.

578 2339 591 2370 a
631 2317 741 2376 Pleszo
766 2315 794 2376 5.
1109 2339 1121 2370 »
1160 2314 1354 2375 Gustilnicza
1378 2312 1407 2375 2.

561 2417 589 2476 'n
629 2423 774 2500 Rakarye
798 2420 828 2483 3.
1107 2446 1119 2477 »
1160 2423 1375 2482 Pervonosiua
1399 2420 1427 2482 4.

577 2553 589 2585 s
629 2531 723 2610 Nagy
748 2529 882 2590 Goricza
907 2529 935 2592 2‘.
1108 2555 1120 2585 i>
1158 2530 1370 2591 Czerowszko
1393 2532 1496 2590 Berdo
1525 2529 1573 2591 10.

577 2662 589 2693 2>
629 2639 686 2697 Kis
710 2638 844 2698 Goricza
868 2635 897 2700 8.
1109 2661 1123 2692 ›
1162 2639 1383 2697 Bukowschak
1406 2635 1435 2698 6.

575 2770 588 2803 s
628 2746 737 2807 Kuche
765 2745 813 2808 ll.
1108 2768 1121 2801 a
1161 2745 1437 2806 Cz'vetkovichevo
1461 2745 1564 2805 Berdo
1589 2743 1617 2807 4.

580 2878 593 2909 »
633 2856 811 2915 Bussevecz
835 2852 865 2915 9.
1108 2877 1121 2909 >
1165 2854 1376 2914 Vukomerich
1399 2851 1429 2913 6.

578 2986 590 3017 »
630 2962 791 3039 Mraczlyn
816 2968 847 3021 et
871 2962 954 3021 Laze
983 2958 1030 3024 16.
1109 2985 1122 3015 ›>
1159 2961 1384 3041 Dragonosecz
1412 2958 1461 3022 i4.

451 3071 482 3129 ln
507 3077 572 3129 toto
600 3067 670 3143 146,
694 3070 746 3149 qui
771 3069 955 3130 nominatim
980 3069 1010 3127 in
1035 3070 1105 3128 lista
1128 3068 1236 3128 inserti
1260 3077 1339 3129 sunt.

457 3176 536 3255 »Qui
560 3177 744 3255 praeinserti
769 3176 905 3237 universi
929 3176 1072 3236 homines
1095 3196 1133 3235 ex
1158 3174 1360 3236 revellatione
1384 3174 1521 3235 iudicum
1546 3174 1620 3235 alio-

347 3304 477 3364 rumque
514 3284 719 3363 complurium
750 3284 911 3343 hominum
942 3284 973 3343 in
1008 3284 1203 3361 praeinserto
1235 3291 1352 3363 puncto
1385 3283 1622 3361 conscriptionis

345 3392 486 3452 notitiam
510 3392 691 3451 habentium
716 3400 746 3451 et
769 3390 1039 3451 disintersatorum
1063 3391 1222 3451 connotati
1246 3390 1373 3451 suntin
1405 3390 1529 3468 publico
1552 3410 1622 3469 par-

345 3499 465 3559 ticulari
489 3517 679 3579 congressus
703 3498 754 3559 die
778 3495 806 3559 8.
831 3498 948 3559 mensis
972 3498 1120 3558 februarii
1144 3518 1227 3559 anno
1255 3496 1348 3561 1779.
1371 3498 1447 3577 Nag
1470 3498 1622 3559 Goriczae

345 3607 451 3667 habita
475 3608 752 3687 congregatione«.

720 3753 781 3813 Per
804 3772 854 3813 me
876 3754 1023 3813 loannem
1046 3750 1260 3813 Sznovrovich
1277 3751 1361 3815 univ.
1376 3752 1447 3812 nob.
1465 3750 1579 3830 Campi

667 3860 847 3938 Turop01ya
870 3860 958 3919 iurat.
991 3860 1255 3920 viceassessorem
1286 3868 1318 3919 ct
1348 3860 1503 3920 notarium
1526 3880 1566 3921 m.
1594 3880 1623 3939 p.

450 3982 596 4054 Originale
624 3984 814 4049 chartaceum,
846 3985 875 4037 in
901 3984 1016 4038 archivo
1040 4000 1183 4038 commun.
1209 3985 1274 4038 nob.
1300 3985 1338 4039 de
1363 3983 1525 4053 Turopolje.
1550 3982 1624 4037 Con·

344 4073 522 4140 scriptiones.

932 4324 1039 4401 m.

451 4444 543 4549 {inno
571 4485 663 4551 1766.
688 4485 739 4550 24.
764 4488 845 4553 maii.
870 4490 904 4549 ln
928 4489 1002 4581 Kiss
1026 4490 1142 4549 Mlaka.

451 4650 578 4711 Gabriel
602 4652 748 4713 Skerlecz
772 4652 810 4713 G.
836 4652 943 4727 maior,
969 4655 1060 4727 (com.
1084 4650 1197 4729 Campi
1221 4650 1468 4729 Turopoliensis)
1485 4650 1559 4731 quia
1583 4649 1625 4710 ob

345 4756 502 4819 sinistram
526 4760 737 4821 valetudinem
763 4760 802 4821 ad
826 4759 1106 4841 congregationem
1131 4759 1221 4838 regni
1253 4760 1431 4839 Zagrabiac
1464 4755 1520 4821 26.
1549 4759 1623 4818 maii

345 4866 518 4945 praefixam
542 4868 648 4927 venire
672 4887 734 4928 non
758 4877 870 4947 potest,
895 4869 1043 4928 Ioannem
1075 4867 1233 4945 Plepelich
1265 4886 1321 4945 pro
1352 4875 1444 4945 parte
1476 4866 1624 4927 nobilium

345 4974 458 5052 Campi
483 4975 661 5052 Turopolia,
685 4976 770 5035 vices
783 4994 868 5053 ¹suas
892 4984 1138 5042 sustentaturum
1163 4974 1400 5043 substituturum
1435 4974 1624 5059 denominat.
