3934 5550
398 400 463 465 528

395 619 529 696 Quando
564 617 690 698 quidem
723 624 794 695 post
826 616 957 695 primam
987 615 1066 675 in'ter
1097 615 1225 676 eosdem
1257 615 1376 676 nobiles
1400 615 1515 676 iactam
1539 633 1674 677 conven-

395 725 521 800 tionem,
547 726 586 784 ab
610 725 721 785 eadem
755 724 961 784 conventione
1000 723 1190 797 recessisset,
1215 732 1246 784 et
1269 724 1478 802 particulatim
1502 724 1676 803 praemissa

395 835 477 894 bona
501 835 637 894 vendere
655 832 818 911 coepisset,
835 832 947 892 eadem
963 832 1170 892 communitas
1193 832 1224 890 in
1248 831 1301 890 tali
1326 831 1530 912 ambiguitate
1555 833 1671 906 haeret,

397 942 501 1021 itaque
526 941 685 1020 praefatus
702 940 845 1000 dominus
866 940 1033 1013 Malenich,
1050 940 1075 998 si
1092 939 1240 1018 quicquid
1256 940 1458 1017 imposterum
1476 959 1547 999 cum
1565 941 1676 1000 eadem

397 1051 618 1112 communitate
641 1049 762 1109 ratione
785 1067 893 1109 eorum
909 1049 1063 1108 bonorum
1086 1057 1221 1108 tractare
1238 1047 1311 1119 vult,
1328 1048 1359 1108 id
1376 1067 1500 1126 semper
1516 1048 1546 1108 in
1563 1047 1679 1126 scripto

396 1158 453 1217 sub
478 1177 535 1218 sua
558 1156 683 1236 propria
707 1175 803 1215 manu
826 1164 857 1215 et
880 1175 943 1215 non
967 1155 1058 1214 nudis
1083 1155 1186 1214 verbis
1210 1155 1363 1214 tractabit

503 1283 532 1345 2.
555 1283 655 1343 Sedes
679 1281 794 1342 domini
815 1281 935 1342 comitis
952 1282 1127 1340 celebretur
1142 1280 1220 1340 seria
1235 1280 1383 1354 secunda,
1399 1281 1489 1340 tertia
1507 1289 1538 1339 et
1555 1289 1677 1358 quarta,
1739 1290 1743 1302 ·

401 1391 549 1470 proximis
573 1394 643 1468 post
665 1389 779 1449 festum
802 1387 950 1449 Omnium
974 1389 1170 1464 Sanctorum,
1194 1388 1354 1467 proximae
1380 1383 1569 1448 affuturum⁸.

505 1515 534 1578 3.
558 1517 608 1577 Ad
633 1516 731 1577 verba
753 1515 885 1595 praefati
909 1515 1039 1595 Georgii
1056 1515 1220 1588 Malenich,
1236 1533 1293 1594 per
1309 1534 1399 1574 suum
1415 1515 1564 1574 lamulum
1582 1515 1678 1575 Geczi

399 1626 527 1699 dictum,
559 1625 686 1684 domino
717 1623 820 1683 comiti
853 1623 1003 1696 nuntiata,
1034 1623 1153 1683 ratione
1177 1622 1283 1682 famuli
1307 1622 1438 1682 Valachi
1461 1622 1516 1682 llia
1540 1622 1621 1682 dicti.
1648 1621 1678 1681 in

402 1732 583 1811 captivitate
613 1731 737 1809 publica
767 1731 808 1790 ad
842 1748 994 1808 praesens
1026 1729 1194 1804 existentis,
1218 1737 1252 1788 ut
1275 1729 1420 1789 videlicet
1443 1729 1609 1789 terminum
1635 1729 1679 1788 iu-

400 1839 471 1899 dicii
494 1838 651 1918 praefigat
674 1838 817 1897 dominus
841 1855 957 1910 comes,
981 1837 1093 1897 eadem
1117 1837 1324 1896 communitas
1341 1855 1375 1896 se
1391 1837 1527 1912 resolvit,
1543 1846 1576 1895 ut
1592 1837 1675 1895 idern

398 1945 557 2026 Georgius
591 1944 749 2004 Malenicb
771 1944 928 2023 quendam
953 1944 1117 2004 Nicolaum
1142 1944 1253 2018 Haido,
1277 1945 1422 2005 colonum
1446 1963 1546 2017 suurn,
1570 1943 1600 2003 in
1624 1944 1680 2002 fla·

397 2054 501 2134 granti
532 2053 698 2113 homicidio
729 2053 981 2130 depraehensum
1006 2061 1037 2112 et
1061 2060 1195 2130 captum,
1220 2052 1250 2112 in
1274 2052 1408 2112 termino
1439 2069 1495 2130 per
1518 2051 1679 2111 dominum

332 2221 335 2227 ,
400 2160 545 2220 comitem
568 2159 781 2239 praefigendo
805 2159 863 2218 iuri
886 2166 1024 2231 statuat,
1056 2159 1139 2218 idern
1163 2159 1307 2219 dominus
1338 2177 1443 2219 comes
1475 2159 1557 2219 dicto
1590 2158 1680 2218 Eliae

398 2267 564 2328 terminum
588 2266 734 2346 praefigit
757 2267 788 2325 in
805 2265 913 2345 vigilia
936 2264 1084 2326 Omnium
1109 2266 1294 2326 Sanctorum
1318 2266 1457 2345 proxime
1482 2262 1676 2344 praeterita⁹.

398 2375 479 2434 Nam
509 2382 541 2433 et
570 2391 684 2451 parens
708 2373 848 2432 eiusdem
872 2371 1002 2453 Georgii
1027 2373 1184 2432 Malenicb
1215 2374 1294 2433 tales
1324 2374 1541 2434 malefactores
1565 2373 1596 2432 in
1621 2393 1678 2451 pu-

398 2481 511 2540 blicam
543 2479 757 2558 captivitatem
790 2487 821 2540 et
852 2498 996 2540 carceres
1028 2479 1168 2540 eiusdem
1200 2479 1368 2540 nobilitatis
1400 2481 1524 2541 tradere
1549 2499 1583 2540 se
1607 2497 1678 2558 pro·

401 2587 510 2663 missit,
534 2587 578 2648 uti
601 2606 639 2648 ex
663 2588 824 2667 protocolo
849 2594 980 2648 constat.

506 2721 536 2785 4.
560 2722 611 2783 Ad
640 2723 742 2783 minas
773 2721 1015 2783 instantissimas
1046 2721 1167 2803 egregii
1199 2722 1328 2803 Georgii
1358 2723 1513 2784 Malenich
1550 2722 1680 2805 egregio

404 2832 567 2891 Matthaeo
581 2831 752 2911 Pogledich
775 2830 884 2904 factas
908 2829 975 2889 sive
991 2838 1122 2889 mortem
1140 2830 1206 2889 sive
1222 2830 1359 2890 crudelia
1376 2832 1508 2891 verbera
1523 2832 1678 2904 minantis,

399 2939 602 2999 exmittuntur
635 2938 756 3019 egregii
779 2938 887 2997 Simon
910 2938 1078 2997 Pliuschak
1102 2945 1133 2997 et
1156 2938 1291 2997 Michael
1316 2938 1441 3008 Mixich,
1474 2939 1527 3018 qui
1558 2939 1676 3000 eiusce·

401 3048 485 3106 modi
509 3047 610 3107 minas
634 3066 671 3105 ex
695 3054 784 3124 parte
818 3046 1049 3105 communitatis
1072 3065 1129 3124 pro
1153 3046 1235 3105 serio
1259 3046 1475 3124 prohibebunt,
1506 3048 1553 3108 sin
1586 3047 1680 3107 absti-

398 3173 473 3215 nere
497 3154 638 3229 noluerit,
661 3154 924 3233 protestabuntur,
949 3160 980 3213 et
1003 3154 1083 3213 tales
1106 3153 1207 3214 minas
1231 3154 1396 3214 coercendi
1411 3154 1496 3215 viam
1511 3154 1682 3215 habebunt.

509 3278 538 3339 5.
562 3281 623 3341 Pro
655 3280 797 3340 custodia
828 3280 937 3360 gregis
969 3298 1119 3357 pecorum
1142 3278 1173 3339 in
1199 3278 1318 3339 Bunzki
1350 3281 1441 3360 Lugh
1465 3299 1484 3340 a
1507 3280 1626 3341 furibus
1651 3287 1682 3339 et

403 3385 470 3447 aliis
496 3386 684 3447 adversariis
720 3386 897 3461 inserendis,
921 3405 1031 3447 omnes
1055 3387 1241 3447 unanimiter
1265 3387 1381 3461 volunt,
1405 3396 1439 3446 ut
1462 3387 1601 3447 seriatim
1625 3406 1681 3466 per

400 3512 501 3574 pagos
525 3493 673 3553 continua
695 3493 838 3555 custodia
866 3503 1008 3553 servetur
1043 3494 1100 3553 sub
1124 3513 1225 3572 poena
1257 3495 1450 3574 singulorum
1480 3495 1601 3555 dierum
1624 3496 1681 3554 flo-

403 3600 469 3661 reui
492 3600 704 3680 hungaricalis
721 3601 812 3660 unius
827 3600 1041 3660 communitati
1063 3601 1211 3661 cedentis
1235 3602 1340 3662 Series
1365 3603 1466 3682 prima
1489 3602 1684 3663 continuabit

405 3717 469 3769 tres
492 3707 656 3768 continuos
688 3708 764 3783 dies,
788 3708 927 3770 secunda
951 3708 1080 3769 totidem
1105 3708 1203 3769 etsie
1227 3709 1384 3789 deinceps.
1420 3711 1470 3770 Ab
1494 3712 1606 3771 eadem
1630 3731 1682 3770 cu·

407 3815 509 3876 stodia
533 3816 633 3875 coloni
657 3835 781 3895 quoque
804 3815 1012 3895 quorumlibet
1043 3815 1190 3875 nobilium
1226 3816 1340 3895 Campi
1372 3817 1596 3898 Zagrabiensis
1620 3838 1682 3877 uon

403 3922 615 3984 excluduntur.
640 3922 744 3983 Prima
768 3924 874 4001 itaque
898 3922 995 3983 series
1012 3922 1118 4001 incipit
1142 3924 1172 3983 in
1197 3925 1279 3983 Luse
1305 3932 1335 3983 et
1352 3926 1503 4001 Hrasche,
1518 3944 1555 3985 ac
1574 3927 1683 3985 Felseo

403 4031 579 4105 Lukauecz,
602 4030 722 4090 nobiles
738 4031 778 4091 de
795 4029 951 4090 montibus
968 4039 1097 4090 sanctae
1122 4031 1312 4091 Katherinae
1333 4032 1472 4092 similiter
1486 4033 1685 4093 includuntur

407 4138 439 4199 in
455 4140 588 4198 eandem
605 4138 792 4215 custodiam,
815 4138 973 4218 quaelibet
987 4138 1084 4199 series
1100 4118 1227 4219 triginta
1248 4139 1391 4199 homines
1406 4139 1576 4217 pixidarios
1600 4158 1683 4200 com·

404 4246 585 4325 prehendet,
610 4247 712 4327 lugari
736 4265 862 4326 quoque
886 4265 957 4305 cum
981 4246 1046 4306 suis
1069 4246 1213 4306 vaivodis
1236 4266 1307 4307 cum
1331 4246 1450 4307 eisdem
1471 4248 1684 4307 morabuntur.

403 4353 599 4413 Praemissae
623 4354 783 4414 custodiae
808 4362 840 4414 et
863 4354 1023 4413 hominurn
1048 4363 1138 4413 erunt
1161 4354 1313 4433 praefecti
1337 4355 1438 4435 iugari
1455 4374 1526 4415 curn
1544 4354 1684 4435 Georgio

403 4461 518 4522 Mixich
550 4470 581 4521 et
612 4460 750 4542 Georgio
787 4461 934 4521 Arbanaz
966 4462 1055 4522 aliter
1086 4464 1196 4523 Benak
1232 4472 1262 4522 et
1294 4464 1402 4523 tertius
1434 4464 1591 4545 Georgius
1627 4464 1684 4523 Pe·

405 4568 526 4647 pelych.

508 4702 559 4763 Ad
589 4704 770 4781 petitionem
801 4705 923 4785 egregii
950 4706 1074 4767 loannis
1098 4706 1219 4787 Vagich
1245 4708 1401 4767 relaxatur
1425 4706 1568 4767 custodia
1593 4726 1682 4785 prae·

401 4809 498 4870 missa
522 4811 562 4870 ad
585 4810 754 4890 pixidarios
778 4811 914 4890 quinque
938 4814 978 4872 ad
1003 4833 1098 4873 unam
1122 4814 1338 4891 septimanam,
1364 4824 1394 4874 et
1420 4814 1464 4873 sic
1490 4816 1529 4873 ab
1561 4816 1685 4895 integra

406 4918 548 4978 custodia
572 4919 747 4979 eliberatur.
