3934 5550
823 414 1020 474 ..Xffl-

360 694 515 759 praetextu
529 695 669 750 violentae
697 699 844 752 cuiusdam
865 683 1039 752 detentionis
1069 696 1180 764 providi
1199 697 1312 750 loannis
1340 695 1454 758 Zacher‚

359 782 460 848 coloni,
480 785 661 838 concordiam
681 787 808 840 ineunt.
837 825 843 838 .
872 826 879 838 .
909 795 925 838 .·
979 820 1450 841 ..............

298 871 339 924 79.
359 872 441 924 Αο00
462 871 539 926 1645.
559 873 715 944 Regestum
743 865 878 930 nobilium
898 875 996 943 Campi
1019 876 1215 946 Zagrabiensis
1266 911 1450 929 ......

295 960 338 1015 80.
358 963 441 1015 Αο00
467 961 544 1018 1643
571 963 756 1036 Consignaiio
784 974 939 1033 proventus
966 967 1177 1019 communitatis
1197 965 1334 1018 nobilium
1355 963 1455 1030 Campi

361 1051 592 1122 Zagrabiensis.
658 1094 663 1105 .
693 1092 701 1111 .
730 1097 735 1108 .
764 1094 771 1109 .
803 1097 806 1105 .
949 1082 956 1095 ·
1373 1091 1380 1108 .

296 1141 339 1195 81.
359 1142 442 1194 Auno
472 1141 548 1197 1646.
579 1143 620 1196 12.
649 1145 821 1198 novembris.
852 1145 975 1198 Posonii.
1001 1093 1201 1198 Fordinandus
1221 1146 1264 1198 ill.
1291 1092 1455 1214 Hungariae
1487 1145 1494 1223 ι’

360 1238 413 1284 ete.
434 1248 500 1298 1011,
520 1232 684 1304 Michaelem
706 1235 868 1302 Ztepanich,
889 1251 920 1288 ac
941 1252 993 1302 per
1012 1251 1077 1288 eum
1091 1235 1235 1300 Ioannem,
1253 1235 1405 1304 Georgium
1427 1241 1456 1286 et

360 1321 483 1376 Blasium
502 1322 574 1375 filios
594 1324 665 1390 eius,
677 1340 790 1377 necnon
803 1325 953 1378 Martinum
965 1325 1114 1391 Sipussich
1128 1325 1209 1377 aliter
1223 1325 1352 1394 Iaychay,
1370 1323 1455 1376 filios-

359 1429 415 1480 que
440 1412 502 1465 eius
527 1412 682 1480 Nicolaum,
708 1415 842 1467 loannem
863 1420 892 1466 et
909 1414 1034 1478 Petrum,
1061 1430 1093 1466 ac
1117 1414 1251 1466 loannem
1271 1413 1455 1482 Koprivnyak

268 1497 270 1500 ’
356 1501 437 1555 011101
465 1501 665 1568 Radichevich,
694 1504 814 1572 eiusque
843 1503 928 1556 filium
948 1503 1115 1556 Michaelem
1135 1505 1163 1556 in
1181 1511 1296 1556 coetum
1316 1502 1454 1555 nobilium

360 1592 486 1656 assumit,
505 1592 633 1660 ipsisque
653 1609 731 1645 arma
750 1609 801 1645 seu
821 1593 943 1662 insignia
962 1593 1123 1646 nobilitaria
1142 1593 1255 1647 confert
1302 1634 1306 1643 .
1336 1631 1343 1645 .
1372 1631 1378 1644 .
1444 1631 1450 1644 .

296 1679 340 1736 8⁰2.
359 1683 441 1734 Anno
463 1679 540 1733 1648.
567 1680 607 1734 13.
634 1681 775 1735 februarii.
795 1683 825 1735 Iu
846 1697 911 1735 arce
934 1684 1012 1752 regia
1030 1683 1173 1753 Pragensi.
1193 1677 1390 1735 Ferdinandus
1410 1681 1466 1737 111..

359 1770 522 1839 Hungariae
535 1777 589 1824 otc.
604 1787 662 1836 rex,
675 1772 751 1824 bano
771 1778 825 1824 etc,
843 1787 875 1825 ac
895 1787 958 1824 com
970 1774 991 1824 ti
1005 1773 1132 1824 terrestri
1146 1780 1175 1824 et
1187 1773 1330 1825 nobilibus
1354 1769 1454 1837 Campi

360 1859 556 1928 Zagrabiensis
576 1865 629 1913 etc.
648 1862 795 1927 praecipit,
811 1867 853 1918 ,ut
878 1861 1016 1915 Thomam
1037 1862 1170 1916 iilikulich
1197 1863 1233 1914 de
1261 1860 1455 1935 Brukonouca,

358 1949 516 2015 personalis
529 1951 708 2016 praesentiae
718 1951 807 2017 ipsius
818 1953 912 2021 regiae
927 1953 954 2004 in
967 1952 1079 2005 iudiciis
1089 1951 1339 2017 locumtenentem,
1353 1957 1452 2002 contra

361 2039 505 2107 quoslibet
524 2039 686 2110 illegitimos
704 2042 882 2108 impetitores
902 2048 956 2096 etc.
976 2049 1109 2095 tueantur
1189 2082 1193 2091 .
1260 2081 1265 2091 .
1294 2079 1302 2094 .
1331 2080 1336 2091 .
1367 2081 1371 2088 .
1403 2080 1407 2089 ·
1437 2079 1443 2090 -

296 2127 339 2181 63.
358 2130 441 2181 Anno
462 2128 539 2192 1649.
561 2127 1299 2199 10111011.111000001011110001100111111101ζο000
1320 2137 1373 2182 etc.
1395 2146 1455 2194 rex,

359 2217 536 2287 privilegium
562 2220 723 2284 nundinale,
744 2237 776 2273 ac
796 2220 871 2273 aliud
896 2237 982 2287 super
1011 2221 1194 2287 exemptione
1214 2237 1230 2272 a
1249 2219 1323 2272 taxis
1343 2226 1371 2271 et
1391 2234 1456 2270 con·

359 2309 563 2362 tributionibus
589 2309 730 2362 nobilibus
756 2310 856 2376 Campi
875 2310 1029 2376 Turopoiia
1048 2325 1227 2374 concessum,
1247 2316 1338 2362 ratum
1359 2309 1455 2372 habet,

361 2396 452 2450 forum
480 2397 690 2452 hebdomadale
715 2400 752 2452 ad
771 2399 846 2451 diem
871 2399 989 2452 Veneris
1011 2399 1154 2465 transfert,
1174 2405 1204 2450 et
1223 2397 1315 2451 forum
1336 2397 1456 2450 annuale

359 2487 451 2540 adhuc
472 2503 559 2540 unum
579 2488 782 2542 celebrandum
803 2491 950 2544 annuit
1160 2530 1165 2539 .

298 2575 443 2632 8411000
468 2575 866 2630 1650.13.(1000101)110.10
892 2579 1010 2632 00010110
1032 2579 1195 2631 Livkauecz
1216 2527 1343 2630 Nobiles
1356 2576 1455 2642 Campi

360 2665 557 2735 Zagrabiensis
570 2665 745 2733 Stephanum
765 2667 921 2720 Skerleez
915 2683 944 2720 10
963 2668 1135 2721 confratrem
1154 2684 1237 2719 suum
1258 2667 1416 2731 suscipiunt

1468 599 1573 656 Pagina

1513 781 1565 834 134

1510 871 1563 925 136

1511 1051 1564 1105 136

300 2755 446 2809 8511000
477 2756 553 2809 1651.
584 2756 626 2808 12.
657 2757 776 2827 augusti.
798 2757 827 2809 ln
854 2758 1007 2811 Nouiduor.
1028 2757 1101 2811 Grof
1117 2757 1207 2810 Mirko
1226 2756 1342 2825 Erdody
1362 2755 1458 2807 naiaie
1491 2807 1494 2813 ,

360 2847 502 2913 kapetanu
528 2847 764 2916 turopoljskomu,
790 2849 827 2901 da
846 2850 956 2917 svojom
977 2848 1072 2901 detom
1091 2850 1179 2901 krene
1199 2865 1217 2899 u
1237 2846 1340 2913 pomoc'
1360 2847 1454 2912 protiv

362 2938 474 2991 Turaka
492 2937 510 2989 k
530 2940 644 3004 Petrinji

297 3026 340 3081 86.
360 3028 443 3081 Αο00
465 3028 541 3082 1653.
562 3028 586 3079 4.
607 3029 734 3087 1011110111.
754 3029 785 3080 10
804 3030 882 3081 00110
902 3028 978 3099 Nagy
1001 3027 1100 3080 lillalra.
1121 3028 1298 3081 Universitas
1318 3026 1454 3087 nobilium

360 3116 459 3185 Campi
486 3118 683 3187 Zagrabiensis
709 3118 825 3171 Nicolao
851 3118 1040 3171 Stauchevich
1060 3119 1096 3169 de
1115 3118 1237 3170 Torsacz
1263 3118 1339 3183 apud
1362 3115 1457 3168 Voko-

360 3208 464 3271 vinam,
489 3224 592 3273 porcos
620 3209 751 3275 proprios
777 3225 895 3275 pascere
915 3209 942 3259 in
963 3208 1033 3261 silva
1051 3208 1156 3259 Bunski
1176 3208 1232 3275 lug,
1252 3207 1384 3277 lignaque
1405 3221 1456 3272 pro

360 3297 526 3349 extruendis
545 3298 681 3350 aediliciis
701 3299 728 3351 in
748 3298 891 3351 territorio
910 3299 964 3350 sub
984 3298 1180 3349 iurisdictione
1207 3297 1300 3348 dictae
1320 3295 1455 3347 universi-

361 3388 427 3439 tatis
447 3387 644 3453 existentibus,
663 3388 690 3440 in
712 3390 812 3441 eadem
833 3389 902 3441 silva
925 3388 1074 3441 succidere
1094 3389 1228 3441 concedit
1303 3427 1308 3435 .

299 3476 341 3530 87.
360 3477 443 3529 Anno
468 3470 541 3529 1655.
563 3477 587 3529 9.
608 3478 684 3529 iunii.
711 3478 833 3531 Posonii.
856 3478 1055 3531 Ferdinandus
1076 3477 1119 3530 ill.
1140 3477 1302 3545 Hungariae
1323 3484 1375 3528 etc.
1397 3492 1456 3537 rex,

360 3567 499 3619 Thomam
519 3567 678 3633 lurilouieh,
699 3584 731 3620 ac
750 3584 802 3634 per
821 3584 886 3621 eum
906 3567 1082 3633 Stephanum
1102 3574 1130 3618 et
1150 3568 1284 3619 loannem
1313 3566 1455 3618 Domitro-

261 3717 263 3731 .
361 3656 434 3720 uich,
461 3672 573 3708 necnon
600 3656 748 3709 Martinum
775 3656 995 3709 Czuetkouich'
989 3673 1017 3708 10
1036 3665 1150 3709 coetum
1170 3656 1307 3709 nobilium
1328 3653 1456 3719 assumit,

361 3747 488 3814 ipsisque
507 3747 629 3815 insignia
647 3747 804 3800 nobilitatis
823 3747 935 3800 confert

298 3834 340 3888 88.
360 3836 443 3887 Anno
464 3834 542 3888 1656.
563 3836 604 3888 ll.
624 3838 744 3906 augusti.
716 3837 901 3889 tVienuae
922 3837 1125 3903 Leopoidusl
1146 3836 1308 3904 Hungariae
1326 3841 1379 3887 etc.
1395 3851 1454 3899 rex,

361 3923 484 3977 Blasium
509 3925 710 3991 Pvczekovich,
736 3943 768 3979 ac
793 3943 845 3992 per
870 3943 934 3978 eum
960 3926 1116 3995 Georgium
1136 3933 1165 3977 01
1183 3925 1316 3977 Mathiam
1346 3924 1455 3986 fratres,

361 4014 517 4085 Georgium
541 4016 698 4082 patruelem
725 4018 796 4083 eius,
824 4018 983 4081 Martinam,
1012 4018 1155 4082 loannem,
1187 4018 1357 4081 Mamaeum,
1378 4014 1456 4068 'Gas-

361 4121 469 4172 parum,
501 4105 669 4175 Gregorium
699 4108 905 4173 Puczckouich,
929 4108 1069 4160 Thomam
1091 4107 1259 4170 Berkouich,
1285 4106 1398 4157 Petrum
1428 4113 1457 4157 et

361 4194 516 4265 Georgium
540 4194 694 4248 Sinkouich
720 4198 748 4247 in
775 4206 888 4249 coetum
914 4197 1052 4249 nobilium
1080 4198 1208 4260 assumit,
1240 4212 1374 4262 armaque
1405 4211 1456 4246 scu

363 4285 484 4354 insignia
503 4284 657 4337 nobilitatis
678 4285 748 4351 ipsis
767 4285 878 4338 confert
909 4320 921 4335 ..
981 4326 987 4336 .
1017 4326 1022 4335 .
1088 4326 1093 4336 .
1157 4322 1166 4340 .
1232 4326 1235 4333 .
1267 4325 1271 4332 .
1303 4324 1307 4331 .
1338 4325 1342 4334 .
1375 4324 1379 4334 .
1410 4323 1415 4334 .

298 4375 341 4427 89.
362 4376 445 4427 Anno
466 4366 542 4429 1659.
565 4374 604 4428 10.
624 4377 758 4428 octobris
772 4377 894 4429 Posonii.
916 4377 1080 4443 Leopoidus
1101 4377 1119 4429 l.
1139 4377 1302 4446 Hungariae
1322 4383 1375 4427 etc.
1397 4392 1456 4437 rex,

361 4463 508 4517 Nicolaum
530 4464 712 4517 Valicheuich
738 4465 818 4518 aliter
843 4464 963 4530 Czeiich,
984 4482 1095 4520 necnon
1114 4466 1248 4518 Mathiam
1267 4466 1409 4517 Deverich
1427 4466 1455 4516 in

361 4561 476 4607 coetum
502 4554 638 4607 nobilium
663 4555 791 4619 assumit,
817 4570 951 4622 armaque
980 4571 1032 4607 seu
1057 4556 1179 4625 insignia
1204 4555 1359 4607 nobilitatis
1386 4555 1456 4620 ipsis

363 4643 475 4697 confert
516 4682 522 4695 .
553 4686 555 4691 ,

299 4732 341 4787 90.
360 4734 443 4786 Anno
464 4732 541 4787 1659.
561 4734 603 4787 20.
623 4735 750 4787 octobris
776 4735 900 4787 Posonii.
916 4734 1081 4801 Leopoidus
1101 4736 1120 4788 1.
1141 4735 1303 4804 Hungariae
1322 4742 1376 4786 etc.
1396 4750 1454 4798 rex,

360 4823 475 4875 Petrum
494 4822 698 4890 Trvpchevich,
718 4812 749 4876 00
769 4840 821 4889 per
839 4841 903 4875 eum
924 4824 1010 4877 filium
1025 4834 1054 4877 et
1067 4824 1191 4889 fratrem,
1211 4831 1273 4887 etc,
1293 4826 1320 4875 in
1340 4830 1453 4875 coetum

362 4912 498 4967 nobilium
518 4915 644 4979 assumit,
664 4913 790 4983 ipsisque
810 4914 931 4985 insignia
950 4915 1105 4969 nobilitatis
1125 4913 1238 4967 confert
1266 4952 1413 4965 .....
