3934 5550
897 629 974 705 88.

400 831 493 892 Anno
521 829 613 893 1599.
638 830 667 894 4.
692 832 886 911 septembris.
910 792 1097 912 Zagrabiae.

298 1024 473 1111 Georgius
496 1022 717 1109 Zolathnoky,
742 1024 919 1108 episcopus
947 1020 1325 1109 Quinqueocclesiensis,
1343 1021 1492 1087 Iohanni
1511 1023 1574 1088 Po·

287 1130 441 1218 glodych,
464 1131 581 1196 comiti
603 1134 683 1195 tarr.
709 1130 832 1215 Compi
858 1129 1108 1215 Zograbiansis
1136 1130 1268 1205 scribit,
1290 1130 1329 1193 ni
1354 1132 1474 1209 terroe,
1498 1131 1572 1216 foe-

293 1239 380 1304 ndia
401 1242 471 1319 etc,
494 1260 584 1303 nouo
606 1238 704 1325 regio
728 1237 911 1302 donatione
935 1236 1103 1301 nobilibus
1125 1237 1277 1303 eiusdem
1303 1238 1426 1323 Compi
1447 1236 1571 1302 collata

622 1366 726 1431 qnam
746 1345 904 1430 primum
927 1344 1016 1409 insto
1039 1344 1250 1410 dividantur.

399 1546 561 1607 Generose
591 1566 629 1606 ac
659 1545 790 1626 egregie
821 1544 947 1605 domine
977 1544 1082 1621 trater,
1114 1554 1145 1605 et
1175 1545 1219 1603 uti
1243 1544 1285 1604 fili
1310 1553 1457 1605 veterane
1481 1546 1570 1605 nobis

294 1654 516 1728 amantissime,
547 1654 680 1713 salutem
713 1660 745 1713 et
776 1653 974 1713 servitiorum
1002 1660 1178 1712 nostrorum
1203 1659 1346 1729 paratam
1370 1652 1569 1713 commenda-

293 1762 419 1823 tionem.
450 1761 608 1838 Quoniam
639 1761 671 1821 in
700 1758 873 1841 Vngariam
899 1760 938 1819 ob
962 1768 1065 1821 certas
1099 1778 1212 1819 causas
1239 1759 1386 1819 lestinare
1411 1760 1571 1833 debemus,

291 1889 350 1931 nec
381 1870 432 1929 hic
462 1869 578 1929 diutius
610 1868 726 1929 morari
756 1887 813 1947 pro
844 1869 905 1927 hac
936 1868 1005 1928 vice
1037 1887 1213 1947 possumus,
1242 1874 1408 1945 propterea
1432 1868 1570 1928 domina·

291 1978 407 2038 tionem
431 1985 568 2037 vestram
592 1977 757 2056 egregiam
780 1977 950 2067 hortamur,
981 1986 1015 2035 ut
1047 1994 1141 2067 quam
1173 1974 1315 2054 primum,
1339 1975 1479 2054 praefixo
1510 1996 1571 2034 uno

291 2094 377 2147 certo
407 2083 540 2144 termino
572 2065 712 2162 partibus
743 2068 906 2159 universis,
938 2092 1047 2157 terras,
1071 2083 1205 2159 foenilia,
1234 2084 1348 2160 sylvas,
1373 2103 1518 2144 nemores
1542 2093 1573 2143 et

293 2193 354 2272 alia
377 2211 594 2272 quaecumque
618 2192 650 2251 in
673 2212 755 2251 nova
787 2192 956 2252 donatione
980 2193 1208 2271 comprehensa
1232 2180 1312 2267 sunt,
1336 2192 1415 2251 inter
1439 2190 1571 2251 insertas

292 2318 443 2379 personas
474 2301 554 2359 iuste
578 2307 610 2359 et
633 2299 804 2378 aequaliter
836 2318 943 2360 coram
967 2298 1046 2360 meis
1076 2300 1227 2377 personis,
1258 2300 1396 2380 egregiis
1427 2296 1570 2359 nimirum

273 2407 450 2485 ,Stephano
480 2407 707 2484 Swastowych,
738 2406 869 2467 Nicolao
904 2407 1074 2484 Malenych
1097 2416 1129 2467 et
1155 2406 1289 2466 Matthia
1312 2406 1435 2467 literato
1458 2407 1568 2467 Zlobo·

273 2492 393 2591 ¹chyno
417 2515 590 2594 partiantur
614 2524 646 2575 et
669 2512 855 2589 dividantur,
883 2515 935 2591 ita,
959 2526 993 2573 ut
1016 2512 1134 2575 nemini
1158 2514 1262 2593 aliqua
1286 2514 1341 2574 fiat
1363 2514 1483 2575 iniuria.
1507 2516 1567 2574 Vo-

270 2604 392 2681 lumus
415 2629 529 2697 autem,
555 2632 587 2680 ut
618 2622 732 2700 ubique
762 2632 828 2680 tam
859 2622 890 2680 in
914 2622 1081 2698 Delnycze,
1104 2620 1279 2699 Zamlatya,
1302 2642 1395 2701 quam
1420 2623 1513 2683 etiam
1538 2623 1568 2683 in

289 2729 386 2803 Book,
410 2737 442 2789 et
472 2728 555 2788 intus
588 2728 620 2789 in
653 2728 817 2790 foenilibus
845 2728 944 2808 prima
969 2737 1001 2790 et
1024 2729 1194 2808 praecipua
1222 2728 1322 2809 portio
1346 2738 1504 2811 tamquam
1530 2730 1568 2804 ei,

290 2837 342 2916 qui
364 2838 434 2916 plus
456 2837 611 2897 laboravit
634 2845 666 2897 et
688 2837 835 2897 sustinuit
856 2837 888 2896 in
911 2837 1135 2916 recuperandis
1158 2837 1215 2898 illis
1238 2838 1337 2912 bonis,
1354 2838 1513 2898 excidatur
1537 2847 1568 2898 et

289 2945 476 3019 extrudetur,
500 2953 532 3005 et
554 2945 699 3005 manibus
723 2945 796 3006 dicti
819 2945 937 3004 domini
964 2945 1085 3006 Nicolai
1110 2946 1279 3022 Malenych
1311 2946 1443 3006 fideliter
1466 2947 1564 3027 assig'-

289 3061 397 3128 netur,
420 3053 492 3114 licet
515 3053 598 3114 enim
622 3053 783 3128 maiorem,
806 3054 869 3113 imo
891 3054 1030 3116 mediam
1048 3055 1174 3133 'partem
1194 3055 1315 3114 illorum
1332 3053 1484 3124 bonorum
1501 3056 1566 3117 iure

290 3160 407 3238 optimo
442 3161 559 3221 habere
590 3170 621 3221 et
644 3161 795 3244 ‘accipere
828 3181 1008 3241 possemus3
1042 3161 1241 3222 nihilominus
1272 3173 1378 3222 tamen
1413 3183 1475 3222 non
1508 3165 1566 3224 nisi

289 3267 402 3328 iustam
426 3277 458 3329 et
480 3247 630 3348 primam
644 3257 818 3348 portionem
842 3270 959 3330 habere
983 3279 1015 3329 et
1039 3271 1181 3350 accipere
1207 3267 1359 3332 volumus.
1384 3271 1450 3330 Nec
1475 3291 1566 3330 secus

271 3374 383 3436 'facim
413 3395 487 3436 cum
515 3377 648 3437 dominis
679 3377 825 3437 tratribus
855 3378 1151 3439 condivisionalibus
1184 3399 1342 3458 rogamus
1374 3378 1452 3438 alias
1484 3380 1564 3438 enim

291 3491 430 3543 extrema
454 3484 616 3544 attendare
640 3505 801 3565 cogemur,
823 3486 912 3546 Haec
936 3486 1038 3546 eidem
1063 3486 1256 3564 perscribere
1281 3495 1312 3546 et
1335 3495 1465 3566 paterne
1482 3505 1565 3545 com-

291 3591 399 3652 mitere
423 3592 587 3655 voluimus.
610 3593 644 3653 ln
668 3593 787 3671 reliquo
811 3601 915 3653 autem
941 3594 1074 3653 eandem
1106 3612 1200 3673 quam
1232 3594 1361 3662 feliciter
1385 3594 1489 3653 valere
1514 3614 1565 3653 cu-

291 3697 392 3776 pimus
416 3710 446 3759 et
470 3710 624 3778 optamus.
655 3700 809 3761 Salutabit
832 3719 870 3760 ex
894 3701 984 3760 nobis
1008 3701 1150 3760 dominas
1174 3720 1296 3760 socrum
1321 3709 1352 3761 et
1375 3702 1564 3761 contoralem

291 3804 350 3864 sibi
373 3807 581 3870 charissimas.
604 3809 720 3868 Datum
743 3809 930 3888 Zagrabiae,
954 3806 984 3868 4.
1008 3809 1193 3886 septembris
1216 3806 1268 3868 99.

375 3911 545 3976 'Eiusdem
570 3916 709 3976 sincerus
733 3935 771 3975 ac
794 3924 962 3976 veteranus
988 3916 1031 3974 uti
1055 3926 1143 3993 pater
1167 3926 1198 3975 et
1222 3917 1353 3975 servitor
1378 3928 1434 3980 etc.

762 4059 920 4140 Georgius
941 4060 1146 4136 Zalathnolry,
1174 4060 1339 4139 episcopus
1363 4061 1521 4139 Quinque·

763 4168 970 4244 ecclesiensis‚
993 4187 1164 4247 sacraeque
1182 4187 1351 4228 caesareae
1368 4180 1399 4228 et
1415 4171 1522 4250 regiae

718 4269 722 4275 ’
884 4277 1058 4337 maiestatis
1082 4275 1277 4338 consiliarius
1300 4297 1340 4340 m.
1364 4297 1392 4355 p.

396 4421 438 4480 ln
461 4421 602 4482 dorso:
626 4422 790 4482 Generoso
813 4440 850 4482 ac
874 4422 1005 4501 egregio
1027 4423 1152 4482 domino
1168 4422 1297 4482 Iohanni
1322 4423 1502 4502 Pogledych
1526 4423 1565 4482 de

290 4527 485 4606 Kotylowcz‚
509 4528 614 4589 comiti
638 4529 777 4589 terrestri
803 4528 950 4589 nobilium
974 4529 1088 4610 Campi
1112 4530 1334 4610 Zagrabiensis
1358 4541 1424 4605 etc,
1441 4529 1567 4589 domino

291 4644 322 4694 et
344 4637 387 4695 uti
410 4636 474 4696 filio
500 4645 650 4697 veterano
674 4636 764 4696 nobis
788 4637 1012 4714 amantissimo,
1036 4639 1392 4714 observandissimoque.

396 4760 542 4828 Originale
561 4761 752 4826 chartaceum,
771 4777 787 4814 a
807 4768 888 4830 tergo
914 4777 1082 4828 appressum
1103 4768 1147 4813 est
1164 4759 1297 4830 sigillum,
1316 4777 1373 4828 quo
1392 4760 1473 4812 litera
1492 4759 1567 4810 obsi-

291 4849 384 4919 gillata
413 4857 472 4903 crat
492 4852 615 4916 (scutum
645 4850 815 4917 sphericum,
835 4850 863 4901 in
890 4865 948 4918 quo
976 4850 1050 4902 inter
1078 4851 1150 4902 duos
1170 4851 1205 4902 ad
1225 4851 1354 4902 dextram
1382 4849 1566 4901 transversim

258 4991 262 4998 .
291 4940 363 5002 scuti
383 4945 493 5013 partem
523 4946 670 5004 currentes
698 4938 808 5007 fluvios,
838 4946 992 5000 coronatus
1012 4938 1057 4996 leo
1076 4954 1175 4992 versus
1194 4938 1357 5008 dupplicem
1376 4952 1489 4990 crucem
1507 4951 1572 5004 pro⁴

1466 5043 1480 5075 ὓ
