3934 5550
412 415 457 477 52

413 630 493 691 simo
508 628 762 710 quingentesimo
775 626 1012 708 septuagesimo
1025 626 1134 705 primo,
1153 633 1310 686 transacto
1331 620 1531 704 praeteriti¹⁹,
1544 625 1585 685 ad
1603 642 1697 703 quem

413 737 531 797 scilicet
566 736 734 797 terminum
769 734 937 795 universae
972 752 1089 793 causae
1120 732 1361 813 regnicolarum,
1396 742 1460 792 tam
1492 740 1565 791 ante
1601 750 1696 810 quarn

413 854 486 924 post
509 845 632 905 cladem
665 842 925 903 Mohachiensem
956 850 1062 901 motae
1087 841 1136 901 v'el
1159 840 1344 918 movendae,
1369 859 1408 901 en
1432 840 1521 900 novis
1549 838 1696 899 constitu·

413 951 549 1011 tionibus
573 950 705 1031 publicis
729 950 903 1010 eorundem
926 948 1098 1009 adiudicari
1121 948 1241 1022 solitae,
1277 957 1333 1027 pet
1356 947 1591 1009 serenissimum
1615 948 1697 1026 prin·

413 1058 516 1137 cipem
539 1059 700 1138 quondam
724 1057 883 1117 dominum
907 1055 1158 1116 Maximilianum
1181 1056 1363 1130 secundum,
1388 1057 1466 1117 alias
1487 1056 1620 1117 electum
1636 1056 1696 1115 Ro·

416 1184 580 1228 manorum
603 1166 825 1246 imperatorem
858 1178 984 1242 semper
1016 1170 1194 1243 augustum,
1219 1182 1257 1223 ae
1280 1164 1479 1239 Germaniae,
1502 1164 1695 1245 Hungariae,

415 1274 586 1335 Bohemiae
610 1282 668 1334 etc.
691 1291 811 1353 regem,
845 1270 1045 1331 archiducem
1075 1270 1222 1331 Austriae
1253 1280 1320 1348 etc,
1352 1272 1541 1353 generaliter
1570 1272 1694 1332 fuerant

415 1388 615 1461 prorogatae,
650 1379 777 1441 dilative
808 1378 980 1459 attigisset,
1004 1395 1066 1457 quo
1097 1379 1241 1455 instante,
1276 1379 1442 1458 medioque
1465 1388 1605 1458 tempore
1629 1397 1692 1439 me·

415 1496 538 1551 morato
572 1489 731 1568 quondam
766 1487 892 1547 domino
927 1487 1021 1547 Petro
1056 1486 1215 1563 Erdewdy
1248 1488 1288 1547 de
1319 1487 1582 1565 Monyorokerek,
1618 1487 1694 1547 alias

416 1596 649 1677 praedictorum
672 1611 842 1676 regnorum
874 1594 1060 1668 Dalmatiae,
1088 1592 1236 1654 Croatiae
1260 1602 1291 1655 et
1314 1595 1501 1655 Sclauoniae
1533 1594 1623 1672 bano,
1655 1594 1695 1655 ab

417 1704 569 1764 hacluce
594 1702 775 1778 decedente,
798 1709 892 1761 etex
916 1699 1057 1780 gratiosa
1088 1701 1257 1761 annuentis
1290 1701 1432 1763 eiusdem
1459 1702 1617 1780 quondam
1641 1701 1694 1761 do·

419 1811 495 1871 mini
518 1809 723 1870 Maximiliani
753 1806 950 1887 imperatoris
981 1816 1014 1867 et
1042 1808 1138 1888 regis,
1160 1808 1431 1880 reverendissim,
1463 1828 1501 1869 ac
1533 1808 1696 1887 spectabili

418 1926 451 1980 et
473 1918 643 1999 magnifico
674 1916 808 1978 donrinis
839 1916 978 1996 Georgio
1008 1916 1233 1993 Draskowych,
1266 1917 1318 1977 dei
1341 1925 1372 1977 et
1396 1918 1587 1997 apostolicae
1611 1916 1696 1977 sedis

416 2027 520 2109 gratia
544 2027 645 2087 electo
668 2024 852 2086 Colocensis
876 2032 908 2083 et
930 2022 1115 2085 Bachiensis
1139 2025 1341 2085 ecclesiarum
1366 2026 1515 2086 canonice
1539 2026 1695 2087 unitarum

419 2134 664 2214 archiepiscopo,
690 2153 727 2194 ac
749 2141 824 2194 tunc
848 2131 1080 2212 Zagrabiensis,
1103 2152 1186 2192 nunc
1201 2152 1277 2193 vero
1301 2134 1468 2194 lentiensis
1492 2133 1694 2194 ecclesiarum

417 2243 575 2322 episcopo,
609 2252 732 2302 necnon
767 2258 891 2299 summo
923 2239 1109 2299 cancellario
1141 2249 1172 2299 et
1199 2240 1375 2301 consiliario
1398 2242 1501 2301 dictae
1524 2242 1694 2302 modernae

419 2368 530 2409 sacrae
561 2366 732 2409 caesareae
756 2357 788 2408 et
810 2346 918 2427 regiae
949 2346 1133 2419 maiestatis,
1156 2353 1188 2407 et
1210 2348 1369 2427 quondam
1395 2324 1561 2409 Francisco
1585 2350 1694 2425 leny

417 2458 458 2517 de
481 2457 751 2537 Frangepanibus,
773 2454 921 2535 Segniae,
944 2454 1099 2534 Wegliae,
1122 2456 1367 2536 Modrusiaeque
1391 2458 1514 2532 comite,
1537 2459 1569 2517 in
1592 2457 1695 2517 officio

417 2566 553 2624 banatus
584 2562 832 2638 succedentibus,
864 2562 1046 2640 eisdemque
1077 2562 1211 2622 dominis
1243 2563 1383 2643 Georgio
1414 2566 1631 2641 Draslrowych
1664 2572 1695 2623 et

415 2672 576 2751 quondam
600 2671 769 2730 Francisco
792 2671 911 2745 leny‚
936 2677 1011 2729 tunc
1037 2669 1136 2746 banis,
1160 2671 1191 2730 in
1215 2671 1295 2731 lesto
1326 2672 1410 2732 beati
1434 2672 1589 2733 Vincentii
1613 2690 1695 2731 mar-

416 2779 503 2860 tyris,
526 2780 559 2840 in
581 2778 742 2858 praedicto
766 2797 849 2838 anno
873 2777 992 2838 domini
1011 2777 1175 2838 millesimo
1191 2779 1443 2860 quingentesimo
1460 2781 1695 2861 septuagesimo

416 2888 525 2968 primo,
542 2880 750 2966 praeterit0²⁰,
766 2886 942 2966 Zagrabiae
963 2886 1147 2962 constitutis
1172 2895 1203 2946 et
1226 2906 1361 2948 unacum
1380 2889 1532 2950 vicebano
1547 2889 1695 2968 ipsorum,

417 3014 454 3055 ac
477 2995 630 3074 magistro
665 2992 900 3071 prothonotario
935 2993 1024 3072 regni
1057 3001 1088 3053 et
1119 2993 1272 3054 iudicibus
1307 2995 1464 3068 nobilium,
1499 2995 1695 3074 caeterisque

415 3101 525 3162 iuratis
550 3100 763 3160 assessoribus
787 3100 872 3160 sedis
895 3119 1004 3160 eorum
1020 3099 1210 3172 iudiciariae,
1234 3120 1292 3181 pro
1315 3101 1459 3162 faciendo
1483 3103 1597 3163 iudicio
1621 3119 1695 3162 cau·

415 3207 566 3282 santibus,
596 3226 654 3286 pro
688 3206 834 3267 tribunali
869 3208 1050 3267 sedentibus
1082 3214 1113 3266 et
1152 3209 1336 3284 constitutis,
1369 3210 1548 3288 Stephanus
1579 3210 1689 3270 Altach

415 3318 517 3378 iunior
550 3316 590 3376 de
613 3317 835 3395 Naghwnyan,
858 3335 915 3395 pro
938 3316 1107 3396 magnifico
1130 3317 1256 3377 domino
1289 3319 1455 3379 Francisco
1479 3319 1542 3379 filio
1566 3317 1695 3379 antelati

415 3424 575 3505 quondam
600 3423 717 3483 domini
747 3423 888 3483 Thomae
912 3425 952 3483 de
975 3424 1115 3493 Nadasd,
1140 3425 1217 3484 alias
1240 3426 1368 3504 palatini
1392 3433 1423 3486 et
1446 3424 1694 3502 locumtenentis,

415 3532 447 3592 in
471 3548 564 3611 quem
588 3531 700 3590 eodem
724 3531 883 3609 quondam
906 3530 1033 3590 domino
1057 3530 1180 3590 Thoma
1203 3531 1243 3590 de
1267 3532 1406 3607 Nadasd,
1429 3542 1518 3611 patre
1542 3551 1599 3592 suo
1640 3532 1694 3592 de·

417 3647 551 3713 mortuo,
574 3655 672 3698 causa
695 3654 846 3716 praesens
869 3647 918 3697 est
939 3639 1163 3712 condescensa,
1181 3657 1251 3698 cum
1266 3639 1486 3717 procuratoriis
1508 3639 1606 3699 literis
1629 3656 1695 3699 ma·

416 3745 522 3826 gnifici
547 3745 706 3824 quondam
729 3743 847 3804 domini
871 3745 1037 3804 Michaelis
1060 3745 1100 3804 de
1124 3744 1222 3822 Mete,
1246 3745 1323 3805 alias
1348 3745 1585 3806 locumtenentis
1602 3743 1696 3805 olficii

417 3853 593 3933 palatinalis
617 3852 691 3912 dicti
714 3853 804 3932 regni
828 3853 1021 3934 Hungariac,
1053 3861 1085 3912 et
1116 3853 1280 3914 consiliarii
1306 3854 1433 3914 antelati
1455 3855 1574 3914 domini
1597 3854 1694 3932 impe·

416 3961 529 4022 tatoris
560 3969 591 4020 et
622 3960 707 4041 regis
738 3961 844 4034 nostri,
875 3961 907 4021 in
937 3961 1041 4040 ligura
1068 3960 1173 4020 iudicii
1198 3961 1334 4040 ipsorum
1358 3962 1577 4040 comparendo,
1602 3979 1695 4040 prae-

419 4078 509 4129 sente
532 4067 648 4128 ibidem
671 4076 703 4127 et
725 4086 831 4128 coram
852 4068 971 4128 eisdem
996 4067 1130 4128 dominis
1152 4067 1242 4128 banis
1266 4067 1474 4147 personaliter
1506 4069 1696 4129 adhaerente

417 4176 579 4255 Stephano
614 4176 800 4236 Ladomerio
833 4177 873 4237 de
908 4175 1130 4252 Brysyndwor,
1162 4177 1214 4254 qui
1248 4194 1305 4254 pro
1338 4177 1480 4256 praelato
1511 4176 1616 4238 Blasio
1639 4177 1697 4236 Po·

417 4282 553 4364 gledych
576 4283 616 4342 de
639 4283 834 4359 Korylowcz,
858 4291 889 4342 et
912 4283 1113 4343 universitate
1144 4283 1293 4344 nobilium
1320 4283 1433 4363 Campi
1466 4283 1699 4365 Zagrabiensis,

419 4409 490 4450 cum
524 4391 745 4468 procuratoriis
774 4391 871 4452 literis
902 4391 1097 4469 praenarrati
1136 4391 1262 4469 capituli
1298 4392 1449 4451 eeclesiae
1477 4392 1700 4473 Zagrabiensis

421 4511 527 4558 coram
551 4498 671 4558 eisdem
702 4499 852 4576 astiterat,
884 4499 966 4558 idem
998 4499 1177 4577 Stephanus
1201 4499 1311 4558 Aliaoh
1336 4501 1489 4577 quasdam
1514 4501 1618 4561 literas
1645 4519 1699 4559 an·

419 4605 517 4664 notati
541 4604 667 4682 capituli
699 4606 850 4666 ecclesiae
882 4607 1114 4685 Zagrabiensis,
1148 4625 1242 4684 super
1273 4607 1411 4685 quadam
1434 4607 1572 4668 violenta
1596 4609 1698 4685 repul·

420 4711 509 4772 sione
533 4721 564 4772 et
586 4730 650 4771 non
674 4712 812 4772 admissa
835 4712 1018 4772 executione
1043 4713 1236 4790 praemissae
1259 4713 1440 4774 iudiciariae
1464 4713 1696 4774 deliberationis

420 4828 452 4880 et
474 4820 648 4880 sententiae
679 4822 919 4898 praememorati
950 4821 1024 4880 olim
1055 4820 1173 4880 domini
1204 4821 1288 4881 Petri
1319 4821 1485 4899 Erdewdy,
1515 4823 1592 4882 alias
1615 4820 1698 4897 banl,

420 4927 592 5009 relatorias,
625 4928 683 4987 sub
714 4927 892 4988 authentico
925 4928 1027 5007 sigillo
1059 4927 1199 4988 eiusdem
1231 4929 1357 5008 capituli
1387 4930 1419 4988 in
1447 4948 1566 5008 papyro
1590 4930 1696 4989 clause
