3934 5550
408 385 525 493 ⁴3⁸..

409 601 524 676 teriori,
548 609 580 661 et
602 598 709 660 itidem
735 587 816 660 duae
841 599 881 657 ab
906 599 1034 658 archivo
1057 595 1240 659 Goriczensi
1264 595 1391 656 domino
1414 598 1536 655 notario
1560 593 1693 672 losepho

410 708 591 791 Briglevich
615 705 821 787 resignentur.
1303 759 1306 764 ,

518 816 547 877 5.
572 814 654 875 Cum
686 834 726 875 ex
759 812 931 874 rationibus
955 829 1011 890 per
1034 810 1169 891 priorem
1193 828 1306 871 cassae
1330 808 1614 872 administratorem
1638 806 1692 865 do·

412 926 530 986 minum
552 922 729 1003 Georgium
750 919 924 1001 Pogledich
947 920 1008 980 hac
1031 918 1197 984 occasione
1228 917 1345 995 scripto
1368 915 1513 979 exhibitis
1538 916 1570 978 id
1593 934 1689 994 appa·

412 1040 490 1107 reat,
524 1029 609 1111 quod
642 1048 699 1109 pro
733 1027 878 1089 manibus
910 1027 977 1087 eius
1007 1044 1118 1087 cassae
1145 1024 1236 1099 duae,
1268 1044 1332 1084 una
1361 1023 1488 1102 quidem
1518 1023 1693 1083 domestica

412 1160 482 1201 cum
506 1136 633 1199 florenis
646 1132 721 1209 303,
746 1133 917 1215 crucigeris
942 1131 984 1193 58
1010 1134 1109 1193 altera
1139 1151 1215 1192 vero
1245 1131 1366 1211 piarum
1399 1150 1591 1191 summarum
1622 1149 1693 1189 cum

412 1217 538 1308 florenis
562 1242 605 1305 54
618 1242 788 1323 crucigeris
812 1238 833 1302 9
856 1242 958 1301 bonae
983 1244 1137 1301 monetae
1153 1238 1321 1312 existerint,
1350 1257 1450 1298 exeo
1474 1238 1600 1297 domino
1623 1256 1692 1315 per·

412 1351 530 1433 captori
553 1352 647 1411 Petro
667 1332 798 1409 Modich
822 1346 1030 1421 committitur,
1055 1356 1176 1407 uttam
1199 1366 1317 1419 cassas,
1340 1364 1434 1425 quam
1459 1352 1490 1405 et
1512 1346 1618 1406 claves
1641 1364 1692 1404 ea·

418 1462 550 1521 rundem
574 1478 593 1519 a
616 1458 709 1542 priori
734 1455 859 1516 domino
884 1454 1133 1516 administratore
1157 1454 1188 1515 in
1211 1452 1336 1515 instanti
1361 1452 1497 1531 recipiat.

522 1564 552 1627 6.
583 1564 807 1628 Difficultatum
839 1582 856 1621 e
881 1561 1052 1622 rationibus
1076 1560 1193 1622 domini
1225 1561 1336 1639 prioris
1363 1579 1475 1621 cassae
1499 1560 1693 1620 administra·

417 1674 492 1735 toris
516 1671 646 1751 Georgii
670 1670 840 1751 Pogledich
864 1670 1072 1748 emendarum
1089 1668 1276 1747 complllatio
1299 1668 1425 1727 dom²no
1447 1667 1581 1746 Iosepho
1602 1666 1695 1741 Pucz,

416 1781 559 1863 gremiali
584 1778 813 1853 viceassessori,
850 1779 934 1837 velut
957 1776 1087 1837 fontium
1112 1784 1319 1856 proventuum
1354 1773 1567 1837 universitatis
1595 1774 1695 1846 huius,

411 1890 521 1951 melius
557 1905 651 1967 quam
684 1884 809 1946 domino
841 1894 1010 1945 neocreato
1057 1884 1155 1945 fiscali
1191 1884 1298 1944 loanni
1329 1885 1407 1961 Nep.
1438 1882 1561 1944 Saudor
1595 1901 1695 1962 gnaro

345 2070 350 2081 Ι
415 1996 585 2057 commissa
608 1994 750 2065 habetur,
773 1992 825 2070 qui
848 1992 963 2051 iactam
980 2010 1086 2070 perse
1102 1990 1306 2052 difficultatum
1330 1990 1554 2070 expositionem
1570 1990 1695 2052 domino

414 2103 518 2165 comiti
541 2102 680 2163 terrestri
712 2100 961 2173 communicabit,
986 2108 1020 2159 ut
1042 2099 1094 2160 hic
1117 2118 1173 2177 pro
1197 2098 1351 2160 revisione
1374 2098 1530 2159 rationum
1554 2098 1695 2159 eiusdem

413 2210 580 2273 terminum
603 2207 813 2288 deputationis
836 2208 1013 2286 praefigere
1037 2207 1149 2266 valeat
1693 2205 1695 2210 '

523 2317 552 2378 7.
576 2317 658 2377 Cum
681 2324 746 2375 tam
770 2315 932 2375 castellum
959 2316 1133 2388 Lulavecz,
1147 2330 1241 2393 quam
1257 2322 1289 2374 et
1304 2313 1495 2375 Goriczcnse
1520 2313 1695 2375 aedificium

418 2438 562 2504 tempore
586 2423 756 2503 interregni
771 2422 881 2484 Gallici
910 2442 1045 2503 magnas
1061 2422 1355 2500 praeterierationes
1377 2440 1473 2500 passa
1496 2421 1636 2498 missent,
1660 2441 1698 2481 ex

416 2553 455 2594 eo
486 2532 612 2593 domino
645 2530 819 2609 percepturi
851 2529 1061 2604 committitur,
1094 2537 1128 2588 ut
1159 2529 1185 2589 is
1215 2537 1331 2608 portas,
1363 2530 1526 2603 ienestras,
1553 2529 1697 2589 fornaces

415 2654 479 2703 tam
504 2642 533 2703 in
558 2638 686 2701 castello
710 2638 877 2699 Lulravecz
895 2657 989 2717 quam
1014 2645 1045 2697 et
1069 2636 1210 2697 aedificio
1226 2635 1407 2698 Goriczensi
1434 2636 1573 2714 reparari
1588 2634 1698 2711 iaciat;

418 2751 491 2813 item
515 2756 632 2809 tectum
656 2745 773 2807 castelli
798 2746 965 2808 Lukavecz
990 2754 1021 2806 et
1045 2745 1215 2806 adiacentis
1232 2744 1335 2807 eidem
1350 2745 1536 2824 receptaculi
1552 2763 1698 2805 curruum

418 2856 524 2937 plicari
548 2864 644 2928 curet,
669 2854 774 2933 verbe,
809 2854 914 2914 omnia
937 2853 1040 2931 magis
1060 2853 1240 2914 necessaria
1263 2863 1295 2913 et
1318 2873 1438 2914 moram
1462 2873 1525 2914 non
1547 2853 1697 2933 patientia

419 2965 460 3024 ad
484 2962 644 3022 minimum
668 2981 766 3039 usque
787 2961 900 3020 festum
924 2981 949 3023 s.
974 2961 1136 3023 Michaelis
1152 2960 1290 3040 reparari
1306 2961 1411 3021 lacere
1427 2981 1489 3023 non
1506 2961 1698 3036 intermittat,

421 3091 458 3132 ac
485 3070 609 3130 demum
635 3087 692 3147 pro
716 3069 892 3130 castellanis
924 3089 995 3129 cum
1026 3069 1202 3130 interventu
1227 3069 1292 3130 fisci
1316 3070 1522 3130 inventarium
1547 3070 1698 3130 conficiat

529 3174 558 3238 8.
583 3175 632 3235 Ad
657 3183 770 3234 statum
796 3194 906 3236 cassae
940 3175 1060 3238 lacillus
1092 3175 1340 3255 perspiciendum
1373 3177 1612 3237 determinatum
1643 3185 1700 3251 est,

423 3294 457 3344 ut
481 3282 633 3362 siquidem
669 3283 769 3342 omnis
804 3283 929 3363 generis
960 3284 1093 3362 pecunia
1120 3283 1233 3362 partim
1264 3302 1321 3362 per
1349 3283 1512 3362 imperium
1546 3284 1699 3346 Gallicum

425 3409 526 3472 regno
557 3390 650 3464 illata,
682 3389 795 3468 partim
826 3390 888 3450 iam
914 3391 1000 3470 prius
1025 3391 1144 3471 vigens,
1168 3391 1255 3452 hlcce
1279 3391 1444 3467 existeret,-
1459 3401 1490 3451 et
1513 3391 1593 3451 inter
1617 3393 1700 3469 ipsas

425 3497 576 3577 pecuniae
609 3497 729 3575 species
762 3498 845 3576 apud
873 3518 931 3559 nos
962 3499 993 3558 in
1027 3519 1119 3558 cursu
1152 3498 1321 3559 existentes
1344 3498 1469 3559 diversa
1494 3499 1701 3560 intercederet

423 3604 606 3679 correllatio,
638 3623 746 3666 cursus
778 3606 973 3684 compellata,
1004 3606 1149 3666 dominus
1178 3614 1343 3685 perceptor
1373 3607 1404 3666 in
1435 3607 1606 3668 rationibus
1636 3608 1701 3668 suis

424 3707 480 3792 pro
504 3712 627 3792 singula
652 3721 796 3772 monetae
813 3713 918 3792 specie
934 3714 1098 3774 distinctas
1118 3713 1258 3775 rubricas
1274 3733 1412 3787 servare,
1437 3723 1469 3776 et
1491 3723 1556 3774 tam
1573 3735 1700 3794 percep·

423 3822 548 3890 tionem,
567 3839 661 3898 quam
685 3829 716 3879 et
739 3819 979 3901 arrogationem,
1011 3823 1040 3884 in
1068 3821 1149 3899 quali
1174 3822 1279 3901 specie
1302 3832 1448 3883 monetae
1471 3824 1586 3883 iactam
1610 3841 1701 3885 accu-

424 3936 492 3986 rate
515 3924 683 4006 designare
707 3935 859 3988 teneatur.

533 4029 563 4092 9.
588 4033 739 4093 Dominus
760 4044 925 4114 perceptor
949 4036 1088 4094 chartam
1114 4035 1175 4096 iam
1200 4037 1442 4112 systematicam,
1467 4045 1499 4096 et
1521 4038 1582 4098 alia
1604 4039 1701 4117 scrip·

424 4139 573 4215 turistica,
597 4139 643 4214 iis,
666 4141 779 4218 quibus
803 4142 841 4201 de
866 4142 994 4220 antiquo
1019 4161 1077 4202 usu
1100 4151 1289 4220 competunt,
1314 4143 1500 4221 procurabit.

535 4243 583 4306 10.
609 4246 777 4325 Deciditur,
812 4257 845 4308 ut
877 4251 977 4310 donec
1001 4249 1031 4308 in
1054 4249 1158 4310 lutura
1190 4250 1436 4330 congregatione
1464 4251 1704 4311 determinatum

423 4353 523 4428 luerit,
548 4353 578 4413 in
601 4354 759 4433 qualinam
779 4357 931 4435 pecuniae
955 4357 1061 4435 specie
1086 4357 1251 4437 respectivi
1275 4358 1393 4418 domini
1416 4359 1566 4418 oificiales
1588 4360 1705 4419 salaria

424 4462 553 4521 tracturi
577 4461 646 4539 sint,
669 4463 813 4524 dominus
837 4473 1002 4543 perceptor
1026 4465 1100 4525 talia
1124 4464 1200 4525 nulli
1223 4464 1379 4543 anticipet.

536 4567 584 4630 ll.
620 4571 700 4630 (jum
738 4591 775 4630 ex
812 4571 960 4632 relatione
998 4571 1134 4632 iudicum
1167 4571 1414 4650 respectivarum
1449 4572 1706 4632 communitatum

425 4669 540 4756 Campi
572 4676 663 4736 huius
694 4677 874 4758 Turopolya
905 4679 989 4739 clare
1021 4680 1160 4740 eveniret
1191 4679 1273 4753 illud,
1304 4680 1388 4758 quod
1416 4688 1527 4758 pontes
1565 4679 1596 4738 in
1636 4680 1706 4737 luco

425 4803 543 4864 magno
567 4783 598 4844 in
621 4784 711 4845 Buna
735 4794 767 4845 et
789 4787 946 4848 Vraniche
971 4787 1033 4847 iam
1058 4787 1182 4865 penitus
1207 4787 1365 4860 destructi,
1400 4796 1431 4848 et
1455 4787 1705 4864 inpracticabiles

424 4890 535 4951 redditi
568 4891 636 4964 sint,
669 4893 792 4970 quodve
825 4892 876 4954 via
907 4894 1148 4956 Lelreniczensis
1171 4904 1311 4974 tempore
1341 4894 1511 4974 interregni
1547 4893 1701 4953 Gallicani
