3934 5550
430 438 495 501 '428

430 654 618 715 Carlostadii
642 676 681 717 ex
707 654 950 714 armamentario
979 653 1234 733 caesareo-regio
1258 651 1402 711 levandis
1436 649 1647 720 submittendi,
1680 668 1717 707 ac

429 781 492 823 una
523 762 659 824 inclitam
693 763 928 823 unIversitatem
957 760 1152 835 inionnandi,
1186 760 1270 839 quod
1306 759 1417 818 intuitu
1441 758 1712 818 szetlrovichen·

430 869 510 931 sium
534 871 654 945 attinet,
686 871 760 931 illud
791 890 890 949 usque
925 870 1101 930 adventurn.
1128 868 1379 928 excellentissimi
1409 867 1526 927 domini
1561 867 1710 950 locumte-

430 978 540 1054 nentis,
565 979 645 1039 etsi
670 998 687 1039 e
712 998 745 1039 re
769 978 870 1038 visum
895 977 988 1038 fuerit
1011 976 1127 1051 eidem,
1151 976 1192 1035 ad
1215 974 1440 1035 conferentiam
1463 972 1492 1035 4.
1518 973 1622 1051 aprilis
1645 993 1710 1033 ser·

430 1087 567 1147 vandam
600 1086 837 1162 reservaverim,
868 1085 991 1145 felicem
1024 1104 1075 1144 me
1107 1085 1291 1162 reputando,
1323 1084 1407 1161 quod
1435 1083 1485 1141 vel
1508 1082 1540 1141 in
1562 1082 1622 1141 hoc
1646 1081 1708 1141 tale

431 1193 523 1273 quale
547 1194 684 1253 amicum
708 1193 868 1254 servitium
894 1192 1019 1253 inclitae
1043 1187 1239 1251 universitati
1262 1198 1425 1270 praestare
1449 1188 1613 1267 potuerIm.

536 1300 599 1377 Qui
623 1299 655 1360 in
679 1301 798 1380 reliquo
829 1299 974 1360 distincto
996 1298 1124 1360 honoris
1149 1318 1220 1358 curn
1244 1299 1328 1357 cultu
1351 1314 1420 1357 sum
1444 1297 1570 1356 inclitae
1594 1296 1715 1355 univer·

431 1406 531 1469 sitatis
1616 1399 1619 1405 ’

541 1532 720 1615 Zagrabiae
745 1532 796 1595 24.
821 1532 922 1593 martii
951 1530 1044 1595 1809.

1277 1639 1524 1718 obligatissimus
1548 1656 1658 1697 servus

1237 1802 1241 1812 .
1344 1742 1405 1809 BL'
1428 1745 1607 1806 Patachiclr.

544 1870 697 1942 Originale.
727 1872 758 1925 ln
786 1872 901 1926 archivo
929 1886 1072 1925 commun.
1100 1872 1166 1925 nob.
1195 1871 1233 1923 de
1259 1869 1426 1941 Turopolje:
1451 1868 1716 1940 congregationalia

433 1960 502 2013 lasc.
521 1958 582 2013 348.

544 2124 550 2151 ¹
569 2123 703 2177 Baltasar.
738 2104 740 2109 ¹

1024 2299 1129 2369 24⁷.

541 2503 634 2562 Anno
662 2500 754 2563 1809.
783 2501 831 2561 10.
857 2500 970 2579 aprilis.
993 2502 1089 2581 Nagy
1113 2500 1276 2563 Goriczae.

441 2696 660 2763 Universitas
689 2694 761 2762 nob.
796 2693 921 2781 Campi
959 2693 1152 2781 Turopolja,
1184 2695 1224 2758 in
1250 2693 1411 2781 generali
1444 2693 1714 2780 congregatione

777 2823 853 2882 sua,
876 2802 916 2868 de
939 2802 1194 2867 insurrectione
1217 2800 1390 2866 deliberet.
1777 2802 1779 2805 ’

540 3003 633 3062 Anno
657 3002 774 3062 domini
803 2999 894 3061 1809.
912 3001 964 3061 die
987 2990 1034 3064 ll).
1049 3001 1166 3060 mensis
1187 3000 1301 3079 aprilis,
1318 3001 1449 3061 incuria
1467 3010 1589 3062 murata
1606 3003 1714 3082 Nagy·

435 3111 617 3172 Goriczensi
653 3111 710 3170 sub
747 3108 903 3188 praesidio
939 3108 1118 3187 spectabilis
1154 3118 1185 3168 et
1218 3109 1402 3188 perillustris
1436 3110 1552 3169 domini
1589 3108 1715 3168 Antonii

434 3221 610 3294 Zdenczay,
646 3217 767 3278 comitis
802 3217 966 3292 terrestris,
1003 3217 1220 3295 praesentibus
1255 3216 1389 3277 dominis
1423 3217 1647 3296 spectabilibus
1685 3226 1716 3276 et

435 3327 660 3408 perillustribus
679 3327 811 3406 Iosepho
829 3325 1016 3401 Gardenich,
1037 3325 1133 3385 incliti
1149 3325 1314 3386 comitatus
1337 3325 1561 3406 Zagrabiensis
1586 3325 1716 3385 emerito

436 3437 501 3497 ord.
535 3434 666 3509 notario,
700 3436 816 3494 Ioanne
851 3433 995 3511 Baptista
1011 3433 1175 3512 .Spissich,
1210 3433 1395 3494 vicecomite
1425 3442 1588 3509 montano,
1623 3435 1716 3493 Petro

438 3543 574 3617 Modich,
605 3551 797 3620 perceptore,
833 3541 973 3622 Georgio
997 3541 1178 3620 Pogledich‚
1202 3540 1374 3602 subcomite
1397 3541 1545 3615 terrestri,
1579 3541 1716 3601 Martino

436 3649 654 3726 Blaselrovich,
679 3649 744 3710 ord.
768 3650 889 3710 notario
914 3649 1136 3724 assessoribus
1160 3650 1422 3709 reverendissimo
1437 3650 1567 3709 Nicolao
1591 3649 1716 3721 lvulich,

437 3757 605 3818 Francisco
640 3758 768 3817 Tuslian
804 3757 957 3836 parochis,
993 3756 1086 3835 priori
1116 3757 1339 3831 Dubraczensi,
1374 3757 1538 3836 posteriori
1571 3756 1716 3826 Odrensi,

436 3866 582 3926 Emerico
606 3865 849 3926 Haraminchich
867 3865 961 3925 incliti
978 3865 1143 3924 comitatus
1159 3864 1382 3945 Zagrabiensis
1400 3866 1585 3939 vicefiscale,
1600 3865 1716 3925 Ioanne

437 3973 650 4046 TrumbetasS,
675 3973 848 4051 capitaneo,
882 3972 1029 4049 Samuele
1062 3973 1239 4049 Zdenczay,
1263 3973 1379 4049 fiscale,
1409 3973 1611 4052 Sigismundo
1635 3973 1714 4032 Her-

438 4080 578 4156 vachich,
601 4081 737 4140 Martino
754 4082 924 4154 Tanczoss,
948 4079 1089 4160 Georgio
1113 4079 1308 4151 Kramarich,
1327 4081 1523 4151 Blaslrovich,
1540 4081 1715 4158 Zdenczay,

437 4189 553 4248 Ioanne
565 4187 758 4262 Chunchich,
782 4189 858 4247 fisco
881 4187 1101 4263 universitatis,
1125 4197 1307 4248 cunctarum
1323 4197 1488 4265 praeterea
1505 4188 1713 4249 nobilitarium

438 4295 696 4356 communitatum
720 4295 877 4368 iudicibus,
896 4294 1055 4355 celebrata
1079 4304 1127 4354 est
1150 4295 1307 4374 generalis
1332 4297 1546 4375 congregatio

845 4491 1091 4551 Articulus
1126 4491 1308 4571 primus.

546 4635 681 4696 Domino
713 4635 826 4696 actuali
851 4635 963 4695 comite
989 4637 1127 4696 terrestri
1162 4637 1233 4696 huie
1264 4637 1458 4698 universitati
1491 4638 1521 4696 id
1549 4638 1717 4697 verbaliter

439 4742 612 4817 reflerente,
636 4743 719 4822 quod
737 4730 813 4802 suae
840 4743 1015 4804 maiestatis
1031 4745 1261 4805 sacratissimae
1285 4745 1456 4825 benignum
1481 4748 1663 4805 mandatum
1687 4745 1718 4804 id

439 4851 522 4909 rnodi
547 4851 771 4928 supervenerit,
794 4860 828 4910 ut
851 4871 912 4910 non
938 4859 1058 4911 attenta
1081 4853 1269 4932 regnicolari
1293 4855 1496 4929 ordinatione,
1520 4854 1550 4912 in
1576 4872 1636 4932 qua
1661 4873 1716 4912 nu-

439 4975 544 5016 merus
573 4957 633 5020 160
657 4959 853 5038 gremialium
879 4959 1108 5038 insurgentium
1126 4961 1247 5020 defixus
1263 4961 1440 5035 haberetur,
1465 4962 1567 5020 adhuc
1592 4967 1716 5020 centurn
