3934 5550
943 339 1143 447 --xxA-⁴

397 655 456 710 185.
476 658 560 711 Anno
581 658 657 712 1698.
680 658 721 712 12.
742 661 862 730 augusti.
882 661 1074 732 lnvLudbreg.
1103 663 1230 714 Adamus
1250 660 1287 714 de
1304 661 1452 730 Batthyan,
1470 661 1571 725 banus,

477 749 574 800 comiti
599 748 727 802 terrestri
753 747 854 817 Campi
880 749 1095 818 Turopoliensis
1121 751 1283 817 committit,
1300 757 1333 803 ut
1352 767 1416 804 cum
1435 750 1571 820 gentibus

479 837 608 891 eiusdem
627 837 727 906 Campi
747 840 783 891 ad
806 839 1033 893 Hrasztoviczam
1053 857 1085 892 se
1104 841 1187 892 sistat
1202 875 1532 894 ..........

400 925 457 979 186.
477 927 560 980 Anno
590 926 667 980 1698.
687 927 729 980 23,
750 930 870 998 augusti.
891 930 921 980 ln
941 927 1056 982 Chiche.
1084 930 1212 982 Adamus
1239 929 1275 981 de
1297 928 1444 997 Batthyan,
1471 928 1572 992 banus,

477 1017 573 1070 comiti
593 1019 720 1071 terrestri
740 1017 838 1085 Campi
856 1019 1071 1086 Turopoliensis
1089 1019 1250 1086 committit
1269 1026 1301 1072 ut
1319 1034 1383 1071 cum
1404 1018 1464 1070 suis
1483 1017 1572 1069 homi·

479 1106 563 1159 nibus
583 1109 619 1160 ad
638 1107 868 1162 Hrasztouiezam
889 1118 1054 1177 compareat
1103 1143 1573 1163 ..............

1581 565 1679 622 Pagina

1626 833 1679 889 929

400 1194 458 1248 187.
479 1198 561 1249 Anno
589 1197 665 1252 1698.
693 1197 734 1250 19.
760 1200 894 1252 octobris.
922 1200 1084 1270 Zagrabiae.
1112 1199 1273 1268 Stephanus
1292 1147 1495 1257 Seiischeuieh,
1515 1183 1573 1264 epi·
1626 1203 1631 1214 “

479 1303 584 1354 scopus
604 1287 809 1358 Zagrabiensis,
828 1290 926 1342 comiti
939 1292 1064 1342 terrestri
1081 1289 1180 1357 Campi
1193 1288 1408 1355 Turopoliensis
1427 1287 1571 1354 praecipit,

478 1384 510 1430 ut
537 1378 589 1430 ad·
583 1379 720 1445 ·primam
749 1380 944 1433 invitationem
977 1396 1041 1433 cum
1071 1380 1204 1508 gentibus
1233 1378 1291 1431 suis
1319 1377 1573 1444 Turopoliensibus

480 1471 579 1518 contra
597 1468 710 1520 hostem
731 1475 814 1522 exeat
848 1501 1568 1523 .....................

401 1553 459 1608 188
478 1555 721 1610 Ann01698.31.
741 1559 874 1612 octobris.
894 1559 1056 1630 Zagrabiae
1068 1558 1230 1625 Stephanus
1243 1556 1444 1622 Selischeuich,
1463 1555 1574 1622 episco-

480 1662 533 1712 pus
553 1646 758 1716 Zagrabiensis‚
786 1649 883 1714 comiti
912 1651 1040 1702 terrestri
1066 1647 1167 1716 Campi
1186 1647 1400 1714 Turopoliensis
1425 1645 1571 1712 praecipit,

480 1742 511 1788 ut
530 1751 593 1788 cum
613 1737 745 1806 gentihus
764 1739 894 1792 eiusdem
914 1738 1015 1805 Campi
1033 1755 1133 1791 versus
1151 1737 1244 1790 Veiilri
1263 1737 1390 1806 Gradczy
1409 1736 1526 1788 festinet
1557 1773 1564 1788 .

401 1825 459 1879 189.
479 1828 563 1880 Anno
584 1825 660 1892 1699,
681 1826 721 1880 13.
742 1829 842 1880 martii.
869 1827 1049 1895 Conscriptio
1075 1823 1233 1892 domorum,
1261 1833 1408 1891 terrarum,
1437 1825 1572 1878 foeniium

481 1921 510 1967 et
540 1916 685 1968 vinearum
717 1932 853 1986 pagorum
883 1916 1075 1971 Czuetkouich
1099 1918 1200 1982 berdo,
1228 1915 1382 1969 Czerouzld
1410 1916 1495 1980 Verh,
1523 1915 1574 1967 Pe·

479 2007 586 2058 trauzki
614 2007 674 2058 sive
703 2007 814 2060 Ratkou
834 2008 918 2073 Verh,
944 2009 1146 2073 Peruonosina‚
1174 2006 1341 2072 Dubranczi,
1369 1990 1573 2067 Guszteinicza,

464 2087 686 2160 'Bukouschaki
715 2096 914 2162 Vokomerich,
943 2096 1136 2163 Czelinschak,
1156 2096 1237 2149 infer.
1257 2096 1448 2165 Dragonoscz,
1467 2094 1573 2162 Kapto-

481 2185 579 2250 ionezi,
598 2192 628 2238 et
646 2185 825 2239 Markussocz
848 2221 1567 2239 ..................

333 2237 337 2247 Ι
405 2275 461 2330 190.
481 2277 565 2328 Anno
594 2275 740 2330 170916.
767 2276 908 2330 februarii.
938 2277 1073 2329 Viennae.
1098 2276 1263 2343 Leopoldus
1289 2277 1307 2328 l.
1336 2275 1499 2344 Hungariae
1516 2281 1573 2327 etc.
1597 2273 1600 2279 '

481 2381 540 2431 rex,
567 2367 709 2420 Andream
735 2367 910 2433 Kraiachich,
936 2367 1027 2420 civem
1047 2367 1264 2436 Zagrabiensem
1285 2382 1317 2418 ac
1336 2366 1572 2418 tricesimatorem

481 2456 737 2520 Berdovecensem,
761 2456 908 2508 nobilitate
934 2445 1198 2524 exornatipsique
1218 2469 1295 2508 arma
1314 2471 1366 2508 seu
1385 2452 1507 2522 insignia
1524 2469 1574 2505 no·

482 2545 599 2597 bilitatis
619 2545 730 2598 confert
779 2580 1569 2599 ......................

405 2635 466 2689 191.
482 2636 565 2688 Anno
585 2635 662 2688 1709,
683 2635 725 2689 12.
739 2641 768 2688 et
779 2637 966 2704 sequentibus
987 2637 1094 2688 mensis
1113 2635 1281 2688 decembris.
1299 2634 1457 2688 Varasdini.
1476 2633 1573 2686 Status

485 2731 514 2778 et
532 2725 647 2779 ordines
662 2725 741 2795 regni
755 2725 865 2779 nobiles
878 2724 978 2793 Campi
991 2725 1145 2793 Turopolia
1163 2743 1179 2779 a
1198 2726 1454 2796 contributionibus
1469 2723 1573 2777 liberos

483 2816 674 2882 pronuntiant,
700 2823 729 2867 et
757 2817 908 2868 occasione
936 2816 1120 2885 regulationis
1139 2816 1334 2881 confiniorum,
1352 2816 1463 2885 pingam
1482 2822 1574 2866 terrae

483 2920 572 2971 penes
591 2904 702 2957 Glinam
722 2911 751 2957 et
769 2904 859 2957 Unam
881 2905 922 2956 eis
942 2905 1140 2975 assignandam
1160 2905 1328 2971 promiuunt
1385 2942 1392 2955 .
1423 2947 1426 2951 .
1457 2944 1463 2956 .
1492 2942 1498 2954 .
1527 2941 1535 2955 .
1562 2938 1571 2958 .

406 2994 462 3047 [99.
483 2995 565 3046 Anno
592 2994 669 3046 1703.
699 2994 740 3045 12.
767 2994 935 3046 decembris
959 2994 1096 3046 Viennae.
1115 2994 1279 3061 Leopoldus
1299 2995 1317 3047 l.
1338 2994 1500 3063 Hungariae
1520 3000 1574 3044 etc.

484 3100 543 3149 rex,
563 3082 708 3151 privilegia
727 3098 813 3150 super
833 3085 1015 3149 exemptione
1034 3100 1051 3136 a
1069 3085 1142 3135 taxis
1162 3091 1191 3136 et
1209 3084 1467 3139 contributionibus
1495 3083 1574 3135 nobi-

483 3174 556 3225 libus
576 3170 675 3238 Campi
694 3171 848 3238 Turopolia
861 3172 970 3238 collata,
990 3180 1050 3225 rata
1068 3174 1177 3225 habet.

407 3263 465 3317 193.
484 3264 567 3315 Anno
597 3262 674 3315 1707.
703 3269 769 3314 ante
788 3262 812 3314 4.
833 3263 905 3315 maii.
935 3262 1112 3316 Universitas
1137 3263 1273 3316 nobilium
1298 3261 1397 3329 Campi
1415 3261 1576 3327 Turopolia,

483 3353 604 3406 statibus
623 3359 652 3405 et
671 3352 818 3404 ordinibus
833 3353 911 3423 regni
925 3351 1056 3405 Croatiae
1070 3354 1195 3419 exponit,
1206 3354 1326 3422 qualiter
1336 3354 1456 3405 loannes
1466 3350 1574 3416 Vzolin,

484 3443 644 3496 vicecomes
669 3444 820 3496 comitatus
844 3442 1049 3513 Zagrabiensis‚
1076 3444 1197 3495 eandem
1224 3443 1437 3495 universitatem
1461 3441 1575 3493 turbare

485 3534 726 3601 praesumpsisset
770 3567 1561 3586 .......................
1624 3550 1627 3555 ·

405 3642 464 3695 194.
484 3643 566 3692 Anno
589 3640 664 3692 1707.
684 3640 708 3691 4.
729 3640 802 3692 maii.
823 3640 983 3710 Zagrablae.
1010 3639 1106 3693 Status
1125 3646 1154 3691 et
1173 3640 1288 3692 ordines
1308 3640 1386 3708 regni
1405 3638 1574 3707 Domagovi-

487 3732 608 3783 chenses
628 3730 814 3782 iurisdictioni
834 3728 933 3796 Campi
953 3729 1108 3796 Turopolia
1127 3745 1184 3782 non
1203 3729 1349 3781 subiectos
1368 3729 1534 3781 declarant.
1563 3765 1570 3782 .
1630 3765 1645 3781 .

406 3820 464 3875 195.
483 3821 567 3872 Anno
589 3818 664 3873 liii.
684 3818 726 3872 31.
745 3821 818 3872 maii.
831 3820 990 3872 Varasdini.
1005 3820 1101 3873 Status
1121 3826 1150 3871 et
1168 3820 1283 3872 ordines
1298 3820 1377 3888 regni
1397 3836 1415 3871 o
1432 3820 1575 3873 nobilibus

485 3908 583 3976 Campi
603 3908 756 3976 Turopolia
776 3909 827 3961 100
846 3908 958 3975 pedites
978 3910 1015 3960 ad
1034 3909 1276 3977 belligerationem
1296 3908 1429 3961 ordinant
1456 3946 1461 3957 .
1490 3947 1497 3960 .
1526 3947 1532 3961 .
1562 3947 1569 3962 .

407 3998 464 4052 196.
484 4000 567 4051 Anno
596 3998 673 4051 1708.
703 4000 744 4051 ll.
773 3999 873 4051 martii.
899 3998 1034 4050 Viennae.
1064 3999 1202 4064 Iosephus
1221 3998 1240 4049 Ι.
1260 3997 1421 4067 Hungariae
1443 4006 1497 4051 etc.
1517 4015 1575 4064 rex,

419 4094 422 4101 “
484 4088 630 4157 privilegia
650 4087 807 4155 (exemptio
823 4104 838 4139 a
854 4086 928 4139 taxis
942 4092 971 4139 et
983 4085 1253 4152 contributionibus)
1266 4086 1402 4138 nobilium
1416 4088 1453 4139 de
1467 4085 1575 4153 Campo

485 4177 667 4246 Zagrabiensi
686 4176 848 4246 Turopoiya
866 4177 952 4241 dicto,
972 4176 1141 4229 confirmat.
1207 4214 1213 4226 .
1242 4214 1248 4226 .
1279 4215 1284 4226 .
1350 4214 1355 4224 .
1386 4215 1391 4223 .
1421 4214 1427 4227 .
1458 4216 1461 4224 .
1529 4216 1533 4225 .
1563 4215 1569 4226 .

407 4266 666 4321 197.Ann01709.
688 4267 728 4319 17.
758 4267 833 4319 iunii.
854 4268 882 4319 ln
902 4281 967 4318 arce
991 4266 1147 4332 episcopali
1173 4265 1334 4335 Zagrabiac.
1359 4266 1455 4318 Status
1481 4273 1577 4341 et40r-

486 4356 568 4408 dines
588 4356 667 4425 regni
687 4357 852 4420 decernunt,
872 4362 902 4407 ut
922 4355 1030 4407 domini
1049 4362 1208 4421 terrestres,
1228 4357 1281 4409 sub
1300 4372 1420 4423 quorum
1450 4357 1576 4409 iurisdic-

485 4450 563 4501 tione
583 4447 781 4499 malefactores
800 4448 933 4511 existunt,
953 4448 1071 4499 eosdem
1086 4446 1283 4499 malefactores
1302 4446 1339 4499 ad
1355 4446 1576 4512 impendendam

485 4537 570 4591 laesis
589 4536 813 4589 satisfactionem
827 4536 999 4602 compellant
1001 4574 1241 4589 ........
1273 4578 1276 4581 .
1307 4574 1313 4587 .
1343 4573 1348 4586 .
1378 4573 1385 4588 .
1414 4561 1451 4585 .·
1485 4574 1491 4588 .
1521 4574 1527 4589 .
1632 4544 1646 4589 z

406 4626 464 4680 198.
484 4628 566 4679 Anno
587 4626 663 4679 1709.
685 4624 725 4677 16.
746 4632 775 4678 et
794 4626 980 4693 sequentibus
1000 4627 1169 4679 decembris.
1189 4628 1220 4678 ln
1237 4642 1301 4679 arcc
1314 4626 1401 4692 episc.
1415 4625 1576 4694 Zagrabiae.

486 4716 582 4769 Status
601 4724 631 4769 et
653 4717 769 4769 ordines
793 4716 872 4785 regni
894 4717 1033 4785 ablegatis
1052 4718 1111 4769 suis
1131 4716 1269 4781 intimant,
1295 4723 1326 4768 ut
1344 4708 1577 4769 communitatem

488 4804 722 4872 Turopoliensem
749 4806 776 4857 in
804 4806 936 4858 omnibus
964 4808 1132 4873 opportunis
1159 4807 1230 4860 iocis
1250 4814 1279 4858 et
1298 4807 1439 4861 instantiis
1471 4823 1578 4860 recom-

487 4896 623 4949 mendare
642 4910 699 4947 nou
717 4895 883 4948 omitterent
917 4936 921 4947 .
