3934 5550
1482 407 1543 469 381

267 621 367 682 bonas
391 622 431 680 ad
455 619 475 681 3
500 621 660 683 clausuras
693 621 872 700 pavimento
903 622 1040 682 inferiori
1072 642 1133 682 non
1165 623 1247 682 bonu
1274 624 1426 703 provisas,
1459 624 1552 683 baras

266 729 426 789 maialium
448 730 547 790 bonas
571 749 680 805 novas,
703 729 861 790 fornacem
886 731 1056 809 pistoream
1081 732 1196 791 bonam
1219 731 1251 791 in
1274 731 1426 792 omnibus.

355 835 406 897 50.
430 837 549 898 Nobilis
572 837 751 916 Stephanus
777 838 942 898 Lektoricb
972 838 1068 898 habet
1090 838 1218 897 domum
1242 838 1371 899 basibus
1394 847 1465 918 post
1490 839 1546 900 ali-

267 953 341 1022 quot
366 963 465 1004 annos
489 945 638 1026 indigere,
673 946 767 1005 haras
792 946 832 1005 ad
855 945 1017 1005 clausuras
1041 944 1062 1004 4
1086 966 1157 1006 cum
1181 949 1339 1007 camerula
1366 948 1547 1027 pavimento

270 1071 331 1111 non
355 1052 438 1112 bono
462 1053 613 1131 provisas,
648 1072 740 1113 secus
767 1054 799 1113 in
823 1054 906 1114 bono
933 1062 1015 1112 statu
1040 1062 1120 1127 sunt,
1144 1055 1253 1114 barula
1277 1055 1435 1115 maialium
1452 1055 1544 1128 bona,

268 1159 414 1220 horreum
446 1160 607 1240 antiquum
639 1178 678 1220 ex
712 1161 846 1240 antiquis
877 1161 1040 1221 roboribus
1073 1160 1156 1221 bono
1179 1169 1263 1222 tecto
1286 1140 1454 1241 provisum,
1489 1163 1552 1222 for·

272 1286 382 1328 nacem
407 1267 575 1346 pistoream
601 1269 760 1347 antiquam
785 1269 982 1328 mediocrem.

375 1375 426 1435 5l.
450 1376 569 1436 Nobilis
595 1377 728 1436 loannes
752 1377 839 1454 bapt.
864 1376 995 1436 Sordich
1019 1377 1114 1436 habet
1138 1378 1264 1436 domum
1297 1377 1456 1456 antiquam
1482 1397 1545 1437 rne-

267 1483 428 1544 lioratione
452 1493 483 1543 et
506 1483 634 1544 basibus
658 1483 860 1564 indigentem,
885 1485 1031 1543 horreum
1057 1485 1218 1564 antiquum
1242 1484 1371 1544 basibus
1394 1485 1549 1565 indigens,

268 1591 361 1650 baras
384 1591 425 1650 ad
449 1589 469 1650 3
493 1591 653 1650 clausuras
678 1591 822 1669 antiquas
846 1591 973 1651 basibus
1010 1592 1187 1672 indigentes
1215 1599 1246 1650 et
1274 1591 1480 1671 reparatione,
1504 1592 1550 1670 pi·

269 1706 404 1757 stoream
429 1697 589 1758 fornacem
613 1698 810 1760 mediocrem.

374 1804 426 1865 52.
458 1805 578 1866 Nobilis
612 1805 748 1864 Mathias
771 1806 937 1866 Sostarecz
973 1806 1102 1866 domum
1127 1806 1220 1865 habet
1243 1806 1368 1881 bonam,
1403 1807 1550 1866 horreum

269 1913 363 1972 etiam
389 1914 514 1989 bonum,
550 1915 644 1974 haras
668 1909 869 1994 biangulares
893 1913 933 1974 ad
957 1915 1119 1974 clausuras
1143 1913 1164 1974 5
1187 1915 1295 1987 bonas,
1327 1915 1420 1974 haras
1453 1914 1549 1973 maia·

274 2020 347 2080 lium
372 2029 403 2080 et
426 2021 575 2082 alatilium
609 2020 648 2080 ad
673 2029 736 2080 tres
760 2029 867 2099 portas
890 2020 1018 2082 basibus
1034 1997 1199 2101 idigentes,
1223 2039 1381 2081 cameram
1402 2021 1552 2081 adunam

269 2139 391 2207 portam
423 2129 537 2190 bonam
569 2147 693 2204 novam,
717 2129 851 2188 culinam
887 2129 1056 2207 antiquam,
1094 2129 1256 2208 perpluum
1291 2137 1416 2202 tectum,
1447 2128 1491 2188 ita
1521 2136 1553 2187 et

270 2235 430 2296 fornacem
454 2236 621 2315 pistoream
647 2256 718 2296 curn
740 2236 871 2316 perpluo
894 2243 977 2296 tecto
1001 2255 1057 2314 per
1080 2235 1268 2296 discordiam
1292 2235 1395 2297 habet

375 2341 426 2407 53.
449 2344 569 2404 Nobilis
592 2344 718 2404 domina
752 2344 845 2403 Anna
879 2344 975 2404 vidua
1009 2343 1124 2404 Adami
1158 2343 1231 2404 olim
1265 2343 1429 2403 Arbanasz
1453 2342 1550 2402 habet

269 2451 386 2511 curiam
410 2452 524 2511 bonam
548 2471 673 2527 novam,
696 2452 778 2511 bono
803 2451 951 2511 assericio
966 2459 1050 2512 tecto
1075 2451 1242 2529 provisam,
1261 2451 1408 2510 horreum
1431 2469 1547 2510 novum

267 2558 393 2632 bonum,
417 2560 509 2619 baras
534 2559 678 2638 antiquas
702 2559 743 2619 ad
766 2558 787 2619 5
811 2559 972 2618 clausuras
997 2558 1134 2618 inbono
1158 2566 1242 2616 statu
1266 2577 1321 2636 pro
1346 2577 1436 2620 nunc.
1473 2558 1550 2617 Item

269 2666 402 2726 culinam
420 2686 490 2726 cum
506 2666 633 2727 fornace
656 2667 793 2746 pistorea
809 2667 925 2726 bonam
941 2684 1058 2726 novam
1078 2666 1160 2725 bono
1176 2684 1261 2725 novo
1284 2672 1366 2724 tecto
1384 2665 1552 2743 provisam,

271 2776 495 2836 columbarium
519 2776 645 2851 bonum,
668 2776 763 2835 haras
787 2774 945 2835 maialium
969 2775 1115 2854 antiquas
1138 2775 1296 2853 parvulas.

377 2882 431 2947 54.
458 2883 578 2943 Nobilis
610 2883 748 2943 Mathias
781 2882 924 2943 Vihlaich
955 2883 1051 2943 habet
1074 2882 1202 2941 domum
1224 2882 1340 2941 bonam
1372 2880 1402 2940 in
1436 2879 1554 2940 ambitu

267 2991 429 3069 perpluum
451 2998 577 3066 tectum,
608 2992 754 3051 horreum
777 2992 893 3050 bonum
916 3008 1042 3065 novum,
1070 2990 1127 3051 sed
1150 3008 1189 3049 ex
1219 2998 1308 3067 parte
1331 2988 1418 3049 fluvii
1452 2988 1545 3047 Lom-

270 3098 359 3157 nicza
389 3097 508 3178 indiget
539 3098 666 3158 inferius
698 3108 795 3159 strata
828 3117 865 3157 ex
897 3098 1070 3173 roboribus,
1098 3098 1193 3157 haras
1227 3096 1428 3177 biangulares
1452 3114 1552 3155 novas

271 3206 311 3266 ad
341 3206 503 3265 clausuras
534 3206 554 3265 5
585 3206 684 3265 bonas
716 3205 748 3265 in
776 3205 929 3281 omnibus,
970 3204 1038 3267 siue
1073 3205 1156 3265 bono
1190 3204 1370 3284 pavimento
1406 3203 1551 3278 inferiori,

270 3314 365 3373 haras
389 3333 444 3392 pro
468 3314 632 3374 maialibus
657 3314 801 3393 antiquas
825 3313 1023 3392 reparatione
1051 3313 1142 3373 valde
1175 3312 1361 3391 indigentes,
1394 3330 1552 3371 cameram

269 3420 413 3481 frumenti
437 3441 553 3482 novam
577 3422 701 3495 bonam,
725 3422 859 3481 culinam
884 3440 999 3481 novam
1024 3429 1106 3480 tecto
1129 3439 1213 3480 novo
1237 3439 1274 3479 ex
1299 3420 1458 3480 asseribus
1483 3438 1549 3479 mo·

270 3528 350 3587 libus
374 3529 489 3610 sviglin
511 3529 611 3590 dictis.

377 3636 419 3697 55
452 3637 572 3697 Nobilis
596 3638 729 3697 loannes
753 3638 874 3717 Evang.
908 3636 1022 3697 Novak
1045 3636 1172 3695 domurn
1196 3636 1292 3695 habet
1315 3636 1476 3715 antiquam
1498 3654 1546 3695 re·

269 3744 432 3822 paratione
456 3763 574 3825 magna
598 3744 726 3824 indiget,
750 3744 895 3803 horreum
921 3744 1081 3821 antiquum
1109 3743 1222 3803 nullius
1253 3743 1376 3820 valoris,
1400 3761 1483 3803 novo
1506 3743 1551 3801 in·

272 3851 368 3931 diget,
401 3852 527 3912 harulas
551 3853 592 3912 ad
615 3852 695 3911 duas
729 3853 890 3911 clausuras
921 3850 1066 3929 antiquas
1089 3850 1120 3909 in
1143 3849 1293 3910 mediocri
1323 3857 1416 3925 statu,
1447 3850 1550 3909 forna·

271 3979 340 4019 cem
364 3959 431 4019 sine
454 3960 538 4019 bono
562 3967 654 4035 tecto,
678 3978 770 4019 secus
793 3959 909 4018 nullum
935 3958 1111 4018 aedificium
1136 3958 1240 4021 habet.

377 4066 427 4129 56.
452 4067 572 4129 Nobilis
595 4068 683 4128 Pauli
707 4067 881 4127 Klaffurich
905 4066 1029 4145 privata
1056 4067 1168 4125 domus
1191 4086 1247 4144 pro
1270 4067 1388 4145 pupina
1411 4066 1552 4126 eiusdem

271 4193 424 4234 conversa
455 4174 485 4234 in
518 4174 614 4234 fundo
649 4174 721 4234 dicti
752 4173 922 4233 Klaffurich
955 4173 1078 4251 pn'vato
1113 4181 1243 4247 errecta,
1283 4173 1314 4232 in
1349 4172 1432 4232 bono
1463 4181 1555 4247 statu,

270 4284 416 4343 horreum
441 4283 598 4343 mediocre
622 4284 688 4343 sine
712 4293 811 4361 porta,
827 4302 926 4362 penes
954 4282 1096 4342 barulam
1119 4281 1282 4361 parvulam
1306 4301 1363 4360 pro
1388 4282 1552 4341 anseribus

270 4398 301 4448 et
323 4390 398 4449 nihil
421 4391 500 4469 plus,
523 4390 553 4449 in
581 4410 644 4469 qua
668 4390 784 4469 pupina
807 4390 959 4450 inhabitat
991 4389 1142 4467 Iosephus
1167 4387 1371 4449 Blasinchich.

377 4495 428 4557 57.
452 4497 555 4557 Habet
567 4498 774 4558 communitas
797 4497 1011 4577 suprascripta
1033 4497 1180 4556 horreum
1195 4495 1367 4575 antiquum,
1392 4504 1483 4574 porta
1506 4496 1551 4556 in·

271 4604 366 4683 diget,
390 4604 421 4664 in
438 4605 489 4664 via
514 4615 617 4665 autern
634 4606 786 4684 capellam
810 4606 853 4665 St
868 4604 961 4665 trium
985 4606 1116 4685 Regum.
1142 4604 1217 4663 Item
1236 4623 1395 4664 cameram
1413 4604 1453 4663 ad
1473 4605 1553 4664 duas

270 4720 377 4789 portas
413 4713 572 4791 antiquam
608 4731 726 4792 magna
760 4712 957 4790 reparatione
989 4712 1191 4791 indigentem,
1215 4720 1331 4772 tectum
1371 4712 1552 4789 perpluum;

272 4820 345 4879 item
372 4820 401 4879 in
425 4820 501 4879 turri
526 4822 664 4897 capellae
688 4822 733 4881 St.
757 4822 878 4900 Regum
904 4828 1021 4879 tectum
1045 4838 1162 4879 novum
1185 4820 1280 4880 debet
1303 4820 1379 4881 fieri.

842 4928 980 5007 *⁴¹*
