3934 5550
860 587 965 663 1⁷1.

373 790 465 849 Anno
493 785 584 851 1697.
614 786 660 847 14.
685 797 716 847 et
739 786 941 866 sequentibus
965 787 1082 847 mensis
1106 786 1261 846 februarii.

267 982 479 1067 Conscripir'o
509 987 736 1065 expensarum
772 979 895 1065 Campi
940 978 1203 1065 Turapoliensis
1233 980 1273 1044 in
1303 977 1548 1064 hybernuntam

601 1088 744 1152 militem
772 1089 988 1153 Germanum
1004 1088 1199 1173 factarum.

372 1287 487 1346 Anno
511 1284 666 1345 domini
701 1284 793 1347 1697.
817 1287 883 1346 die
912 1284 959 1344 14.
983 1286 1140 1345 mensis
1165 1285 1387 1359 februarii,
1411 1304 1548 1347 coram

265 1395 385 1455 nobis
424 1392 731 1471 infrascriptis,
775 1392 931 1452 virtute
971 1393 1248 1453 exmissionis
1294 1394 1549 1471 inclytorum

265 1511 446 1562 statuum
471 1508 509 1559 et
532 1500 726 1558 ordinum
752 1518 971 1579 regnorum
996 1499 1244 1573 Dalmatiae,
1276 1500 1483 1560 Croatiae
1508 1508 1548 1560 et

263 1608 525 1683 Sclauoniae,
561 1606 598 1666 in
634 1607 819 1685 proxime
855 1607 1091 1685 praeterita
1126 1610 1350 1668 eorundem
1374 1628 1546 1687 congre·
1616 1661 1620 1665 Α

263 1718 436 1799 gatione
477 1715 542 1775 die
582 1716 629 1777 ll.
665 1724 703 1774 et
738 1715 1020 1794 sequentibus
1058 1717 1262 1777 modolati
1299 1717 1455 1777 mensis
1494 1717 1547 1777 fe-

262 1825 434 1899 bruarii,
458 1822 697 1905 Zagrabiae
721 1823 946 1897 celebrata,
970 1823 1085 1883 iacta
1109 1833 1171 1883 est
1195 1833 1430 1903 sumptuum
1453 1823 1546 1883 sive

263 1950 542 2013 expensarum
588 1932 626 1989 in
672 1930 867 1991 militiam
913 1931 1199 2011 germanicam
1253 1933 1461 1992 hactenus
1507 1929 1546 1989 in

261 2059 390 2121 regno
414 2039 783 2115 hybernantem,et
807 2036 1031 2117 signanter
1053 2039 1333 2116 processibus
1357 2038 1396 2098 in
1421 2038 1547 2097 infra·

261 2146 442 2226 scriptis
481 2154 760 2225 erogatorum,
796 2144 1019 2205 adnotatio
1052 2153 1091 2204 et
1123 2145 1389 2224 conscriptio
1428 2144 1545 2203 modo

260 2252 468 2333 sequenti

726 2443 875 2528 (Ceteris
897 2443 1078 2516 emissan*

365 2594 635 2673 Conscriptio
675 2603 908 2672 sumptuum
947 2594 983 2652 in
1022 2593 1180 2654 milites
1225 2593 1458 2654 Germanos
1503 2596 1541 2654 in

189 2720 192 2729 ’
258 2702 413 2781 Campo
443 2701 746 2781 Turopoliensi
778 2698 1117 2780 quartirizantes
1146 2708 1423 2782 erogatorum.

313 2903 355 2961 ln
379 2899 602 2980 pagoAlso
627 2899 859 2972 Lomnicza,
883 2898 1105 2978 campania
1128 2899 1283 2958 domini
1308 2898 1489 2959 senioris

763 3006 1032 3082 Szkidinzky.

362 3153 612 3212 lntertenuerunt
642 3151 755 3211 milites
787 3150 807 3211 9
839 3159 870 3211 et
902 3152 1085 3211 servitorem
1117 3172 1222 3227 unum,
1252 3153 1404 3231 imputato
1428 3173 1536 3232 corpo·

255 3260 311 3320 rali
336 3279 407 3338 uno,
431 3259 483 3337 qui
507 3259 682 3336 accipiebat
706 3260 864 3336 portiones
884 3260 987 3319 orales
1003 3260 1056 3321 Nr.
1077 3259 1107 3336 2,
1123 3261 1242 3338 equiles
1265 3259 1295 3334 2,
1319 3262 1349 3321 in
1374 3270 1439 3321 toto
1464 3262 1540 3322 lacit

255 3368 414 3446 portiones
438 3367 540 3426 orales
569 3363 616 3440 10,
640 3366 751 3444 quibus
782 3367 1064 3426 subminstrabatur
1086 3367 1193 3428 dietim
1216 3388 1327 3429 mensa
1350 3371 1394 3429 uti
1418 3363 1539 3448 supra²,

253 3475 328 3535 lacit
351 3475 416 3534 flor.
441 3474 538 3536 Rhen.
562 3472 636 3536 210,

360 3583 436 3640 ltem
463 3599 584 3641 avenae
608 3599 752 3661 vaganos
783 3583 835 3642 Nr.
865 3579 968 3664 riou,
994 3585 1205 3660 computando
1235 3584 1279 3643 uti
1311 3579 1429 3662 supral,
1461 3584 1535 3644 iacit

253 3689 318 3748 flor.
344 3690 440 3748 Rhen.
469 3686 539 3762 tro,
563 3707 693 3768 grossos
717 3688 746 3750 5.

498 3886 539 3944 ln
563 3904 671 3965 pago
695 3887 804 3962 Lazy
828 3886 1016 3946 eiusdem
1040 3888 1294 3966 companiae.

361 4013 548 4071 lntertentus
580 4021 628 4072 est
659 4011 747 4072 miles
779 4033 868 4086 unus,
901 4013 1137 4092 accipiebatque
1164 4013 1337 4092 portionem
1362 4016 1479 4075 oralem
1508 4018 1534 4092 l,

252 4118 325 4178 facit
348 4119 414 4180 flor.
439 4120 536 4180 Rhen.
562 4117 599 4177 21
1059 4132 1061 4135 ·

358 4227 435 4286 ltem
471 4246 591 4287 avenae
615 4247 758 4308 vaganos
794 4229 847 4288 Nr.
884 4223 980 4312 267,
1012 4231 1223 4309 computando
1254 4231 1297 4290 uti
1333 4250 1427 4310 supra
1459 4230 1534 4291 facit

250 4334 318 4393 flor.
342 4335 439 4395 Rhen.
465 4331 516 4408 26,
541 4355 642 4415 gross.
672 4333 719 4397 10.

475 4531 518 4590 ln
542 4550 647 4611 pago
670 4532 811 4592 Kuche
836 4533 1024 4594 eiusdem
1048 4535 1304 4613 companiae.

356 4658 543 4717 lntertentus
568 4667 616 4718 est
639 4661 809 4738 corporalis
833 4681 904 4720 cum
933 4681 1030 4722 uxore
1062 4673 1094 4723 et
1125 4665 1247 4724 duobus
1278 4665 1375 4744 equis,
1408 4684 1529 4725 necnon

249 4763 404 4844 gregariis
428 4765 575 4826 militibus
598 4767 651 4827 Nr.
675 4765 706 4842 6,
730 4769 842 4846 quibus
866 4769 972 4829 dictim
993 4771 1307 4831 subministrabantur
1331 4774 1434 4833 orales
1458 4793 1526 4851 por·

248 4873 349 4931 tiones
373 4872 426 4933 Nr.
451 4870 480 4949 8,
503 4872 578 4932 lacit
602 4874 634 4933 in
651 4867 722 4934 'toto
747 4875 804 4934 lior
836 4878 933 4938 Rhen.
964 4876 1034 4939 168.
