3934 5550
347 379 412 448 376

459 600 507 664 ll.
538 597 658 662 Nobilis
690 595 847 683 Georgius
879 597 1017 664 lllianiclr
1049 598 1144 665 habet
1168 600 1296 665 domum
1321 599 1481 686 antiquam
1505 619 1633 686 repara·

346 711 430 772 tione
454 710 654 790 indigentem,
678 713 823 773 horreum
847 711 1008 791 antiquum
1044 714 1171 774 basibus
1194 714 1347 794 indigens,
1370 716 1465 775 haras
1488 717 1529 776 ad
1552 718 1633 776 duas

349 819 510 878 clausuras
534 817 661 878 basibus
685 819 861 899 indigentes
876 822 943 880 sine
959 828 1051 894 tecto,
1074 839 1157 899 quae
1172 821 1277 880 sinon
1291 822 1403 882 texerit
1419 822 1632 898 minabuntur,

346 943 445 1004 penes
480 943 607 984 camera
641 933 690 984 est
725 927 765 985 ad
789 944 883 986 unam
907 927 1084 986 clausuram
1110 947 1168 1006 pro
1200 947 1283 988 nunc
1305 927 1337 988 in
1367 929 1517 990 mediocri
1539 939 1633 1003 statu,

347 1034 474 1093 domum
497 1032 638 1093 fabrilem
662 1031 822 1112 antiquam
846 1033 913 1093 sine
936 1033 1020 1095 bono
1043 1044 1127 1095 tecto
1142 1036 1300 1114 provisam
1324 1056 1380 1114 per
1394 1037 1629 1118 negligentiam.

458 1139 505 1202 15.
538 1140 670 1200 loannes
699 1141 821 1220 Evang.
856 1141 960 1201 senior
996 1141 1184 1202 Trumbetas
1218 1143 1312 1202 habet
1346 1143 1474 1203 domum
1505 1145 1632 1221 bonam,

347 1248 492 1309 omnibus
525 1247 692 1327 provisam,
736 1249 849 1310 horrea
884 1249 945 1309 duo
979 1249 1063 1309 bona
1098 1249 1242 1309 omnibus
1278 1250 1463 1311 necessariis
1495 1252 1631 1330 provisa,

349 1374 508 1416 cameram
531 1354 677 1414 frumenti
701 1355 741 1414 ad
765 1373 860 1414 unam
888 1357 1064 1415 clausuram
1098 1356 1222 1430 bonam,
1258 1357 1351 1416 haras
1375 1357 1554 1418 animalium
1578 1377 1633 1418 an·

347 1462 451 1541 tiquas
474 1462 515 1521 ad
539 1478 559 1539 4
594 1462 755 1521 clausuras
771 1462 968 1540 reparatione
985 1462 1171 1542 indigentes,
1195 1463 1239 1523 ita
1262 1471 1294 1522 et
1319 1483 1462 1524 cameras
1486 1465 1631 1544 antiquas

349 1569 389 1628 ad
413 1569 492 1628 duas
524 1568 686 1627 clausuras
711 1568 839 1627 basibus
862 1568 1049 1649 indigentes,
1074 1570 1299 1630 columbarium
1322 1589 1448 1644 novum,
1471 1571 1633 1632 fornacem

349 1677 519 1757 pistoream
543 1675 574 1734 in
597 1675 746 1735 mediocri
770 1683 861 1748 statu,
886 1676 978 1736 haras
1002 1676 1160 1736 maialium
1184 1677 1294 1737 bonas.

461 1780 508 1846 16.
533 1782 685 1843 Providus
709 1783 820 1842 Petrus
843 1783 982 1860 Harbud,
1007 1785 1135 1845 colonus
1158 1785 1269 1844 nobilis
1292 1785 1422 1866 Georgii
1446 1786 1632 1861 Klenovich,

349 1892 476 1952 domum
500 1890 595 1950 habet
618 1890 750 1969 primam
774 1891 932 1969 antiquam
965 1900 996 1951 et
1031 1892 1175 1964 culinam,
1199 1892 1370 1971 posteriore
1402 1893 1530 1974 indiget,
1560 1895 1632 1953 hor-

350 2017 438 2060 reum
469 1997 629 2076 antiquum
661 1997 788 2056 basibus
827 1997 980 2077 indigens,
1013 2017 1170 2059 cameram
1201 1999 1346 2058 frumenti
1378 2000 1503 2074 bonam,
1537 2002 1633 2061 haras

349 2106 551 2186 biangulares
582 2123 682 2164 novas
706 2124 744 2165 ex
769 2105 962 2166 solidissimis
994 2107 1157 2168 roboribus
1185 2115 1360 2167 exstructas
1384 2108 1565 2186 pavimento
1589 2109 1635 2168 in-

348 2213 493 2294 digentes
517 2212 557 2271 ad
581 2213 742 2272 clausuras
766 2211 795 2286 5,
818 2212 978 2273 fornacem
1003 2214 1162 2292 antiquam
1187 2214 1384 2274 mediocrem.

461 2318 509 2381 17.
533 2319 688 2379 Providus
720 2319 877 2400 Georgius
904 2321 1044 2394 Harbud,
1067 2321 1178 2381 nobilis
1201 2322 1360 2382 Francisci
1383 2321 1555 2382 Klaflurich
1579 2341 1632 2382 co·

351 2431 450 2506 lonus,
474 2429 601 2488 domum
624 2429 719 2487 habet
742 2429 865 2498 bonam,
901 2428 1047 2489 horreum
1071 2428 1196 2504 bonurn,
1231 2429 1327 2489 haras
1350 2430 1390 2488 ad
1415 2428 1435 2487 4
1473 2429 1635 2490 clausuras

352 2538 463 2610 bonas,
493 2535 653 2596 lomacem
681 2534 850 2613 pistoream
883 2537 1044 2614 antiquam
1074 2536 1141 2596 sine
1173 2536 1256 2596 bono
1285 2544 1368 2597 tecto
1391 2557 1447 2614 per
1469 2537 1632 2618 negligen-

354 2645 429 2705 tiam
453 2663 515 2703 non
539 2643 706 2721 provisam.

464 2748 511 2814 18.
535 2750 655 2812 Nobilis
677 2751 793 2811 Paulus
816 2751 944 2811 Czelich
967 2751 1062 2812 habet
1086 2753 1214 2813 domurn
1245 2752 1369 2824 bonam,
1400 2753 1546 2812 horreum
1578 2769 1636 2811 an·

350 2862 470 2941 tiquum
502 2858 667 2933 mediocre,
709 2859 803 2919 haras
834 2860 958 2919 novitus
998 2860 1139 2937 inceptas
1169 2860 1333 2919 ellaborari
1362 2860 1564 2938 biangulares
1595 2860 1636 2919 ad

352 2970 373 3029 5
405 2970 576 3040 clausuras,
606 2967 703 3045 portis
735 2976 765 3026 et
796 2966 983 3045 pavimentis
1015 2966 1200 3047 indigentes,
1231 2984 1390 3027 cameram
1420 2966 1567 3026 frumenti
1595 2967 1635 3026 ad

352 3077 431 3136 duas
455 3076 616 3135 clausuras
639 3074 830 3154 indigentem
855 3073 992 3147 basibus
1016 3074 1149 3134 culinam
1170 3073 1356 3135 forinsecam
1380 3073 1447 3134 sine
1471 3083 1560 3152 parte
1584 3092 1637 3133 su·

352 3184 466 3264 periuri
490 3192 521 3243 et
543 3191 634 3260 porta
657 3182 793 3260 antiqua,
817 3200 879 3259 quo
901 3181 1061 3241 fornacem
1090 3182 1273 3242 modernam
1312 3182 1472 3260 antiquam
1503 3182 1637 3241 transla-

352 3300 454 3353 turam
477 3289 559 3363 dicit,
583 3288 805 3349 columbarium
830 3289 989 3348 adunam
1012 3289 1187 3347 columnam
1211 3289 1377 3351 mediocre.

464 3395 512 3459 19.
543 3396 663 3457 Nobilis
694 3396 818 3455 Ioannis
841 3396 962 3475 Evang.
996 3396 1154 3456 Kollarich
1183 3397 1278 3457 habet
1307 3398 1435 3457 domum
1463 3416 1579 3458 novam
1601 3397 1633 3456 in

353 3505 497 3567 omnibus
521 3504 707 3565 necessariis
740 3502 908 3582 provisam,
946 3504 1093 3563 horreum
1126 3505 1251 3580 bonum,
1275 3507 1370 3565 haras
1393 3492 1572 3564 animaliur'n
1596 3505 1637 3564 ad

353 3611 373 3675 3
405 3614 574 3687 clausuras,
598 3613 651 3672 ubi
674 3621 706 3672 et
729 3630 855 3671 camera
877 3610 1024 3670 frumenti
1047 3612 1105 3671 sub
1129 3631 1192 3670 nno
1208 3621 1291 3672 tecto
1307 3620 1377 3690 post
1394 3611 1512 3689 aliquot
1533 3630 1632 3673 annos

354 3722 482 3783 basibus
506 3720 660 3801 indigens,
684 3719 778 3779 modo
795 3726 900 3779 autem
924 3719 1021 3778 harae
1044 3718 1226 3797 pavimento
1240 3718 1376 3779 inferiori
1399 3717 1551 3798 indigent,
1576 3716 1637 3779 lor·

353 3848 464 3890 nacem
488 3829 658 3908 pistoream
682 3846 745 3886 nou
769 3827 851 3887 bono
875 3833 958 3885 tecto
986 3826 1156 3904 provisam.

461 3934 513 3997 20.
537 3935 658 3995 Nobilis
688 3934 867 4013 Stephanus
897 3934 1062 3995 Arbanasz
1094 3933 1230 3993 Berzecz
1254 3933 1365 4011 dictus,
1393 3934 1487 3994 habet
1509 3934 1637 3994 domum

356 4046 386 4105 in
411 4052 494 4105 statu
517 4044 609 4117 ma10,
633 4043 779 4102 horreum
812 4041 974 4120 antiquum
998 4042 1090 4120 plane
1122 4042 1225 4101 nulius
1249 4042 1364 4102 valoris
1387 4042 1491 4113 habet,
1513 4041 1635 4120 indiget

356 4172 394 4213 ex
423 4152 546 4232 integro
580 4169 672 4223 novo,
707 4151 781 4209 talia
817 4158 889 4209 sunt
914 4148 1036 4224 robora,
1059 4156 1093 4208 ut
1116 4168 1179 4209 non
1202 4168 1258 4229 pro
1282 4149 1343 4209 alio
1366 4148 1428 4208 sint
1451 4168 1520 4222 usu,
1542 4167 1639 4228 quam

355 4278 412 4338 pro
437 4259 520 4339 igne,
544 4258 671 4317 harulas
695 4257 735 4316 ad
759 4256 838 4315 duas
861 4264 968 4334 portas
993 4256 1088 4315 etiam
1110 4256 1187 4316 nibil
1210 4258 1360 4317 valentes.

463 4364 514 4425 21.
539 4366 654 4424 Paulus
678 4364 793 4425 Novak
815 4363 911 4423 habet
935 4363 1111 4423 cubiculum
1134 4364 1324 4444 primum,.et
1339 4364 1475 4424 culinam
1498 4363 1530 4423 in
1553 4372 1638 4423 statu

356 4473 514 4548 mediocri,
552 4492 644 4533 secus
668 4472 772 4552 quoad
804 4473 931 4532 domum
962 4471 1047 4546 nihil,
1076 4473 1224 4531 horreum
1255 4472 1417 4551 antiquum
1440 4471 1638 4551 reparatione

354 4580 508 4661 indigens,
531 4599 629 4659 penes
653 4580 799 4639 horreum
823 4579 918 4639 habet
941 4579 1098 4638 stabulum
1121 4598 1253 4657 parvum
1277 4579 1447 4658 antiquum,
1478 4578 1638 4639 fornacem

354 4688 525 4767 pistoream
558 4687 654 4747 habet
684 4686 874 4747 mediocrem
901 4696 984 4747 tecto
1008 4705 1064 4766 per
1086 4686 1239 4747 incuriam
1275 4688 1359 4747 bono
1382 4706 1446 4747 non
1467 4687 1640 4766 provisam.

464 4792 516 4853 22.
543 4794 664 4854 Nobilis
687 4794 872 4854 Franciscus
910 4794 1081 4853 Klaffurich
1104 4794 1309 4873 posteriorem
1332 4794 1460 4855 domum
1483 4794 1522 4853 de
1547 4812 1640 4869 novo,

355 4902 490 4981 priorem
515 4900 674 4979 antiquam
707 4903 785 4961 bene
810 4910 987 4979 reparatam
1011 4901 1115 4975 habet,
1140 4902 1282 4979 adeoque
1304 4900 1449 4961 omnibus
1472 4920 1530 4980 pro
1555 4920 1641 4960 nunc
