3934 5550
852 684 969 759 tat.

383 905 476 964 Anno
505 902 596 967 1687.
625 902 672 966 16.
697 905 779 965 iunii.
809 905 923 965 Seliini.
1014 942 1017 947 -

276 1116 442 1181 Nicotaus
465 1116 634 1201 Erdeody,
656 1114 776 1195 bantra,
800 1115 917 1180 comiti
939 1119 1019 1181 terr.
1047 1107 1171 1201 campi
1199 1088 1384 1204 Turopoiia
1402 1113 1558 1198 'mundat

276 1228 315 1287 ut
349 1223 505 1288 tornines
535 1224 593 1287 su'i
619 1230 683 1309 pro
714 1223 768 1289 die
801 1237 850 1304 27.
883 1222 975 1287 iunii
1004 1224 1041 1287 in
1070 1224 1185 1287 eodem
1212 1213 1341 1309 Campo
1372 1226 1411 1290 in
1442 1231 1558 1291 costra

676 1333 770 1397 exire
792 1331 910 1415 parati
931 1336 1159 1421 compareant.

488 1568 650 1631 Generosa
674 1568 799 1629 domine
824 1569 924 1630 amice
948 1569 1155 1632 observande.

383 1712 519 1790 Quando
551 1712 676 1793 quidem
710 1732 787 1773 suae
818 1713 975 1773 maiestati
1008 1713 1248 1790 sacratissimae·
1280 1714 1407 1775 domino
1431 1714 1557 1775 domino

279 1828 387 1881 nostro
411 1820 653 1880 clementissimo
677 1820 720 1880 ita
746 1820 870 1899 placuit,
904 1820 1057 1899 nobisque
1081 1821 1112 1879 in
1135 1820 1291 1880 mandatis
1314 1822 1449 1901 benigne
1474 1841 1557 1881 com-

282 1928 373 2005 misit,
398 1935 432 1986 ut
452 1928 564 1988 ¹fideles
580 1928 673 1987 huius
696 1928 797 2007 regni,
821 1947 882 1988 non
908 1929 1008 1988 solnm
1032 1928 1150 1988 domini
1169 1936 1345 2009 magnates,
1369 1929 1426 1987 sed
1450 1937 1480 1988 et
1504 1948 1558 1987 no-

277 2035 365 2110 biles
390 2054 427 2096 ac
451 2035 502 2095 aiii
526 2035 655 2109 incolae,
679 2034 763 2095 omni
787 2055 849 2115 quo
873 2036 992 2096 meliori
1023 2046 1155 2115 possunt
1177 2044 1209 2095 et
1232 2036 1337 2096 valent
1367 2037 1468 2108 modo,
1500 2055 1556 2114 pro

282 2143 409 2203 servitio
433 2162 509 2203 suae
541 2142 714 2203 maiestatis
739 2142 970 2203 sacratissimae
995 2161 1033 2204 ac
1056 2136 1185 2222 publico'
1203 2142 1446 2203 Christianitatis
1473 2163 1554 2203 com-

276 2252 370 2311 modo
403 2253 443 2311 ad
474 2270 620 2329 campum
651 2251 813 2328 prodeant
844 2249 964 2310 Idcirco
992 2258 1117 2311 vestrae
1141 2249 1345 2310 dominationi
1369 2251 1556 2310 authoritate

274 2366 382 2419 nostra
416 2354 530 2430 hanah,
563 2366 594 2417 et
626 2358 719 2417 etiam
751 2356 783 2416 vi
814 2356 979 2436 praemissi
1010 2375 1088 2417 suae
1118 2357 1291 2417 maiestatis
1325 2357 1556 2417 sacratissimae

276 2465 415 2526 mandati
451 2466 493 2525 ad
528 2484 586 2525 nos
609 2463 745 2544 benigne
781 2464 909 2537 exarati,
942 2464 1022 2525 serie
1046 2464 1268 2524 committimus
1299 2472 1330 2523 et
1360 2464 1556 2538 mandamus,

274 2581 430 2650 quatenus
461 2572 604 2631 homines
635 2590 710 2631 suos
744 2572 787 2630 ita
810 2571 999 2649 disponeret,
1030 2582 1064 2631 ut
1094 2572 1143 2631 die
1180 2570 1242 2635 27..
1261 2572 1380 2632 mensis
1409 2570 1493 2645 iunii,
1526 2572 1554 2630 in

274 2680 342 2739 loco
366 2698 423 2739 seu
451 2678 575 2757 Campo
598 2679 776 2757 Turopoiia,
801 2698 926 2742 annona
949 2699 1006 2757 pro
1029 2678 1140 2739 castris
1165 2678 1307 2757 provisos
1331 2687 1553 2756 compareant;

276 2807 368 2848 secus
392 2789 568 2848 nullatenus
590 2786 650 2846 sub
672 2805 776 2865 poena
792 2787 963 2848 'articulari
993 2787 1123 2848 factura.
1155 2788 1189 2846 ln
1220 2787 1339 2865 reliquo
1370 2786 1487 2848 valebit
1510 2787 1552 2848 ie·

272 2894 378 2954 liciter.

382 3020 531 3081 Eiusdem
556 3039 732 3101 generosae
756 3019 977 3081 dominationis
1000 3030 1125 3081 vestrae

968 3165 1087 3224 amicus
1110 3165 1327 3245 paratissimus
1343 3203 1346 3209 ·

799 3273 916 3334 Comes
939 3274 1088 3334 Nicotaus
1111 3274 1268 3350 Erdeody,
1292 3274 1392 3334 banus
1415 3293 1455 3338 m.
1479 3293 1507 3352 p.

380 3418 495 3477 Datum
519 3417 644 3494 Selliny,
669 3417 719 3477 die
747 3414 794 3482 16.
818 3415 893 3477 iunii
921 3415 1013 3478 1687.

379 3559 558 3621 Interius
581 3559 616 3619 in
641 3562 771 3621 calce:
795 3561 902 3640 Spano
926 3562 1151 3639 Turopoliensi.

379 3686 423 3745 ln
447 3687 586 3745 dorso:
611 3685 775 3746 Generosa
792 3687 925 3752 domino.
934 3687 1028 3750 Petro
1040 3686 1178 3747 Vallicza
1196 3688 1285 3747 ahter
1295 3689 1553 3767 Szenkouachk)

274 3792 486 3852 universitatis
510 3793 658 3853 nobilium
682 3793 795 3873 Campi
819 3794 1042 3874 Zagrabiensis
1074 3795 1244 3873 Turopoiia
1267 3796 1341 3855 dicti
1364 3797 1469 3856 comiti
1492 3807 1552 3857 ter-

273 3899 363 3960 restri
387 3907 455 3974 etc,
480 3900 581 3960 amico
604 3901 897 3962 observandissimo.

379 4040 525 4111 Originale
553 4042 742 4108 chartaceum
769 4059 785 4096 a
810 4049 892 4122 tergo
917 4059 1085 4111 appressum
1112 4043 1242 4114 sigillum
1267 4061 1325 4113 quo
1350 4044 1431 4099 litera
1458 4044 1553 4148 clausa

269 4136 340 4184 crat.
359 4131 392 4184 In
411 4132 525 4185 archivo
544 4147 630 4184 omm,
650 4133 716 4186 nob
736 4133 772 4185 de
791 4131 952 4200 Turopoijc.
