3934 5550
387 385 460 451 440.

388 597 581 665 universitati
616 609 725 662 contra
755 598 916 660 dominum
947 596 1126 659 Emericum
1158 596 1305 671 Farkass
1337 594 1521 677 gremialem
1547 595 1665 657 vicess-

388 726 545 776 sessorcm
569 707 757 787 propositae,
773 706 857 786 quod
880 706 907 766 is
931 726 948 767 e
972 706 1042 766 luco
1066 703 1223 766 communi
1247 701 1290 764 56
1313 704 1413 765 frusta
1428 703 1593 784 lignorum,
1608 722 1667 763 nec

388 835 450 879 non
482 814 632 883 maiorem
665 813 869 894 quantitatem
902 831 1044 873 asserum
1086 810 1324 891 quercineorum
1356 830 1418 872 non
1452 811 1597 871 obstante
1620 829 1667 883 eo,

387 922 472 1003 quod
495 921 526 985 in
549 921 619 983 luco
654 922 771 983 nullum
806 922 897 999 plane
928 919 977 981 ius
1008 918 1038 979 ei
1068 926 1270 997 competeret,
1293 919 1441 981 decutere
1472 928 1504 979 et
1533 918 1667 979 evehere

389 1028 603 1103 attentaverim
636 1028 688 1109 qui
719 1028 920 1107 quaerulatus
944 1026 975 1087 in
999 1024 1210 1107 praesentiam
1232 1024 1444 1089 universitatis
1473 1044 1669 1105 comparens,

388 1136 557 1200 laesionem
582 1136 719 1215 aliquam
739 1133 933 1209 cambialem,
957 1152 1016 1197 nec
1039 1152 1102 1194 non
1125 1133 1289 1195 articulum
1305 1132 1527 1209 univcrsitatis,
1550 1141 1668 1193 utrum-

389 1264 450 1325 que
474 1244 514 1308 de
538 1262 620 1308 anno
647 1239 740 1305 1809.
760 1242 852 1303 huius
867 1241 1079 1320 producendo,
1103 1241 1152 1301 ius
1175 1260 1267 1301 suum
1290 1240 1496 1320 comprobare
1511 1240 1668 1303 nitebatur

390 1352 524 1432 quidem,
548 1371 619 1417 cum
644 1349 842 1415 nihilominus
866 1349 1015 1415 articulus
1032 1348 1242 1410 universitatis
1266 1349 1306 1409 de
1329 1346 1526 1409 intravillsno
1544 1366 1668 1427 posses-

390 1436 473 1525 soiio
502 1456 739 1524 Arbanasziano
768 1456 800 1517 in
831 1455 1077 1537 Nagy·Goricza
1107 1474 1164 1534 per
1192 1454 1352 1517 dominam
1383 1463 1561 1517 consortem
1594 1456 1669 1516 Far·

394 1566 575 1635 bassianam
599 1563 792 1645 praehabito,
822 1572 957 1639 sonaret,
980 1564 1077 1626 fassio
1101 1573 1206 1626 autem
1230 1563 1452 1625 concambialis
1467 1582 1523 1643 per
1539 1563 1672 1624 eandem

392 1673 552 1737 dominam
576 1659 818 1735 Farlrassianam
843 1670 1023 1733 successive
1046 1691 1118 1733 cum
1142 1670 1297 1733 nobilibus
1320 1669 1673 1752 Nagy-Goriczensibus

392 1780 557 1855 lstvanich,
589 1788 733 1859 respectu
764 1778 952 1842 intravillani
983 1780 1041 1854 sui,
1072 1786 1104 1840 et
1134 1777 1393 1849 lstvanichiorum
1424 1776 1620 1839 extravillani
1643 1785 1674 1837 et

393 1887 566 1969 respective
590 1888 752 1951 dumtaxat
776 1886 999 1961 diversorialis,
1022 1904 1085 1947 non
1102 1895 1207 1948 autem
1223 1886 1348 1947 curialis
1364 1885 1549 1965 possessorii
1565 1892 1675 1945 contra

393 1996 552 2077 antiquam
584 1996 697 2076 Campi
729 1996 820 2060 huius
851 1995 1111 2057 consvctudinem
1154 2004 1186 2055 et
1217 1995 1286 2055 iura
1317 1994 1476 2055 celebrata
1507 1993 1576 2072 ipso
1607 1993 1674 2053 iure

394 2106 477 2166 nulla
501 2104 660 2179 evaderet,
684 2123 723 2165 ex
748 2122 795 2180 eo,
820 2104 928 2169 habitu
951 2110 1106 2181 respecto,
1129 2102 1215 2182 quod
1242 2101 1402 2182 praefatus
1425 2100 1571 2165 dominus
1599 2102 1673 2161 Far·

393 2214 467 2281 kass
498 2212 528 2273 in
560 2231 619 2277 usu
651 2212 712 2274 luci
742 2212 826 2279 bona
857 2212 919 2273 fide
954 2210 1142 2278 constitutus
1174 2210 1275 2284 tuerit,
1307 2228 1364 2289 pro
1395 2210 1540 2271 omnibus
1564 2229 1581 2270 e
1605 2211 1675 2269 luco

394 2320 551 2389 communi
574 2320 692 2383 evectis
715 2320 808 2401 lignis
825 2329 857 2380 et
873 2318 1032 2379 asseribus
1051 2319 1092 2379 ad
1113 2320 1249 2380 florenos
1273 2315 1316 2378 30
1340 2316 1586 2379 conventionalis
1610 2336 1675 2377 mo·

396 2436 488 2491 netae
511 2428 746 2509 persolvendos,
769 2427 838 2506 ipso
862 2426 957 2489 etiam
981 2427 1011 2486 in
1036 2426 1068 2487 id
1091 2425 1316 2508 consentiente,
1332 2425 1490 2506 obligatus
1513 2424 1621 2500 extitit,
1637 2444 1676 2484 ea

394 2556 466 2603 cum
496 2534 682 2608 conditione,
718 2543 752 2595 ut
782 2534 813 2595 in
844 2543 1005 2613 posterum
1030 2534 1069 2595 ab
1093 2533 1178 2595 omni
1201 2553 1261 2594 usu
1282 2534 1342 2594 luci
1375 2532 1540 2608 abstineat,
1563 2542 1594 2593 et
1616 2532 1677 2593 nisi

394 2651 622 2724 praeattactam
645 2662 801 2703 summam
825 2642 1036 2721 depuraverit,
1068 2640 1174 2704 omnia
1206 2641 1319 2701 robora
1351 2649 1382 2701 et
1412 2658 1537 2701 asseres
1566 2639 1675 2700 diven-

396 2754 517 2830 dantur‚
541 2759 573 2814 et
595 2751 668 2814 inde
692 2751 863 2814 obtinenda
886 2750 1020 2831 pecunia
1044 2770 1155 2813 cassae
1178 2750 1372 2812 domesticae
1394 2748 1553 2811 inferatur.

506 2859 534 2919 2.
559 2860 609 2919 Ad
624 2859 868 2941 propositionem
884 2858 1087 2920 universitati
1109 2877 1166 2938 per
1189 2857 1324 2919 nobilem
1346 2857 1513 2936 losephum
1528 2857 1676 2931 Luchich‚

398 2969 531 3035 iudicem
562 2969 764 3038 Kuchensem
787 2969 912 3043 iactam,
944 2968 1028 3045 quod
1055 2967 1200 3030 dominus
1224 2967 1374 3046 Iosephus
1398 2967 1541 3028 Adamus
1564 2965 1678 3040 Koosz,

397 3095 541 3142 assessor
572 3076 741 3158 gremialis‚
776 3095 793 3136 e
826 3077 895 3136 luco
926 3075 1085 3138 communi
1115 3072 1203 3136 7000
1235 3093 1358 3136 asseres
1396 3075 1583 3154 quercineos
1609 3073 1678 3134 sinc

395 3185 552 3266 praescitu
585 3184 794 3246 universitatis
824 3183 962 3244 evexerit
994 3192 1026 3244 et
1057 3182 1239 3245 vendiderit
1274 3215 1313 3228 -
1356 3181 1406 3243 Ad
1432 3182 1678 3260 propositionem

396 3313 489 3373 porro
519 3291 632 3354 nobilis
663 3291 787 3353 loannis
820 3291 950 3367 Milloss,
982 3291 1094 3354 iudicis
1117 3291 1348 3352 Kobilichensis
1378 3290 1471 3365 illam,
1499 3291 1583 3370 quod
1606 3310 1677 3369 pro·

397 3401 482 3466 visor
505 3400 632 3466 dominii
656 3399 883 3460 Chernlrovecz
907 3399 1095 3460 Tunlrovich
1118 3398 1270 3460 maiorem
1291 3399 1449 3479 lignorum
1472 3399 1678 3477 quantitatem

397 3507 454 3570 sibi
478 3527 535 3587 pro
558 3527 617 3570 usu
641 3506 852 3569 Kobilichensi
877 3507 1107 3586 applacidatam
1131 3504 1257 3566 subdito
1279 3505 1403 3587 Papiga
1418 3503 1603 3580 vendiderit,
1618 3525 1678 3567 nec

397 3637 459 3677 nou
493 3615 622 3676 aliorum
654 3615 759 3693 plures
790 3614 966 3695 quaerellas
990 3613 1105 3674 decidit
1127 3612 1324 3688 universitas,
1347 3623 1381 3673 ut
1404 3622 1469 3673 tarn
1495 3613 1679 3691 praemissa,

397 3743 493 3804 quam
517 3731 548 3786 et
571 3723 676 3784 nelors
700 3721 760 3786 alia
784 3723 887 3783 adhuc
909 3721 1089 3794 detegenda
1112 3720 1257 3782 dominus
1281 3740 1388 3782 comes
1414 3720 1570 3782 terrestris
1594 3740 1677 3780 surn-

397 3833 495 3896 marie
518 3840 699 3912 cognoscat,
723 3830 847 3896 decidat
870 3837 902 3890 et
925 3849 1022 3908 super
1044 3830 1158 3890 effectu
1182 3829 1377 3890 universitati
1399 3829 1522 3890 reierat

505 3937 536 4000 3.
559 3940 656 4000 Lecta
688 3947 735 3998 est
766 3937 958 4016 protestatio,
992 3945 1022 3997 et
1054 3936 1229 4016 respective
1262 3936 1421 4015 quaerella
1457 3937 1577 3997 emeriti
1611 3935 1680 3996 susci

398 4046 515 4110 domini
548 4045 671 4108 loannis
701 4044 885 4106 Chunchich
918 4054 1027 4105 contra
1058 4043 1195 4104 nobilem
1217 4043 1412 4122 Stephanum
1435 4043 1606 4121 Sipussich,
1630 4043 1678 4102 iu·

398 4153 500 4214 dicem
524 4151 856 4234 Nagy·Goriczensem
890 4152 921 4212 in
953 4172 991 4212 eo
1023 4151 1213 4230 interposita,
1237 4152 1322 4229 quod
1343 4150 1394 4210 bic
1424 4151 1492 4211 sine
1523 4151 1680 4230 praescitu

398 4269 464 4322 tam
498 4277 571 4338 suo,
606 4278 700 4338 quam
739 4267 770 4319 et
809 4259 920 4336 prioris
955 4259 1072 4323 dornini
1104 4276 1215 4319 cassae
1253 4257 1513 4318 administratoris
1550 4257 1681 4338 Georgii

399 4367 579 4448 Pogledich,
606 4368 712 4426 claves
747 4366 852 4426 curiae
885 4366 1130 4447 Nagy·G0ricza
1159 4366 1307 4440 adimere,
1339 4365 1403 4424 imo
1438 4372 1471 4425 et
1504 4366 1680 4427 cubiculum

399 4474 623 4555 perceptorale,
655 4473 688 4534 in
719 4493 781 4552 quo
813 4473 957 4534 diversae
990 4491 1041 4534 res
1072 4473 1252 4534 reconditae
1276 4482 1376 4548 erant,
1399 4473 1503 4534 medio
1526 4472 1608 4533 tabri
1630 4491 1680 4533 se·

400 4580 472 4642 rarii
496 4579 608 4660 aperiri
633 4599 743 4643 curare
768 4599 828 4641 non
853 4568 1020 4656 erubuerit,
1057 4613 1097 4628 -·
1133 4581 1173 4641 ad
1197 4600 1292 4660 quam
1315 4581 1447 4662 praevio
1470 4580 1564 4642 modo
1587 4581 1680 4641 inter·

400 4688 535 4768 positam
558 4687 805 4767 quaerimoniam
824 4688 939 4750 decidit
961 4689 1159 4764 universitas,
1183 4707 1287 4750 rerum
1311 4690 1416 4751 nelors
1440 4690 1682 4772 deperditarum,

401 4805 432 4858 et
455 4795 586 4860 aliorum
611 4796 796 4861 damnorum
820 4795 973 4861 illatorum
1003 4817 1111 4868 coram
1133 4797 1236 4861 officio
1260 4797 1385 4860 comitis
1407 4797 1563 4861 terrestris
1596 4819 1680 4859 com·

402 4905 642 4985 probandorum,
667 4905 954 4984 compensationem
990 4905 1183 4986 suprafatum
1219 4907 1394 4968 incusatum
1430 4907 1557 4967 omnino
1592 4926 1679 4968 man·
