3934 5550
1508 427 1573 489 349

296 647 441 726 antiquas
466 667 557 707 secus
581 647 709 706 basibus
732 647 918 726 indigentes,
942 666 1087 705 camerae
1111 647 1193 705 duae
1223 645 1284 704 sub
1306 664 1368 704 uno
1392 653 1484 716 tecto,
1509 664 1571 704 una

293 755 406 830 lacobi,
430 755 490 814 alia
515 755 654 814 Mathiae
678 755 780 814 bonae
805 753 955 832 privatae.

397 881 448 944 51.
472 881 609 940 Mathias
632 880 843 956 Fabjanchich
878 880 972 939 habet
1005 878 1132 938 domum
1167 878 1282 938 bonam
1318 878 1348 938 in
1384 899 1447 938 una
1481 888 1570 958 parte

290 988 418 1048 basibus
441 987 642 1068 indigentem,
668 989 812 1048 borreum
837 987 952 1045 bonum
977 986 1148 1065 antiquum,
1165 1004 1262 1064 penes
1277 986 1336 1045 hoc
1360 985 1569 1066 foerrilegium,

291 1095 321 1155 in
345 1114 407 1174 quo
432 1109 493 1154 una
516 1095 635 1173 pariete
660 1095 786 1174 indiget,
811 1095 904 1152 haras
937 1093 1138 1172 biangulares
1162 1092 1203 1152 ad
1227 1091 1247 1152 5
1279 1093 1440 1151 clausuras
1471 1093 1570 1154 bonas

290 1203 469 1280 pavimento
494 1202 629 1263 inferiori
652 1203 837 1283 indigentes,
861 1219 1020 1261 cameram
1043 1220 1100 1278 pro
1124 1201 1278 1260 frumento
1301 1201 1417 1262 bonam
1440 1202 1569 1263 basibus

291 1310 510 1384 necessariam,
534 1312 691 1371 camerula
714 1311 861 1390 Agathae
885 1311 1000 1368 viduae
1024 1309 1160 1368 defuncti
1183 1309 1310 1368 Martini
1333 1309 1457 1387 privata
1478 1311 1570 1385 bona,

291 1418 466 1477 camerulae
501 1417 651 1496 Stephani
675 1426 706 1478 et
730 1417 853 1477 loannis
877 1417 1000 1495 Evang.
1026 1417 1168 1494 privatae
1184 1415 1294 1476 bonae.
1320 1417 1395 1476 ltem
1412 1420 1571 1478 camerula

290 1525 417 1604 antiqua
440 1525 595 1598 Mathiae3
620 1525 693 1584 item
718 1525 876 1584 chardaka
902 1523 1027 1584 loannis
1060 1524 1149 1602 bapt
1171 1542 1264 1599 nova,
1298 1525 1408 1584 fornax
1432 1526 1569 1603 pistorea

289 1630 462 1692 mediocris,
488 1631 561 1694 ltem
585 1632 712 1693 harulas
737 1651 792 1710 pro
816 1631 979 1692 maialibus
1013 1632 1112 1691 bonas
1145 1631 1326 1708 pavimento
1356 1632 1492 1693 inferiori
1525 1634 1569 1693 in·

292 1739 445 1820 digentes.

398 1846 450 1909 52.
474 1848 610 1908 Michael
634 1847 846 1924 Fabjancbich
868 1847 963 1906 lrabet
986 1846 1114 1906 domum
1139 1865 1254 1906 novam
1278 1848 1402 1922 bonam,
1422 1849 1567 1908 borreum

294 1955 454 2034 antiquum
478 1955 607 2014 basibus
631 1965 662 2015 et
693 1954 888 2033 reparatione
920 1953 1084 2033 indigeret,
1114 1955 1209 2014 haras
1244 1955 1447 2035 biangulares
1471 1975 1569 2016 novas

290 2062 389 2122 bonas
414 2063 564 2122 clausuris
589 2062 609 2122 5
633 2062 784 2140 provisas,
809 2069 839 2121 et
863 2059 892 2122 6.
917 2062 1062 2120 clausura
1094 2062 1220 2122 novitus
1243 2072 1365 2122 enecta
1389 2063 1456 2123 sine
1486 2074 1568 2124 tecto

291 2178 323 2228 et
346 2169 413 2229 aliis
437 2169 631 2242 necessariis
646 2188 803 2230 cameram
828 2187 884 2248 pro
907 2167 1063 2229 frumento
1080 2188 1194 2229 novam
1212 2170 1336 2244 bonam,
1352 2180 1424 2249 post
1442 2171 1568 2231 domum

292 2277 411 2357 indiget
435 2278 495 2337 alia
519 2297 645 2338 camera
669 2297 725 2355 pro
749 2278 898 2351 caulibus,
928 2295 1010 2354 pane
1034 2286 1065 2336 et
1099 2277 1200 2337 farina
1223 2274 1463 2357 componendis3
1494 2280 1569 2339 item

290 2403 415 2444 camera
433 2384 595 2446 Michaelis
612 2405 674 2444 una
698 2385 797 2458 bona;
817 2383 891 2443 item
915 2402 1042 2443 camera
1058 2384 1199 2446 Matbiae
1213 2387 1351 2466 antiqua,
1374 2387 1405 2446 in
1429 2407 1492 2466 qua
1507 2387 1567 2448 for·

296 2511 354 2553 nax
380 2501 437 2558 est.
460 2493 536 2553 Item
561 2493 649 2553 Pauli
674 2513 799 2554 camera
834 2492 981 2570 antiqua;
1014 2492 1089 2552 item
1120 2493 1249 2554 iunioris
1280 2495 1421 2555 Mathiae
1445 2513 1571 2556 camera

290 2601 429 2678 privata3
453 2601 527 2660 item
544 2602 667 2679 Iosephi
691 2609 722 2660 et
745 2600 870 2661 Ioannis
886 2600 975 2677 Bapt.
992 2618 1121 2659 camera
1137 2619 1215 2676 una3
1238 2601 1313 2661 item
1330 2621 1475 2664 camerae
1488 2604 1569 2664 duae

291 2707 421 2789 Georgii
444 2708 594 2787 privatae,
618 2727 729 2768 omnes
752 2709 782 2767 in
806 2708 888 2767 bono
912 2714 1004 2766 statu.

397 2813 449 2877 53.
473 2816 569 2877 Curia
594 2818 688 2878 totius
712 2816 824 2877 nobilis
847 2814 1080 2875 communitatis
1112 2816 1288 2877 Kuchensis
1319 2819 1486 2879 mediocris
1520 2839 1568 2880 re·

290 2924 452 3001 paratione
476 2925 663 2999 necessaria,
680 2945 774 3003 quam
799 2940 973 2995 censemus
998 2931 1086 2981 ntea
1103 2925 1193 3000 sylva
1215 2924 1318 2985 dictae
1338 2928 1568 2988 communitatis

290 3030 416 3108 propria
431 3042 601 3108 reparetur.

853 3294 871 3329 s
918 3246 937 3284 *
984 3291 1003 3331 s

398 3426 488 3485 Anno
518 3424 609 3491 1796.
625 3428 676 3487 die
693 3428 722 3487 5.
740 3429 885 3490 februarii
902 3430 1046 3489 venimus
1062 3431 1102 3489 ad
1119 3431 1352 3508 possessionem
1368 3432 1568 3508 Raldtovecz,

292 3534 344 3592 ubi
361 3534 578 3615 adinvenimus
602 3539 780 3615 sequentia:
1336 3619 1339 3623 λ

342 3718 345 3723 .
402 3663 426 3723 l.
450 3662 605 3723 Providus
628 3663 800 3744 Gregorius
825 3665 1036 3739 Tachkovich,
1061 3665 1203 3726 subditus
1232 3666 1446 3740 cameraticus,
1474 3668 1570 3727 habet

292 3788 406 3827 novam
432 3769 568 3845 domum,
593 3771 724 3848 primum
760 3772 936 3832 cubiculum
961 3792 999 3833 ex
1022 3773 1113 3833 bonis
1147 3772 1319 3849 roboribus,
1342 3775 1497 3851 posterius
1532 3795 1570 3835 ex

291 3875 429 3953 antiquis¹
441 3896 503 3936 non
519 3877 638 3955 pridem
656 3888 819 3953 erreetum,
837 3882 1017 3957 pavimento
1034 3880 1185 3958 superiori
1209 3880 1399 3955 destitutum,
1423 3900 1515 3941 secus
1538 3881 1569 3941 in

294 3982 376 4041 bono
401 3993 491 4057 statu,
517 3986 661 4044 horreum
686 3986 782 4046 habet
805 3987 964 4065 antiquum
991 3987 1119 4047 basibus
1143 3988 1296 4067 indigens,
1320 3989 1414 4047 haras
1437 3990 1569 4068 biangu·

225 4092 228 4097 '
294 4090 376 4149 lares
401 4092 545 4170 antiquas
569 4093 704 4171 quinque
729 4094 880 4154 clausuris
912 4096 1064 4173 provisae,
1094 4096 1222 4155 basibus
1252 4096 1347 4155 etiam
1372 4098 1569 4174 reparatione

291 4216 329 4259 ex
354 4198 458 4277 aliqua
482 4208 569 4277 parte
593 4200 778 4279 indigentes,
803 4220 960 4261 cameram
984 4202 1203 4262 frumentalem
1237 4222 1275 4263 ex
1298 4203 1389 4263 bonis
1406 4204 1569 4264 roboribus

294 4305 452 4383 antiquam
478 4316 559 4367 tecto
585 4307 741 4373 assericeo
758 4309 957 4389 indigentem
975 4310 1155 4389 Sequuntur
1170 4330 1315 4371 camerae
1331 4310 1473 4389 privatae
1490 4312 1568 4371 Gre-

289 4412 378 4490 gorii,
401 4416 558 4476 camerula
583 4424 655 4475 ante
680 4416 806 4476 domum
830 4417 922 4491 bona,
939 4436 1030 4481 secus
1054 4427 1126 4495 post
1149 4418 1266 4496 aliquot
1290 4437 1390 4479 annos
1412 4426 1496 4480 tecto
1521 4420 1565 4481 in·

289 4520 417 4598 digens;
441 4520 514 4584 item
538 4532 608 4599 post
631 4524 759 4583 domum
782 4542 908 4585 camera
933 4526 1072 4585 Mathiae
1096 4535 1128 4586 et
1151 4526 1277 4592 Martini
1308 4528 1366 4587 sub
1398 4546 1461 4587 uno
1484 4536 1568 4587 tecto

290 4627 383 4707 bona,
408 4637 478 4706 post
502 4630 618 4709 aliquot
642 4650 741 4693 annos
764 4633 892 4693 basibus
915 4633 1069 4713 indigens,
1092 4653 1185 4694 secus
1209 4634 1239 4694 in
1263 4635 1345 4693 bono
1374 4644 1467 4697 statu.
1491 4638 1568 4697 ltem

289 4754 415 4795 camera
440 4737 565 4796 Antonii
597 4738 725 4817 antiqua
756 4758 848 4799 secus
879 4740 971 4813 bona,
1003 4749 1086 4801 tecto
1110 4741 1268 4801 assericeo
1299 4744 1434 4820 provisa,
1457 4744 1567 4805 fornax

288 4841 424 4921 pistores
448 4852 531 4902 tecto
555 4864 616 4903 non
641 4846 766 4922 provisa
789 4847 880 4907 bono.

395 4948 424 5013 2.
450 4952 635 5015 Laurentius
660 4954 870 5031 Tachkovich,
895 4956 1036 5017 subditus
1067 4956 1282 5033 cameraticus,
1313 4957 1409 5018 habet
1441 4958 1566 5021 domum
