3934 5550
493 1238 587 1297 Anno
615 1234 706 1295 1734.
735 1233 782 1295 12.
813 1234 951 1294 ianuarii.

390 1432 578 1496 Processus
608 1431 727 1494 contro
760 1426 1018 1513 Margaretham
1045 1424 1238 1512 Pogladich,
1271 1397 1437 1510 Stephani
1473 1420 1665 1487 Koskouich

554 1541 755 1614 consortem,
779 1535 818 1600 ob
841 1539 941 1600 actus
962 1535 1099 1621 magiae
1123 1533 1316 1598 incusatum
1341 1534 1498 1619 (sogum).

496 1765 587 1825 Actio
610 1763 755 1844 generosi
779 1763 931 1822 Matthiae
956 1762 1092 1838 Mudieh‚
1116 1779 1178 1839 qua
1202 1760 1334 1836 inclytae
1358 1757 1525 1818 nobilitatis
1549 1755 1661 1834 Campi

391 1873 570 1950 Turopolya
600 1871 715 1930 fiscalis
748 1880 778 1929 et
813 1870 936 1942 actoris,
968 1877 1076 1928 contra
1100 1877 1130 1927 et
1155 1869 1305 1927 adversus
1337 1865 1572 1945 Margaretham
1604 1863 1664 1921 Po·

389 1981 521 2060 gledich,
545 1980 655 2039 nobilis
679 1978 829 2057 Stephani
846 1977 1025 2036 Koskouich
1051 1977 1271 2048 conthoralem,
1295 1974 1388 2034 veluti
1413 1973 1592 2032 modalitate
1617 1970 1660 2029 in·

392 2089 556 2166 trascripta
579 2107 690 2167 sagam
715 2097 746 2145 et
769 2086 801 2145 in
824 2105 953 2145 causam
977 2093 1151 2158 attractam,
1176 2103 1281 2144 coram
1310 2102 1359 2142 me
1387 2081 1521 2140 Matthia
1542 2077 1667 2152 Mixich,

393 2198 548 2258 antelatae
594 2173 804 2255 universitatis
840 2193 988 2253 nobilium
1019 2193 1184 2252 substituto
1219 2191 1331 2251 comite
1359 2189 1496 2249 terrestri
1522 2197 1553 2248 et
1578 2187 1667 2247 simul

392 2305 565 2383 capitaneo,
582 2282 777 2380 caeterisque
800 2301 876 2368 iuris
900 2300 1112 2360 assessoribus
1129 2310 1159 2360 et
1175 2299 1249 2359 iuris
1265 2297 1371 2377 peritis
1395 2297 1477 2371 viris,
1501 2295 1667 2356 occasione

393 2423 424 2472 et
447 2418 611 2490 praetextu
635 2410 831 2468 diversorum
851 2417 976 2468 actuum
1001 2408 1195 2488 magicorum
1219 2426 1275 2485 per
1300 2407 1432 2466 eandem
1458 2423 1532 2464 vero
1549 2403 1579 2463 in
1596 2423 1666 2462 cau·

393 2539 460 2579 sam
494 2524 658 2576 attractam
689 2523 937 2595 perpetratorum
967 2525 999 2574 et
1027 2515 1107 2574 inira
1138 2515 1263 2574 uberius
1296 2515 1548 2593 exponendorum
1585 2520 1668 2573 mota

395 2636 427 2686 et
450 2635 563 2684 crecta.

502 2731 644 2808 Qualiter
667 2731 810 2791 nimirum
843 2730 1112 2809 praementionata
1137 2731 1167 2790 in
1191 2749 1319 2791 causam
1345 2737 1484 2807 attracta,
1509 2731 1669 2811 ignoratur

397 2842 480 2900 unde
504 2848 597 2914 mota,
622 2858 724 2918 quove
748 2839 901 2898 diabolico
926 2847 957 2898 et
979 2840 1118 2919 maligno
1143 2840 1250 2918 spiritu
1276 2840 1315 2898 ad
1338 2840 1370 2898 id
1392 2840 1520 2899 inducta
1543 2848 1574 2899 et
1597 2858 1668 2898 con-

397 2948 502 3021 citata,
526 2948 699 3025 postposito
731 2947 781 3007 dei
814 2947 1037 3026 hominumque
1061 2946 1180 3019 timore,
1205 2947 1400 3026 iustitiaeque
1426 2966 1462 3007 ac
1485 2947 1591 3027 legum
1616 2965 1669 3023 pa·

395 3056 524 3115 triarum
540 3054 654 3135 rigore,
679 3055 842 3113 immemor
866 3054 1013 3133 imaginis
1038 3061 1068 3113 et
1092 3053 1209 3113 lormae
1234 3054 1367 3130 divinae,
1392 3056 1432 3114 ad
1456 3055 1543 3113 cuius
1567 3054 1669 3113 simili·

395 3150 536 3221 tudinem
569 3180 693 3239 quoque
725 3162 835 3220 eadem
867 3160 899 3219 in
930 3180 1059 3220 causam
1091 3168 1223 3220 attracta
1258 3170 1363 3221 creata
1395 3168 1487 3237 esset,
1520 3161 1670 3239 vilipenso

395 3268 625 3350 preciosissimo
657 3269 821 3329 salvatoris
856 3270 952 3328 nostri
988 3269 1140 3349 sangvine
1173 3288 1229 3349 pro
1264 3271 1363 3329 salute
1397 3278 1427 3329 et
1459 3269 1670 3347 redemptione

340 3420 346 3431 .
396 3377 523 3437 humani
547 3377 673 3458 generis
696 3376 831 3455 profuso
864 3376 1061 3455 foederisque
1085 3376 1117 3435 in
1141 3395 1230 3435 sacro
1254 3376 1451 3455 baptizmatis
1486 3379 1569 3437 lonte
1601 3394 1671 3435 cum

396 3494 536 3544 creatore
568 3503 624 3545 suo
654 3484 728 3558 initi,
756 3493 821 3543 tum
853 3472 934 3543 amio
966 3484 1060 3543 modo
1085 3484 1220 3543 currenti
1244 3484 1447 3562 inlrascriptO,
1480 3486 1550 3543 cuni
1575 3484 1668 3543 etiam

397 3592 536 3670 pluribus
560 3592 622 3652 iam
647 3592 779 3651 evolutis
810 3592 899 3651 annis
924 3600 954 3649 et
976 3592 1177 3669 temporibus,
1203 3592 1294 3669 idque
1318 3592 1449 3651 diversis
1474 3591 1548 3651 locis
1573 3599 1603 3650 et
1627 3590 1670 3649 vi-

397 3700 493 3772 cibus,
510 3699 616 3760 relicto
635 3693 696 3760 uno
715 3718 789 3759 vero
820 3708 850 3758 et
868 3698 1058 3776 sempiterno
1075 3699 1144 3771 de0,
1165 3698 1265 3775 ipsum
1290 3699 1386 3757 filium
1410 3700 1461 3761 dei
1475 3700 1581 3758 vivum
1605 3699 1670 3758 uni·

397 3806 538 3886 genitum
562 3813 734 3865 memorata
760 3807 790 3864 in
814 3825 943 3865 causam
968 3812 1099 3867 attracta
1125 3806 1323 3886 abnegasset,
1348 3806 1452 3867 omnia
1474 3806 1672 3879 Christianae

397 3914 470 3973 fidei
493 3914 680 3973 documenta
701 3914 899 3987 deseruisset,
922 3922 1119 3973 sacramenta
1142 3913 1292 3973 ecclesiae
1315 3933 1372 3993 per
1395 3914 1495 3993 ipsum
1512 3914 1672 3975 Christum

397 4020 538 4079 instituta
573 4019 793 4098 vilipendisset,
828 4039 942 4079 nomen
972 4021 1031 4095 dei,
1063 4022 1176 4079 beatae
1206 4021 1336 4102 virginis
1369 4022 1498 4093 Mariae,
1534 4022 1596 4082 imo
1628 4023 1671 4101 ip·

319 4204 324 4216 Ι
397 4128 528 4187 siusmet
558 4128 773 4188 sanctissimae
790 4115 965 4215 'Trinitatis
999 4146 1035 4188 ac
1068 4138 1246 4188 sanctorum
1279 4130 1328 4189 dei
1352 4130 1520 4191 blasfemiis
1545 4140 1576 4190 et
1600 4150 1672 4191 con·

398 4234 485 4294 viciis
508 4235 670 4295 horrendis
695 4235 873 4313 sprevisset,
889 4236 1022 4315 talisque
1047 4236 1196 4295 salvatori
1219 4256 1275 4296 suo
1300 4237 1423 4296 rebellis
1448 4238 1529 4297 lacta
1552 4238 1671 4314 luisset,

398 4360 513 4401 nomen
537 4360 627 4402 suum
652 4342 778 4402 demoni
800 4342 1017 4420 inscripsisset,
1047 4344 1211 4421 eidemque
1243 4354 1426 4422 perpetuam
1457 4345 1551 4403 fidem
1583 4364 1673 4404 suam

398 4450 541 4523 iurasset,
572 4450 634 4509 imo
666 4459 697 4509 et
728 4451 768 4509 ad
799 4450 1036 4510 contestandum
1070 4452 1172 4510 eidem
1203 4451 1383 4511 fidelitatem
1408 4452 1543 4533 sigillum
1567 4453 1671 4513 diabo-

398 4558 490 4617 licum
514 4558 636 4635 corpori
660 4576 717 4617 suo
740 4558 857 4637 imponi
882 4559 1068 4636 admisisset,
1093 4560 1200 4637 sieque
1224 4560 1347 4619 demoni
1372 4569 1556 4638 perpetuum
1582 4580 1672 4619 vasa-

397 4666 515 4744 logium
549 4665 764 4743 praestitisset,
797 4666 922 4745 saepius
953 4687 1023 4728 cum
1057 4670 1167 4729 eodem
1195 4669 1328 4728 demone
1353 4686 1476 4745 quoque
1509 4666 1673 4727 camaliter

397 4771 594 4848 convixisset,
629 4773 690 4832 imo
722 4792 794 4833 eum
826 4775 893 4834 aliis
926 4777 1127 4853 complicibus
1160 4777 1225 4834 suis
1253 4776 1292 4834 ad
1326 4774 1465 4834 eiusdem
1490 4775 1672 4835 detestantis

396 4880 522 4940 sceleris
554 4879 616 4941 reis
647 4880 706 4941 sibi
737 4880 911 4961 peroptime
945 4882 1034 4953 notis,
1060 4904 1096 4942 ac
1121 4902 1177 4942 suo
1201 4884 1278 4959 loco,
1311 4890 1451 4961 tempore
1477 4889 1507 4943 et
1531 4884 1583 4943 via
1605 4883 1670 4943 iure
