3934 5550
1453 416 1520 480 627

228 641 373 718 (quorum
406 661 462 718 pro
495 641 629 699 uberiori
660 641 852 702 celsitudinis
883 650 1008 701 vestrae
1034 642 1141 721 regiae
1166 636 1396 718 capacitatione
1425 635 1513 693 hicce

229 748 345 807 seriem
369 747 577 823 advolvimus)
612 748 652 808 ad
680 749 901 829 magistratum
929 750 1013 811 hunc
1042 750 1207 829 leguntur,
1238 747 1365 808 minime
1390 747 1516 806 demum

230 855 440 935 dispendiosa,
472 855 547 934 quia
570 863 602 914 et
627 855 694 915 sine
718 875 873 916 concursu
906 859 1140 932 advocatorum,
1164 865 1195 916 et
1218 857 1313 936 longe
1345 853 1516 913 minoribus

233 983 303 1023 cum
331 962 485 1040 expensis,
518 981 555 1021 ac
587 982 679 1022 secus
711 964 779 1024 fieri
810 966 898 1041 solet,
923 974 963 1038 et,
987 964 1046 1024 nisi
1070 965 1212 1044 gravitas
1240 963 1389 1023 substrati
1412 960 1519 1041 exigit,

234 1076 269 1129 ut
298 1068 465 1148 plurimum
497 1070 688 1130 verbotenus
719 1071 962 1145 administratur,
994 1091 1064 1132 curn
1096 1079 1262 1151 praeterea
1293 1071 1405 1150 vigens
1435 1069 1518 1146 apud

233 1197 293 1238 nos
317 1177 501 1237 iudiciorum
518 1177 628 1252 fornia,
646 1186 739 1256 atque
763 1179 847 1239 circa
871 1181 952 1239 hanc
976 1180 1137 1239 observari
1162 1179 1252 1239 solite
1277 1178 1518 1238 consvetudines

235 1306 293 1366 per
317 1294 363 1346 tot
385 1285 540 1366 gloriosos
563 1283 750 1365 Hungariae
776 1267 875 1368 ¹reges
899 1287 1112 1359 confirmatae,
1137 1306 1208 1346 cum
1233 1286 1366 1364 denique
1398 1285 1517 1362 legales

235 1396 303 1466 sint,
327 1413 491 1472 speramus
522 1412 607 1466 sane,
640 1395 773 1454 eandem
805 1403 897 1473 prout
929 1405 1021 1454 antea
1047 1394 1125 1454 divis
1150 1395 1309 1474 quondam
1332 1393 1517 1472 Hungariae

235 1502 377 1583 regibus,
417 1509 448 1561 et
482 1502 594 1561 inclitis
630 1502 763 1562 dominis
797 1503 929 1562 statibus
973 1511 1004 1562 et
1039 1502 1199 1562 ordinibus
1239 1500 1414 1560 diaetaliter
1447 1519 1518 1560 con·
1544 1509 1548 1522 ⁴

234 1609 387 1690 gregatis,
411 1611 455 1669 ita
478 1627 561 1668 nunc
584 1628 709 1690 quoque
733 1609 909 1670 celsitudini
933 1619 1058 1670 vestrae
1082 1609 1190 1690 regiae
1215 1609 1416 1667 vehementer
1444 1627 1515 1686 pro-

239 1722 345 1780 batum
370 1719 413 1780 iri.
436 1719 472 1777 In
494 1718 666 1778 humilitate
682 1737 775 1796 porro
797 1718 991 1794 confidimus,
1008 1718 1230 1778 celsitudinem·
1241 1724 1378 1774 vestram
1394 1714 1513 1794 regiam

237 1846 294 1908 pro
318 1847 376 1887 sua
399 1827 555 1901 eminenti,
578 1845 641 1904 qua
665 1827 759 1903 pollet
782 1826 976 1899 auctoritate,
999 1845 1055 1903 pro
1072 1827 1178 1884 innata
1203 1843 1281 1903 erga
1305 1823 1438 1901 quodvis
1463 1823 1515 1880 ho·

238 1936 356 1995 minum
379 1954 489 2014 genus,
513 1933 768 2012 miserioremque
798 1933 991 1992 nobilitatem
1020 1933 1123 2012 gratia
1146 1941 1178 1992 et
1201 1930 1427 2006 benevolentia,
1453 1949 1515 1989 non

239 2045 332 2103 modo
361 2043 445 2120 apud
477 2041 712 2122 regnicolariter
744 2041 919 2101 ordinatam
951 2041 1187 2118 deputationem
1211 2039 1381 2113 iuridicam,
1406 2057 1515 2097 verum
1580 2055 1583 2064 ¹

239 2153 333 2211 etiam
365 2150 449 2228 apud
480 2170 570 2209 suam
601 2149 797 2209 maiestatem
828 2148 1082 2223 sacratissimam,
1115 2156 1145 2206 et
1177 2167 1233 2206 suo
1264 2156 1405 2224 tempore
1433 2146 1516 2223 apud

239 2259 360 2322 inclitos
395 2258 538 2317 dominos
569 2265 669 2316 status
701 2265 731 2316 et
763 2256 888 2316 ordines
913 2256 1088 2316 diaetaliter
1112 2255 1363 2335 congregandos,
1399 2253 1517 2331 potenti

239 2387 296 2429 suo
326 2366 497 2446 patrocinio
520 2366 551 2426 id
575 2366 711 2446 benigne
743 2373 890 2436 acturam,
915 2374 949 2423 ut
972 2384 1029 2425 nos
1053 2366 1084 2424 in
1107 2364 1255 2442 legalium
1282 2363 1516 2442 privilegiorum

240 2486 271 2534 et
299 2454 529 2534 immunitatum
561 2481 738 2533 nostrarum
768 2492 827 2532 usu
861 2491 952 2551 porro
991 2490 1115 2550 quoque
1152 2489 1382 2544 conservemur,
1416 2489 1517 2547 neque

239 2585 299 2642 hoc
329 2582 521 2643 domesticae
551 2581 781 2654 consolationis,
807 2589 838 2640 ct
861 2580 1022 2658 principali
1053 2587 1179 2639 nostrae
1207 2578 1428 2637 subsistentiae
1453 2596 1517 2636 me·

240 2692 291 2751 dio
330 2689 543 2750 destituamur.
585 2690 653 2747 Hoc
686 2696 733 2747 est
772 2688 905 2761 unicum,
943 2706 1005 2766 quo
1046 2687 1182 2748 maiores
1221 2686 1317 2744 nostri
1353 2685 1392 2744 ob
1427 2703 1516 2763 prae·

240 2800 313 2859 stita
336 2800 419 2858 nullo
443 2818 505 2857 non
528 2807 669 2875 tempore
693 2797 839 2856 distincta
862 2816 933 2855 curn
957 2815 1067 2855 sacrae
1089 2796 1177 2875 regni
1193 2812 1336 2867 coronae,
1354 2802 1420 2852 tum
1436 2794 1516 2852 divis

240 2907 423 2988 Hungariae
446 2905 574 2985 regibus
605 2904 742 2979 servitia,
765 2923 842 2982 prae
865 2904 990 2982 reliquis
1015 2904 1169 2963 nobilibus
1192 2902 1329 2961 distincti
1354 2907 1433 2974 sunt,
1458 2902 1518 2960 hoc

240 3017 372 3087 unicum,
388 3015 471 3093 quod
486 3020 634 3087 testatur;
657 3012 862 3085 miseriarum,
887 3021 918 3071 et
941 3012 1162 3085 calamitatum,
1186 3029 1265 3090 quas
1289 3027 1364 3087 prae
1389 3008 1515 3087 reliquis

239 3124 391 3183 nobilibus
408 3122 613 3200 patiebantur,
630 3120 829 3200 condignam,
846 3130 878 3178 et
893 3119 1062 3199 benignam
1087 3116 1226 3176 habitam
1242 3117 1338 3175 fuisse
1355 3115 1517 3188 rationem,

239 3234 298 3291 hoc
321 3231 455 3309 denique
479 3230 613 3305 unicum,
643 3230 727 3308 quod
751 3247 771 3286 a
794 3228 977 3287 celsitudine
1002 3232 1108 3285 vest'ra
1132 3226 1221 3305 regia
1244 3224 1422 3284 humillimis
1446 3242 1515 3300 pre-

239 3339 326 3399 cibus
357 3358 394 3398 eo
427 3336 586 3397 ardentius
618 3354 793 3407 exoramus,
827 3334 911 3413 quod
935 3336 1002 3394 sine
1026 3335 1085 3392 hoc
1110 3334 1286 3391 nullatenus
1314 3332 1420 3391 felices
1445 3349 1516 3390 esse

239 3448 403 3526 possimus.
430 3446 493 3522 Qui
515 3446 547 3504 in
570 3445 689 3523 reliquo
713 3444 744 3501 in
760 3443 876 3502 iustitia
900 3452 931 3500 et
954 3442 1148 3521 benignitate
1174 3440 1364 3499 celsitudinis
1389 3449 1515 3497 vestrae

239 3556 346 3635 regiae
370 3553 478 3613 confisi
502 3554 677 3626 emorimur,
704 3551 866 3611 humillimi
890 3550 973 3609 servi
1004 3549 1190 3608 universitas
1221 3548 1369 3607 nobilium
1402 3544 1516 3625 Campi

238 3664 426 3741 Turopolya.
458 3662 621 3720 Dabantur
644 3681 683 3720 ex
706 3659 848 3740 generali
874 3666 979 3717 nostro
1004 3676 1060 3735 pro
1089 3653 1137 3717 10.
1162 3662 1193 3715 et
1217 3655 1418 3734 sequentibus
1443 3654 1517 3713 maii

243 3768 334 3832 1793.
359 3771 454 3850 Nagy
477 3768 632 3829 Goriczae
656 3768 813 3828 celebrato
838 3784 1019 3845 congressu.

665 3914 762 3971 Lecta
788 3921 820 3971 et
843 3919 1026 3987 comparata
1057 3927 1114 3987 per
1140 3906 1305 3985 Iosephum
1329 3906 1516 3981 Gerdenich,

666 4020 876 4080 universitatis
892 4018 1042 4078 nobilium
1059 4016 1172 4093 Campi
1189 4015 1358 4092 'l'uropolia
1381 4015 1516 4073 iuratum

847 4126 1038 4186 ordinarium
1064 4124 1218 4183 notarium
1243 4143 1281 4182 m.
1305 4143 1334 4200 p.

345 4255 491 4341 Originale
510 4272 537 4323 in
558 4271 672 4323 archivo
687 4285 797 4337 regnor.
818 4268 848 4322 C.
868 4266 896 4320 S.
917 4273 946 4319 et
965 4266 999 4319 D.
1022 4266 1188 4337 Zagrabiae:
1207 4265 1279 4315 Acta
1291 4262 1517 4329 Turopoliensia.

350 4452 355 4477 ¹
375 4452 423 4505 sic.
