3934 5550
1523 474 1590 544 499

304 715 398 777 super
428 696 642 757 claudenstina
667 744 672 755 .
697 745 703 757 .
729 745 734 758 .
760 744 768 759 .
790 696 974 758 tractatione
1009 692 1158 759 nobilium
1181 695 1308 757 Martini
1330 700 1485 771 Bruchek,
1519 698 1587 759 Ste-

304 806 397 884 phani
422 806 568 865 hrbanaz
585 813 634 865 et.
660 850 666 864 .
692 852 697 861 .
724 853 729 865 .
755 806 921 883 Pepelych.
947 806 1066 865 Nobilis
1084 805 1241 885 Georgius
1262 806 1494 866 Zlobodchinus
1517 825 1586 885 per·

305 914 452 973 sonaliter
484 915 631 975 admonet
665 920 763 973 totam
795 913 1059 988 communitatem,
1092 923 1125 973 ut
1156 914 1240 973 bona
1271 932 1329 973 sua
1363 934 1419 993 per
1454 914 1589 974 nobilem

305 1022 482 1101 Casparum
502 1023 595 1082 Hada
615 1031 772 1100 utcunque
793 1022 971 1081 abalienata
995 1068 1125 1085 .....
1158 1040 1286 1083 suorum
1310 1024 1454 1102 expensis
1471 1023 1587 1081 iuvent.

413 1175 545 1191 .....
570 1128 710 1189 extranei
734 1136 765 1188 et
789 1128 883 1187 etiam
915 1130 1079 1189 domestici
1102 1130 1185 1190 bona
1216 1131 1248 1190 in
1278 1132 1382 1191 medio
1414 1129 1585 1190 communi·

308 1238 381 1297 tatis
399 1238 560 1310 habentes,
586 1237 614 1296 in
640 1236 742 1315 prima
764 1237 839 1296 sede
865 1236 989 1313 'domini
1015 1238 1136 1297 comitis
1159 1240 1369 1318 peremptorie
1395 1238 1527 1298 citentur
1556 1245 1590 1295 ut

305 1346 478 1405 secundum
502 1344 739 1404 constitutiones
763 1342 901 1421 priorum
925 1362 1080 1403 annorum
1104 1345 1279 1422 puniantur.

1278 1454 1427 1513 Notarius
1450 1472 1489 1513 m.
1516 1473 1543 1530 p.

410 1556 553 1627 Originale
572 1556 760 1611 chartaceum.
780 1556 810 1607 ln
830 1554 944 1607 archivo
963 1571 1106 1609 commun.
1132 1557 1198 1611 nob.
1218 1558 1255 1610 de
1274 1557 1441 1626 Turopolje:
1460 1556 1585 1626 Congre-

303 1646 454 1717 gationalia
473 1646 541 1699 lasc.
560 1647 585 1698 4.

412 1806 419 1835 ¹
441 1808 482 1860 12.
503 1813 576 1874 sept.
869 1878 888 1917 ἐκ
999 1878 1017 1918 ss

934 1924 952 1962 tit

415 2076 507 2139 1613.
533 2078 609 2136 teria
633 2084 722 2136 sexta
745 2076 887 2154 proxima
917 2086 989 2154 post
1012 2077 1126 2138 testum
1150 2080 1361 2157 conceptionis
1385 2080 1585 2142 beatissimae

305 2186 434 2265 virginis
459 2185 588 2261 Mariae,
617 2184 676 2244 hoc
701 2192 748 2243 est
771 2182 802 2242 in
827 2184 906 2243 testo
930 2184 1045 2243 beatae
1069 2186 1184 2246 Luciae
1207 2187 1338 2267 virginis
1362 2197 1393 2247 et
1417 2184 1586 2266 martyris¹,

302 2295 458 2354 celebrata
492 2302 540 2353 est
571 2289 777 2371 congregatio
807 2291 963 2370 generalis
995 2293 1144 2353 nobilium
1173 2294 1286 2373 Campi
1309 2295 1531 2375 Zagrabiensis
1555 2297 1584 2355 in
1626 2282 1630 2290 ⁵

303 2401 431 2461 castello
447 2419 556 2459 eorum
579 2398 611 2458 in
636 2398 834 2477 possessione
859 2397 936 2458 Also
960 2400 1127 2459 Lukauecz
1151 2400 1274 2479 Campo
1298 2410 1329 2461 et
1352 2404 1501 2463 comitatu
1524 2406 1583 2463 Za·

303 2508 462 2589 grabiensi
487 2506 631 2567 existenti
654 2506 769 2566 habito.

409 2618 443 2676 ln
474 2616 619 2676 comitem
653 2614 764 2674 iterum
797 2614 920 2694 eligitur
953 2624 984 2675 et
1014 2616 1214 2676 confirmatur
1247 2619 1396 2698 egregius
1427 2618 1584 2699 Georgius

302 2726 436 2805 'Vagych
468 2725 525 2784 sub
557 2723 701 2784 omnibus
733 2730 763 2782 et
795 2722 927 2802 singulis
959 2724 1090 2802 punctis,
1122 2724 1269 2786 clausulis
1292 2735 1324 2786 et
1348 2726 1483 2787 articulis
1512 2728 1585 2787 hac·

303 2844 393 2893 tenus
417 2853 472 2912 per
496 2835 627 2893 eandem
653 2832 908 2892 communitatem
931 2833 1068 2894 sancitis.

408 2941 585 3001 Restantias
610 2960 665 3019 per
688 2939 833 3000 denarios
851 2937 902 3013 80,
927 2940 1103 3020 impositam
1128 2941 1387 3001 contributionem
1411 2941 1451 3001 ad
1474 2961 1583 3002 neces-

302 3049 425 3108 sitatem
461 3067 667 3122 communem,
699 3055 862 3107 exactores
894 3045 1001 3107 itidem
1032 3047 1167 3128 exigent,
1191 3047 1244 3125 qui
1268 3048 1418 3108 hactenus
1449 3049 1583 3126 fuerunt,

303 3159 342 3216 ad
365 3157 479 3216 festum
496 3156 709 3236 Epiianiarum
725 3151 842 3214 domini
858 3153 998 3231 proxime
1017 3149 1204 3229 venturum²,
1224 3155 1281 3214 sub
1305 3174 1408 3234 poena
1432 3157 1584 3217 hactenus

301 3263 428 3324 sancita.

410 3373 442 3431 ln
465 3372 682 3431 vicecomitem
706 3372 774 3430 loco
798 3372 920 3452 egregii
936 3370 1064 3430 Martini
1078 3370 1222 3429 Brucheh
1239 3369 1364 3449 eligitur
1386 3371 1497 3432 nobilis
1521 3373 1583 3433 Ge-

301 3481 408 3560 orgius
432 3478 662 3556 Zmolkowych
686 3480 724 3539 de
748 3480 968 3554 Buhouschah‚
988 3478 1041 3558 qui
1057 3497 1129 3537 mox
1146 3486 1178 3538 et
1192 3478 1261 3556 ipso
1277 3479 1359 3538 lacto
1375 3477 1582 3540 iuramentum

300 3588 460 3666 praestitit.
614 3569 616 3576 Ι
1505 3668 1509 3673 ἢ

408 3697 491 3756 Loco
516 3695 637 3755 Nicolai
660 3696 818 3773 Pepelych
842 3695 873 3755 in
897 3697 1043 3775 lugarum
1074 3693 1199 3773 eligitur
1228 3693 1339 3754 nobilis
1370 3694 1494 3773 Caspar
1525 3697 1582 3756 Pe-

301 3802 403 3881 pelieh
426 3803 465 3862 de
489 3797 625 3865 Plezzo³.
651 3802 738 3862 Alter
761 3803 853 3882 lugar
876 3822 933 3862 seu
957 3803 1106 3878 sylvanus
1130 3800 1254 3880 eligitur
1270 3801 1381 3861 nobilis
1404 3802 1583 3881 Stephanus

299 3911 437 3987 Modych
470 3911 508 3970 de
541 3911 636 3990 Nagh
670 3910 800 3982 Mlaka,'
819 3909 871 3988 qui
904 3917 1136 3969 sacramentum
1167 3908 1206 3967 de
1240 3908 1322 3967 lacto
1353 3909 1583 3988 praestiterunt

301 4019 408 4097 Lugar
431 4037 487 4077 seu
512 4018 661 4094 sylvanus
685 4017 724 4077 de
751 4017 907 4076 montibus
931 4015 1080 4077 nobilium
1101 4024 1229 4075 sanctae
1244 4016 1434 4076 Catherinae
1458 4018 1497 4077 de
1520 4018 1583 4077 Do·

299 4125 414 4184 brancz
444 4127 544 4185 Zenth
574 4126 720 4202 Katalyn,
751 4125 863 4185 nobilis
887 4127 998 4184 Petrus
1032 4124 1121 4183 Kooz
1151 4125 1190 4184 de
1214 4124 1387 4197 Dobrancz‚
1419 4125 1470 4204 qui
1502 4125 1582 4184 iura·

298 4240 437 4292 mentum
469 4231 631 4313 praestitit.
664 4233 837 4308 Vayvodae
869 4251 966 4310 penes
997 4231 1133 4291 eundem
1168 4232 1244 4290 fient
1266 4230 1319 4310 qui
1343 4241 1445 4292 antea.

406 4341 440 4400 ln
463 4342 604 4400 fiscalem
628 4340 753 4421 eligitur
784 4340 933 4420 egregius
956 4339 1135 4417 Stephanus
1158 4339 1306 4398 Arbanaz
1330 4338 1369 4397 de
1392 4337 1468 4397 Also
1493 4339 1582 4397 Lom-

298 4467 406 4526 nycza,
430 4447 483 4528 qui
508 4449 716 4508 iuramentum
744 4467 869 4528 quoque
892 4466 965 4508 mox
990 4447 1029 4506 de
1052 4447 1138 4507 facto
1161 4446 1323 4525 praestitit.

406 4558 508 4617 Penes
533 4558 681 4634 sylvanos
705 4575 761 4616 seu
785 4558 913 4636 lugaros
930 4554 1096 4631 vayuodae
1111 4554 1284 4634 eliguntur:
1307 4554 1427 4613 nobiles
1442 4554 1582 4614 Thomas

301 4664 469 4741 Therbych
495 4665 533 4723 de
557 4665 679 4740 Plezw,
704 4664 814 4722 Petrus
831 4663 1019 4740 Krysanych
1040 4662 1079 4721 de
1103 4662 1273 4738 Mraczlyn,
1297 4662 1445 4721 Nicolaus
1469 4662 1579 4740 Ztepa·

299 4771 381 4847 nych
408 4771 447 4830 de
470 4772 547 4831 Also
575 4771 764 4847 Lomnycza,
795 4769 950 4830 Martinus
981 4768 1146 4848 Sipwsych
1171 4770 1209 4828 de
1234 4769 1329 4850 Nagh
1353 4769 1506 4846 Gorycza,
1530 4770 1583 4848 qui

300 4877 508 4940 iuramentum
539 4879 779 4958 praestiterunt3
810 4879 884 4938 item
916 4879 1082 4954 vayvodae
1115 4887 1206 4938 erunt
1232 4878 1387 4938 Martinus
1410 4877 1491 4937 filius
1514 4878 1582 4938 Ste-

300 4987 397 5064 phani
424 4987 573 5064 Luchych
599 4988 638 5047 de
661 4986 791 5063 chhe,
816 4985 953 5045 Michael
976 4986 1159 5064 Ztepanych
1183 4986 1222 5046 de
1245 4985 1420 5046 Kotiloucz.

1469 5106 1484 5139 O
