3934 5550
431 423 495 492 596

424 655 566 720 attracta,
600 645 632 706 in
667 647 867 728 paragrapho
902 642 947 708 sic
979 643 1179 710 sonantibus:
1219 642 1360 728 »jeszem
1395 643 1508 712 isztinu
1542 643 1706 731 povedala,

421 752 542 828 jeszem
573 753 643 812 hisu
676 756 798 831 lmyeza
836 755 963 814 lstvana
995 756 1217 816 Koszlrouicha
1250 776 1356 838 nyega
1385 777 1407 834 y
1440 778 1518 818 senu
1550 768 1608 823 etc.
1638 759 1705 819 radi

423 860 523 921 lantiti
554 881 607 921 sze
642 864 704 922 nad
736 863 841 939 nyimi,
872 865 929 923 rad
963 864 1063 944 thoga
1093 867 1198 938 zroka,
1223 865 1263 924 da
1288 883 1343 924 szu
1376 884 1475 926 ravno
1498 867 1550 926 ovi
1573 868 1704 926 szuedo·

424 969 506 1044 chyli
521 988 623 1042 name,
646 989 667 1045 y
690 970 837 1030 vuchinili
859 990 911 1030 me
927 971 1038 1049 pryeti,
1062 991 1083 1047 y
1107 973 1160 1031 tho
1183 993 1225 1031 na
1249 975 1460 1054 raszpethoga
1482 975 1595 1055 Bogha
1610 994 1704 1053 moga

424 1094 486 1135 ovu
509 1076 604 1155 peldu
627 1078 798 1154 priszesem
821 1078 905 1138 malo
921 1080 999 1156 pred
1015 1079 1186 1155 szmrtjum,
1211 1081 1252 1140 da
1274 1100 1329 1140 szu
1346 1081 1456 1141 chiszti
1470 1102 1491 1158 y
1506 1082 1704 1160 pravichni‹;

425 1183 497 1242 dein
521 1184 614 1242 aliam
647 1194 792 1262 respectu
821 1194 1037 1263 praeattactae
1064 1186 1164 1246 Sussa
1187 1196 1219 1247 et
1241 1197 1428 1265 praetensae
1451 1189 1483 1248 in
1507 1209 1635 1249 causam
1659 1199 1704 1248 at·

425 1299 554 1364 tractae,
589 1291 681 1352 aliam
706 1293 930 1372 Margarethae
953 1293 1093 1354 Sebinka
1117 1295 1282 1373 expeditae
1298 1296 1439 1356 similiter
1462 1297 1703 1372 revocationem,

423 1415 478 1476 per
510 1398 645 1458 nobilem
676 1399 849 1479 Georgium
880 1401 1037 1459 lanichich
1062 1399 1209 1478 auditam,
1233 1422 1327 1481 quam
1360 1411 1391 1462 et
1421 1412 1541 1482 peteret
1564 1404 1622 1464 iuri
1645 1423 1699 1483 per

423 1507 557 1566 eundem
582 1507 769 1583 audientem,
794 1508 837 1567 ita
860 1515 891 1567 et
914 1527 971 1586 per
994 1509 1130 1569 nobilem
1154 1509 1327 1590 Georgium
1351 1511 1518 1590 Glagolich
1539 1512 1701 1591 expeditae

422 1613 599 1676 Koszianae
633 1623 779 1692 respectu
814 1624 1029 1693 praeattactae
1064 1616 1217 1694 Czunyek
1249 1637 1286 1678 ac
1319 1638 1420 1697 aeque
1451 1628 1637 1697 praetensae
1669 1619 1701 1678 in

421 1739 550 1780 causam
574 1729 726 1782 attractae
750 1722 890 1802 legitime
918 1723 1035 1797 reterri,
1060 1733 1207 1784 contextu
1231 1744 1364 1803 quorum
1388 1746 1458 1785 cum
1475 1726 1698 1805 protestatione

425 1829 465 1887 ad
488 1829 619 1906 petitum
651 1830 861 1906 procuratoris
891 1833 1006 1889 actoris
1029 1839 1268 1908 praetensarum
1292 1831 1322 1892 in
1347 1851 1474 1892 causam
1499 1841 1700 1893 attractarum

422 1937 599 2013 postulatae
622 1936 797 2014 personalis
819 1937 880 1996 litis
904 1939 1150 2011 contestationis,
1174 1938 1249 1998 dicit
1272 1958 1309 1998 ex
1334 1948 1423 2017 parte
1447 1940 1617 2000 earundem
1645 1957 1699 2017 per

421 2052 655 2121 procuratorem
679 2045 868 2124 allegantem
883 2045 1021 2126 legitime
1038 2047 1211 2106 institutam
1231 2066 1302 2107 esse
1319 2047 1490 2123 defensam,
1506 2049 1696 2127 praeviaque

421 2151 571 2231 negativa
601 2153 758 2212 mediante
791 2152 876 2212 litem
908 2161 1116 2214 contestatam
1139 2173 1241 2235 neque
1266 2157 1358 2216 aliam
1383 2175 1453 2216 esse
1478 2155 1697 2230 necessariam,

420 2277 492 2317 cum
515 2261 647 2319 eaedem
670 2259 702 2319 in
726 2276 853 2320 causam
879 2269 1031 2321 attractae
1056 2280 1111 2338 pro
1135 2262 1354 2342 praesentibus
1369 2264 1554 2338 habeantur,
1578 2272 1609 2324 et
1630 2272 1696 2322 tan·

421 2384 516 2444 quam
539 2368 751 2444 praesentium
774 2369 936 2448 negotium
960 2386 1017 2447 per
1040 2378 1274 2448 procuratorem
1297 2379 1513 2450 exponeretur,
1535 2369 1588 2448 ita,
1608 2376 1698 2449 prout

421 2473 553 2533 eaedem
569 2474 601 2533 in
615 2494 744 2534 causam
769 2484 922 2535 attractae
946 2477 1061 2555 exponi
1086 2485 1244 2554 cuperent,
1268 2497 1365 2556 quare
1390 2479 1430 2538 ad
1454 2478 1626 2556 praemissa
1641 2496 1698 2537 sua

420 2597 455 2639 se
472 2580 644 2655 referendo,
660 2583 738 2660 petit
753 2582 908 2662 legalibus
932 2583 998 2642 suis
1022 2583 1054 2644 in
1080 2583 1274 2644 iudiciariam
1289 2585 1490 2645 reflexionem
1508 2584 1698 2646 summendis

420 2688 542 2761 deterri,
575 2707 614 2748 ac
643 2689 843 2749 nihilominus
876 2709 1001 2750 rursum
1033 2709 1072 2750 ex
1104 2691 1372 2771 superabundanti
1404 2693 1488 2752 velut
1519 2692 1698 2770 praemissis

419 2795 483 2855 suis
518 2795 680 2872 stantibus,
716 2798 746 2857 in
782 2817 914 2877 quorum
950 2798 1095 2858 videlicet
1130 2799 1334 2861 subsistentia
1365 2799 1491 2859 indubie
1528 2799 1699 2860 confideret

418 2904 499 2964 ultro
522 2924 653 2983 quoque·
670 2905 702 2964 in
726 2924 797 2964 eum
822 2924 939 2980 casum,
972 2925 1035 2984 quo
1068 2906 1279 2984 procuratoris
1303 2907 1417 2967 actoris
1451 2907 1603 2968 actionale
1634 2925 1697 2966 res·

323 3088 329 3093 ¹
418 3020 512 3091 pectu
528 3013 690 3073 cuiusdam
708 3020 845 3073 torturae
861 3022 1048 3092 praetensae
1072 3015 1301 3075 considerando
1323 3033 1380 3094 per
1402 3015 1621 3075 inconcessum
1644 3034 1695 3075 as·

421 3119 534 3178 summi
558 3121 685 3194 valeret,
709 3121 836 3180 minime
860 3121 891 3180 in
914 3122 1068 3181 eiusmodi
1083 3122 1227 3181 meritum
1244 3122 1469 3182 consentiendo
1493 3130 1523 3183 et
1546 3124 1697 3182 duntaxat

417 3224 479 3284 fine
511 3227 793 3304 superabundantis
823 3227 1043 3287 declarationis
1074 3228 1259 3309 adiungeret
1289 3228 1443 3307 prioribus
1469 3228 1534 3288 suis
1566 3229 1605 3288 ab
1640 3229 1694 3288 ad·

422 3316 514 3392 verso
545 3333 628 3392 elisis
660 3353 722 3392 non
758 3334 961 3393 existentibus
992 3335 1157 3394 actionalia
1192 3343 1222 3394 et
1257 3344 1495 3413 praetensorum
1529 3335 1693 3414 producto·

422 3460 489 3499 rum
507 3441 627 3514 merita,
651 3441 677 3499 si
691 3440 871 3519 quampiam
887 3442 1058 3520 simplicem
1072 3444 1358 3521 praesumptionem
1382 3452 1490 3503 contra
1515 3452 1649 3503 attactus
1664 3444 1696 3501 in

421 3566 549 3607 causam
575 3554 724 3607 attractas
745 3546 852 3607 'facere
875 3556 1013 3627 possent,
1037 3557 1069 3608 et
1091 3550 1170 3609 haec
1193 3550 1373 3610 modalitate
1397 3550 1590 3629 preallegata
1606 3557 1692 3610 tanto

418 3654 527 3714 lortius
553 3654 879 3732 superabundantibus
914 3657 1054 3715 cautellis
1078 3666 1227 3735 superata
1255 3667 1420 3735 appareret
1452 3666 1483 3717 et
1512 3658 1692 3736 seponenda

417 3761 519 3839 potius
551 3760 679 3835 veniret,
711 3760 863 3840 siquidem
896 3762 936 3822 ad
967 3772 1119 3823 torturam
1150 3765 1235 3825 clara
1265 3764 1407 3843 probatio
1440 3766 1632 3845 argumentis
1659 3774 1690 3826 et

417 3868 601 3928 testimoniis
625 3868 795 3929 informans
819 3851 956 3929 animum
980 3871 1090 3931 iudicis
1114 3880 1198 3931 esset
1222 3873 1409 3947 necessaria,
1434 3882 1465 3932 et
1489 3876 1548 3933 hae
1573 3874 1613 3933 ad
1637 3892 1689 3933 ne-

417 3974 536 4054 gotium
563 3975 697 4053 aptiora,
728 3976 827 4035 iudex·
845 3986 948 4037 autem
981 3979 1021 4037 de
1053 3998 1116 4056 qua
1139 3998 1172 4039 re
1196 3982 1286 4058 plene
1315 3981 1471 4061 cognovit,
1497 3982 1536 4041 de
1560 4002 1597 4043 ea
1621 4003 1691 4043 sen·

418 4080 547 4140 tentiam
576 4081 659 4141 ferre
682 4066 843 4160 assoleret,
874 4086 956 4143 unde
981 4085 1132 4164 siquidem
1158 4087 1251 4146 iudex
1275 4088 1369 4147 etiam
1392 4106 1450 4165 per
1473 4090 1689 4149 inconcessam

416 4188 587 4267 simplicem
604 4191 907 4269 praesumptionem
939 4191 970 4251 in
1001 4192 1129 4272 negotio
1161 4212 1276 4254 causae
1309 4194 1498 4254 sulficieuter
1522 4215 1585 4256 non
1608 4206 1692 4257 esset

415 4297 591 4370 instructus,
616 4298 781 4375 superinde
805 4286 1005 4377 pronuntiare
1030 4318 1092 4359 non
1116 4302 1242 4379 valeret,
1267 4302 1323 4361 scd
1348 4303 1442 4361 etiam
1464 4312 1592 4381 propter
1614 4304 1689 4364 sim-

416 4403 526 4481 plicem
561 4404 600 4462 de
632 4404 721 4483 gravi
752 4405 880 4465 crimine
911 4426 1017 4485 neque
1050 4408 1207 4482 accusari,
1238 4417 1326 4468 tanto
1356 4409 1459 4469 minus
1491 4410 1691 4471 condemnari

415 4520 530 4589 posset,
563 4514 614 4569 ex'
632 4530 693 4589 quo
724 4513 758 4571 in
787 4514 890 4573 causis
922 4514 1086 4591 potissime
1119 4515 1328 4577 criminalibus
1352 4516 1551 4595 probationes
1576 4518 1691 4578 debent

416 4636 485 4677 esse
508 4601 577 4677 luc'e
601 4603 775 4679 meridiana
806 4621 962 4696 clariores,
988 4624 1019 4679 et
1042 4630 1160 4701 quanto
1191 4624 1308 4683 crimen
1333 4631 1380 4683 est
1404 4625 1542 4704 gravius,
1566 4627 1604 4685 de
1629 4645 1691 4705 quo

414 4726 483 4803 quis
507 4734 681 4800 accusatur,
704 4734 792 4787 tanto
817 4728 856 4787 ad
881 4728 1153 4789 condemnandum
1179 4731 1379 4809 probationes
1403 4732 1519 4793 debent
1543 4752 1613 4793 esse
1638 4752 1689 4793 ve-

414 4832 631 4906 hementiores,
655 4835 776 4894 cautius
799 4836 914 4895 etenim
938 4836 969 4895 in
994 4856 1031 4896 eo
1056 4838 1214 4913 agendum
1235 4848 1327 4912 esset,
1351 4840 1404 4899 ubi
1428 4840 1528 4900 maius
1551 4841 1690 4901 imminet

414 4938 594 5017 pericnlum,
618 4949 649 4999 et
673 4941 717 5001 sic
742 4941 889 5020 quoniam
906 4943 1037 5022 simplex
1054 4944 1267 5024 praesumptio
1291 4947 1393 5006 adhuc
1417 4949 1491 5007 dum
1508 4948 1691 5009 inconcessa
