3934 5550
379 450 446 521 420

378 676 567 756 gressiones‚
595 683 630 734 ut
653 674 712 733 nisi
738 677 901 735 contestim
933 686 1062 753 pectora
1095 685 1201 736 vestra
1230 678 1447 755 opposueritis,
1481 688 1666 756 praesenta.

380 802 474 842 neum
499 780 618 841 hostilis
643 780 813 851 invasionis
838 790 932 861 atque
953 782 1228 843 concomitantium
1245 784 1458 844 calamitatum
1483 786 1665 863 periculum,

379 909 445 965 ηοε,
469 889 522 969 qui
554 890 584 949 in
617 888 701 949 avita
731 897 835 948 vestra
869 888 980 950 virtute
1013 899 1045 949 et
1078 890 1140 950 fide
1163 891 1354 967 peculiarem
1378 910 1503 970 semper
1526 893 1664 953 colloca·

377 998 478 1057 vimus
510 998 667 1069 fiduciam,
699 1016 828 1075 prorsus
853 1017 916 1057 non
940 997 1129 1071 dubitamus,
1162 999 1222 1057 hac
1253 998 1346 1058 etiam
1381 1001 1547 1061 occasione
1581 1000 1665 1060 lacta

377 1105 543 1185 generalis,
576 1124 669 1183 quam
704 1124 786 1163 nunc
818 1104 981 1163 indicimus
1017 1104 1249 1165 insurrectionis
1281 1105 1490 1183 publicatione
1525 1126 1582 1185 pro
1614 1107 1659 1166 in·

377 1214 542 1273 cumbente
574 1220 680 1272 vestro
713 1231 841 1273 munere
874 1212 978 1272 statim
1012 1222 1105 1292 atque
1137 1214 1218 1272 illico
1243 1214 1273 1272 in
1298 1234 1336 1274 ea
1360 1215 1568 1275 describenda
1591 1215 1657 1276 dili·

380 1330 508 1401 gentem
532 1340 590 1379 vos
613 1331 784 1380 navaturos
809 1339 946 1398 operam.
1056 1318 1059 1331 '

489 1430 573 1505 Quia
592 1414 672 1488 vero
696 1428 808 1488 limites
839 1430 1005 1490 comitatus
1031 1430 1127 1490 vestri
1157 1430 1261 1490 hostili
1288 1431 1457 1491 incursioni
1480 1432 1661 1511 cumprimis

379 1537 510 1616 expositi
544 1537 655 1612 forent,
687 1556 744 1615 pro
778 1557 886 1598 eorum
919 1538 1070 1598 tutamine
1094 1557 1258 1598 necessum
1290 1519 1338 1598 est
1370 1560 1432 1599 non
1455 1548 1578 1599 tantum
1601 1540 1665 1600 sin·

379 1648 470 1725 gulos
502 1646 700 1727 insurgentes
733 1655 854 1706 vestros
891 1646 1012 1725 absque
1044 1645 1129 1706 omni
1163 1647 1313 1725 temporis
1341 1646 1504 1725 dispendio
1539 1648 1582 1707 ita
1617 1667 1665 1707 ar-

383 1773 483 1828 mare,
517 1761 550 1813 ut
586 1754 625 1811 ad
661 1754 808 1830 primurn,
844 1754 928 1838 quod
964 1754 1142 1831 acceperint
1176 1754 1367 1826 mandatum,
1403 1754 1434 1812 in
1470 1754 1665 1833 assignando

387 1861 580 1923 collectaculi
604 1862 672 1920 loco
697 1861 843 1920 inomisse
868 1880 1051 1939 comparere
1078 1862 1207 1940 possint,
1231 1861 1459 1921 verumetiam
1483 1880 1571 1921 more
1594 1881 1665 1940 sep-

380 1971 518 2032 tennalis
554 1969 624 2029 belli
663 1968 820 2028 Borussici
851 1968 951 2029 maior
989 1988 1139 2029 numerus
1169 1969 1318 2029 habilium
1352 1978 1383 2028 et
1415 1969 1667 2029 fidelissimorum

386 2080 556 2141 incolarum
580 2097 636 2157 pro
660 2077 801 2138 custodia
827 2078 955 2138 limitum
981 2079 1161 2139 educendus
1186 2080 1251 2139 erit.

490 2186 572 2245 Cum
597 2194 702 2246 autem
726 2186 990 2247 insurrectionalis
1005 2188 1085 2248 haec
1101 2186 1210 2247 militia
1224 2187 1415 2247 conformem
1432 2187 1556 2267 legibus
1573 2188 1662 2267 regni

380 2295 570 2357 exercitandi
594 2313 735 2353 normam
759 2294 875 2353 habere
899 2294 1037 2369 deberet,
1069 2295 1278 2355 districtuales
1309 2296 1476 2375 generales
1506 2303 1570 2354 una
1603 2296 1663 2354 cle·

381 2411 501 2463 menter
517 2401 710 2479 resolvimus,
735 2408 765 2460 et
788 2401 914 2479 quidem
931 2420 988 2481 pro
1005 2402 1150 2462 distinctu
1167 2402 1472 2463 Trans-Danubiano
1488 2412 1658 2484 cognatum

381 2518 521 2571 nostrum
544 2510 633 2569 nobis
665 2508 786 2569 sincere
817 2508 963 2569 dilectum
996 2510 1236 2569 illustrissimum
1268 2510 1351 2570 sacri
1381 2510 1514 2570 Romani
1536 2510 1657 2587 imperii

382 2620 553 2700 principem
579 2617 742 2677 Nicolaum
766 2616 959 2693 Eszterhazy
989 2617 1028 2676 de
1060 2616 1226 2691 Galantha,
1250 2626 1436 2696 perpetuum
1460 2618 1604 2678 comitem
1629 2618 1661 2683 in

382 2726 514 2802 Fralrn0,
539 2724 634 2786 incliti
657 2724 773 2785 ordinis
798 2724 899 2786 sancti
921 2724 1073 2804 Stephani
1099 2725 1184 2806 regis
1213 2724 1375 2803 apostolici
1398 2744 1534 2807 magnae
1559 2725 1659 2786 crucis

383 2837 529 2915 equitem,
562 2834 728 2894 comitatus
760 2833 980 2912 Soproniensis
1012 2852 1194 2912 supremum
1225 2854 1263 2894 ac
1295 2843 1482 2913 perpetuum
1514 2835 1660 2895 comitem

383 2942 590 3004 camerarium
621 2950 652 3000 et
683 2940 894 3001 consiliarium
926 2950 1067 3001 nostrum
1091 2943 1244 3002 actualem
1270 2951 1371 3002 status
1395 2943 1546 3016 intimum,
1572 2960 1668 3023 gene·

385 3052 485 3111 ralem
520 3048 623 3127 campi
654 3047 830 3128 vigiliarum
864 3049 1073 3126 praefectum,
1106 3069 1164 3108 nec
1196 3069 1258 3109 non
1291 3051 1332 3109 ad
1363 3051 1499 3110 nobilem
1534 3058 1669 3109 turmam

388 3167 529 3219 nostram
560 3165 799 3235 praetoreanam
837 3157 1053 3237 Hungaricam
1082 3157 1263 3235 primarium
1301 3159 1578 3232 locumtenentem3
1614 3177 1671 3236 pro

387 3264 647 3326 Cis-Danubiano
663 3264 786 3324 fidelem
809 3271 949 3324 nostrum
972 3265 1064 3324 nobis
1087 3264 1232 3324 dilectum
1257 3266 1462 3343 spectabilem
1488 3285 1525 3324 ac
1549 3264 1670 3345 magni-

391 3377 485 3434 ficum
518 3373 662 3433 comitem
697 3373 859 3432 Nicolaum
892 3373 992 3451 Palffy
1024 3374 1063 3432 ab
1094 3373 1209 3447 Erdod,
1233 3382 1418 3452 perpetuum
1442 3373 1473 3432 in
1499 3375 1671 3452 Vbrbskeo,

388 3482 505 3542 ordinis
541 3481 746 3540 Militensium
782 3480 927 3558 equitem,
964 3481 1130 3540 comitatus
1165 3481 1366 3540 Posoniensis
1400 3489 1585 3560 perpetuum
1620 3502 1672 3542 co-

388 3591 503 3664 mitem,
536 3588 742 3648 camerarium
774 3597 915 3648 nostmm
951 3598 982 3648 et
1015 3589 1197 3670 generalem
1226 3589 1341 3667 Campi
1371 3589 1547 3668 vigiliarum
1579 3609 1670 3669 prae·

384 3707 520 3771 {ectum3
545 3715 602 3775 pro
626 3696 870 3756 Cis-Tibiscano
895 3697 1018 3756 fidelem
1043 3705 1184 3756 nostrum
1201 3697 1291 3755 nobis
1307 3696 1454 3756 dilectum
1468 3697 1669 3777 magnificum

383 3806 514 3865 liberum
530 3805 680 3865 baronem
695 3805 843 3864 loannem
858 3805 1014 3878 Mezaros,
1030 3805 1124 3864 incliti
1141 3804 1258 3864 ordinis
1278 3803 1418 3863 militaris
1438 3805 1526 3884 regio
1543 3806 1659 3865 There·

385 3915 466 3974 siani
483 3913 629 3992 equitem,
645 3913 827 3993 generalem
840 3912 941 3990 campi
966 3912 1162 3972 mareschalli
1179 3913 1441 3972 locumtenentem
1464 3922 1613 3986 nostrum,
1633 3923 1663 3972 et

384 4021 475 4080 unius
508 4020 642 4100 legionis
666 4020 821 4098 equestris
849 4019 967 4079 ordinis
991 4021 1177 4082 uhlanorum
1201 4020 1385 4079 colonellum
1409 4019 1663 4098 proprietarium;

384 4148 440 4208 pro
465 4127 751 4188 Trans-Tibiscano
775 4128 899 4194 fidelem
923 4135 1062 4188 nostrum
1089 4127 1178 4186 nobis
1210 4127 1331 4186 sincere
1363 4126 1509 4185 dilectum
1542 4127 1663 4207 magni·
1731 4111 1735 4118 ’

385 4239 477 4299 ficum
502 4236 633 4298 liberum
659 4237 809 4295 baronem
834 4235 1013 4296 Gabrielem
1035 4236 1164 4313 Splenyi
1187 4235 1227 4293 de
1251 4234 1400 4310 Mihaldy,
1429 4234 1524 4293 incliti
1548 4235 1664 4294 ordinis

386 4345 528 4405 militaris
542 4345 632 4425 regio
646 4329 832 4405 Theresiani
849 4345 1146 4416 commendatorem,
1163 4343 1379 4416 camerarium,
1395 4342 1665 4422 consiliariumque

386 4461 525 4513 nostrum
557 4453 714 4512 actualem
747 4461 847 4512 status
876 4452 1026 4521 intimum,
1060 4452 1241 4532 generalem
1277 4449 1380 4528 campi
1403 4450 1599 4509 mareschalli
1622 4451 1665 4509 lo-

385 4569 630 4632 cumtenentem,
661 4560 751 4619 unius
776 4559 908 4640 legionis
933 4559 1071 4637 pedestis
1094 4559 1212 4619 ordinis
1234 4557 1455 4639 Hungaricalis
1481 4558 1665 4618 colonellum

385 4668 632 4746 proprietarium,
657 4687 716 4726 nec
747 4687 810 4726 non
842 4667 1008 4728 comitatus
1039 4666 1280 4728 Szabolchensis
1308 4685 1489 4744 supremum
1512 4665 1665 4725 comitem.

385 4777 424 4836 Et
448 4776 521 4855 quia
546 4776 688 4856 publicae
710 4776 885 4848 securitatis
903 4777 981 4836 ratio
998 4777 1193 4854 deposceret,
1207 4775 1291 4835 omni
1308 4773 1446 4851 possibili
1463 4793 1534 4833 cum
1551 4783 1666 4834 conatu

387 4886 428 4945 ibi
452 4885 636 4964 praesertim
660 4885 915 4946 insurrectionale
932 4885 992 4944 hoc
1015 4884 1177 4964 negotium
1194 4883 1402 4956 admaturare,
1426 4881 1478 4941 ubi
1495 4882 1666 4959 periculum

308 5013 311 5024 ·
384 4993 506 5053 hostilis
530 4993 701 5053 invasionis
731 4993 858 5072 propius
881 4992 1030 5066 imminet,
1063 4993 1126 5051 tale
1156 5000 1262 5050 autem
1293 4992 1324 5050 in
1355 5008 1455 5070 regno
1487 4989 1665 5068 cumprimis
