3934 5550
422 464 487 523 thu

420 680 559 751 hrziana,
591 678 682 737 simul
715 698 784 737 cum
819 680 892 752 suiS,
925 679 950 738 si
983 698 1063 756 quas
1085 679 1225 755 haberet,
1249 677 1521 740 observationibus
1544 697 1600 758 pro
1625 679 1704 740 revi-

419 788 506 845 siune
531 795 562 845 et
585 786 835 863 applacidatiune
859 786 989 848 adterat.

526 893 700 971 Obsequuti
726 901 800 951 sunt
824 893 959 966 majores
991 894 1088 952 nostri
1115 893 1187 953 huic
1211 894 1414 972 dispositioni,
1439 903 1530 971 prout
1554 894 1702 953 articulus

421 998 471 1060 28.
496 1001 553 1059 sub
580 1001 691 1059 eodem
723 1000 879 1079 generalis
904 1019 1073 1079 regnorum
1098 1001 1208 1059 horum
1235 1001 1377 1078 sequenti
1400 1001 1506 1061 statim
1531 1020 1614 1060 anno
1637 1020 1701 1060 ser·

421 1118 492 1168 vato
508 1107 772 1187 congregationis
797 1108 996 1168 manifestum
1012 1109 1098 1168 lacit:
1116 1110 1343 1188 Testatumque
1367 1128 1429 1167 una
1453 1111 1562 1182 reddit,
1585 1119 1702 1188 puncta

420 1224 604 1289 statutorum
637 1224 915 1292 praesentaturum,
948 1214 1068 1293 absque
1101 1216 1162 1274 ulla
1195 1216 1440 1276 contradictione
1474 1225 1647 1293 acceptata,
1672 1226 1703 1275 et

421 1322 614 1383 universitati
654 1332 779 1381 nostrae
811 1341 867 1399 pro
892 1322 995 1381 lutura
1026 1322 1138 1381 iurium
1167 1332 1343 1383 nostrorum
1376 1323 1518 1398 cautella,
1552 1331 1583 1383 et
1606 1323 1703 1382 direc-

421 1433 504 1489 tione
530 1448 615 1488 more
640 1430 738 1501 solitu,
763 1429 820 1487 sub
845 1428 946 1507 sigillo
972 1431 1061 1509 regni
1085 1432 1249 1489 extradata
1272 1431 1378 1505 fuisse,

529 1536 637 1595 Gavisi
668 1555 775 1595 sumus
808 1536 1002 1595 libertatibus
1026 1537 1140 1596 nostris
1165 1538 1267 1596 taliter
1292 1538 1442 1617 regulatis
1466 1538 1649 1617 octuaginta
1673 1546 1704 1595 et

422 1645 544 1705 duobus
568 1643 657 1704 annis
680 1662 778 1721 usque
807 1641 854 1704 13.
888 1644 1063 1704 decembris
1087 1663 1114 1703 a.
1138 1664 1179 1722 p.,
1203 1664 1265 1723 qua
1289 1647 1381 1718 (male
1409 1646 1565 1705 intellecto
1590 1654 1704 1722 puncto

428 1756 451 1814 l.
475 1752 559 1830 quod
586 1761 691 1810 tamen
716 1751 904 1810 reflectendo
929 1752 970 1811 ad
994 1752 1172 1831 ingressum
1198 1761 1386 1811 statutorum
1419 1753 1496 1811 satis
1527 1754 1611 1811 clare
1643 1752 1704 1810 dis·

424 1859 517 1939 ponit,
542 1866 575 1917 ut
598 1859 681 1916 nullo
705 1858 765 1916 aliu
789 1858 847 1916 nisi
871 1857 950 1917 festo
974 1859 1007 1917 in
1036 1856 1082 1917 13.
1098 1859 1272 1918 decembris
1297 1859 1434 1937 quolibet
1451 1878 1533 1917 annu
1548 1859 1703 1917 incidente

423 1968 514 2029 divae
539 1966 652 2024 Luciae
685 1966 734 2024 die
766 1965 796 2025 in
831 1985 902 2025 arce
928 1968 1094 2025 Lukavecz
1122 1966 1307 2025 restauratio
1336 1971 1488 2042 servetur)
1514 1966 1544 2026 in
1569 1966 1706 2044 antiquu,

425 2086 455 2133 et
479 2084 512 2133 ut
536 2073 742 2151 praemissum
767 2071 808 2131 82
834 2092 985 2133 annorum
1010 2094 1069 2133 usu
1094 2074 1209 2133 turbati
1233 2074 1354 2136 fuimus.

533 2182 697 2239 Praetexta
722 2199 855 2258 namque
880 2183 1087 2259 quarumdam
1112 2182 1288 2259 patalarum
1309 2201 1484 2257 causarum,
1501 2200 1580 2260 quas
1596 2188 1702 2240 tamen

426 2298 458 2347 ut
482 2288 636 2367 legitimas
668 2287 760 2346 hodie
792 2307 915 2365 quoque
948 2288 1138 2367 ignoramus,
1163 2289 1349 2349 restauratio
1373 2289 1435 2347 iam
1460 2288 1591 2358 indicta;
1615 2307 1703 2346 revo-

425 2406 495 2455 cata
520 2406 582 2467 est,
616 2414 734 2472 nosque
759 2396 798 2453 ab
824 2414 955 2454 accessu
979 2396 1020 2455 ad
1044 2397 1201 2474 propriam
1233 2405 1372 2455 nostram
1399 2415 1505 2455 arcem
1530 2397 1706 2471 Lukavecz,

425 2506 465 2563 ad
489 2523 583 2581 quam
607 2522 662 2581 pro
686 2502 845 2579 capiendis
868 2503 897 2561 in
924 2504 975 2563 illa
998 2522 1101 2562 rernm
1126 2504 1329 2581 perplexitate
1351 2504 1486 2563 consiliis
1510 2522 1568 2562 nus
1591 2503 1702 2562 intem·

423 2620 511 2689 pesto
541 2611 589 2671 die
622 2611 759 2688 recipere
785 2612 947 2684 voluimus,
977 2612 1084 2670 clausa
1108 2611 1202 2670 ianua
1227 2611 1437 2689 expositisque
1462 2611 1576 2689 vigiliis
1600 2610 1703 2687 prohi-

424 2720 479 2779 biti
504 2719 627 2778 luimus.

530 2829 665 2886 Allatum
698 2828 824 2905 quidem
849 2836 897 2886 est
920 2829 1003 2886 malo
1027 2828 1099 2887 huic
1123 2828 1162 2887 de
1186 2827 1352 2905 praesenti,
1377 2846 1433 2904 per
1456 2835 1615 2885 servatam
1638 2834 1706 2884 tan·

424 2937 494 2996 dem
527 2936 576 2994 die
610 2937 754 2994 hesterno
787 2935 894 2994 sedem
929 2935 1193 3007 restauratoriam,
1222 2934 1404 3007 remedium,
1428 2934 1484 2991 sed
1508 2952 1579 2992 cum
1603 2932 1633 2991 in
1659 2932 1704 2989 lu-

423 3055 526 3104 turum
550 3061 673 3122 qnoque
691 3043 795 3122 quoad
811 3043 927 3101 similes
943 3042 1095 3102 infaustus
1120 3050 1250 3102 eventus
1266 3041 1324 3100 tuti
1347 3060 1427 3112 esse,
1444 3059 1482 3100 ac
1502 3040 1707 3110 salvatellam,

423 3174 461 3210 ne
493 3152 596 3229 aliqua
615 3169 670 3226 pru
698 3155 800 3208 tuturo
825 3168 880 3226 per
905 3149 1039 3228 aliquem
1065 3151 1229 3209 esummis
1254 3148 1367 3207 nostris
1392 3147 1628 3227 magistratibus
1652 3165 1703 3205 ex·

423 3259 494 3317 hinc
519 3259 548 3316 in
573 3257 670 3316 nostri
693 3255 916 3334 praeiudicium
941 3265 1116 3315 necteretur
1141 3254 1372 3333 consequentia,
1398 3273 1514 3331 ponere
1539 3251 1703 3331 plurimum

426 3367 456 3423 in
483 3364 564 3423 votis
588 3365 793 3422 haberemus:

530 3473 581 3531 Sic
613 3472 641 3529 in
671 3471 810 3550 generali
847 3480 952 3530 nostra
988 3470 1211 3530 restauratoria
1247 3469 1502 3548 congregatione,
1538 3486 1632 3546 quam
1669 3474 1702 3523 ut

424 3579 629 3655 praemissum
654 3579 799 3636 hesterna
824 3578 874 3636 die
898 3578 1105 3651 servavimus,
1122 3586 1269 3639 statutum
1288 3576 1474 3653 municipale
1499 3573 1704 3646 condidimus,

423 3686 578 3765 ingressui
602 3686 814 3762 praelatorum
848 3685 1046 3764 antiquorum
1074 3694 1261 3744 statutorum
1288 3695 1465 3743 nostrorum
1490 3682 1630 3760 apprime
1654 3700 1706 3739 co-

423 3797 564 3866 haerens,
595 3811 657 3871 quo
690 3793 859 3852 accedente
893 3793 1080 3871 regnicolari
1112 3793 1356 3864 confirmatione,
1380 3790 1481 3848 omnis
1515 3808 1570 3867 pru
1602 3788 1704 3847 futuru

425 3901 534 3960 iurium
559 3909 735 3958 nostrorum
760 3899 885 3960 violatio
909 3900 1120 3976 praepeditur.

530 4006 735 4066 Condidimus
758 4025 850 4083 porro
875 4015 1024 4064 statutum
1049 4007 1141 4079 aliud,
1166 4016 1273 4065 tenore
1290 4005 1378 4064 cuius
1395 4004 1558 4084 eligendus
1574 4023 1594 4063 a
1611 4003 1703 4062 modu

426 4133 602 4174 assessores
633 4123 755 4172 nostros
788 4113 1021 4192 obstringimus,
1045 4123 1079 4171 ut
1102 4113 1128 4173 si
1152 4113 1306 4192 gremium
1339 4122 1480 4169 nostrum
1505 4111 1707 4189 relinquendo

425 4224 455 4281 in
480 4222 656 4300 longinquis
681 4221 742 4278 oris
768 4221 869 4279 locum
898 4221 1151 4280 commorationis
1185 4221 1316 4292 fixerint,
1349 4219 1513 4297 taliterque
1537 4217 1627 4277 nubis
1650 4237 1709 4277 nec

427 4329 588 4390 actualiter
611 4347 668 4388 nec
692 4329 819 4388 consilio
844 4349 900 4388 suu
928 4330 958 4387 in
976 4328 1272 4408 congregationibus
1296 4327 1410 4386 nostris
1435 4327 1567 4404 amplius
1591 4326 1708 4385 servire

430 4438 593 4515 potuerint,
625 4436 761 4495 osticium
792 4437 852 4495 hoc
876 4444 1001 4495 etcum
1025 4437 1076 4496 illo
1101 4437 1298 4496 coniunctum
1322 4435 1507 4495 beneficium
1531 4435 1712 4512 resignasse

433 4553 629 4616 censeantur,
654 4543 805 4620 nobisque
830 4543 876 4602 ius
901 4554 1011 4621 surgat
1034 4545 1112 4602 alios
1136 4544 1166 4600 in
1191 4543 1292 4601 vicem
1316 4561 1425 4601 eurum
1448 4541 1591 4620 eligendi.

531 4652 603 4726 Quo
627 4651 715 4727 proin
740 4653 801 4709 duo
826 4659 941 4710 statuta
970 4660 1077 4709 nostra
1102 4651 1301 4727 municipalia
1324 4650 1411 4709 hicce
1436 4649 1493 4706 sub
1518 4647 1572 4727 'fill
1600 4649 1708 4727 lingva

425 4759 525 4836 patria
561 4759 726 4816 conciliata
758 4759 960 4817 excellentiae
995 4769 1120 4816 vestrae
1154 4767 1184 4816 et
1208 4757 1331 4833 inclytis
1361 4755 1495 4815 dominis
1521 4755 1652 4813 statibus
1677 4765 1708 4814 et

425 4866 584 4925 ordinibus
609 4866 760 4924 maiorum
785 4875 960 4924 nostrorum
978 4867 1154 4943 exemplum
1170 4867 1331 4942 sequendo
1355 4885 1426 4924 cum
1451 4885 1488 4923 eo
1514 4863 1705 4941 perdemisse

427 4974 661 5044 substernimus,
687 4983 719 5032 ut
743 4974 794 5032 illa
818 4975 1003 5048 ratihabere,
1029 4985 1059 5032 et
1083 4992 1138 5050 pro
1160 4972 1266 5032 lutura
1298 4973 1410 5030 iurium
1434 4982 1611 5030 nostrorum
1635 4988 1709 5028 cau·
