3934 5550
396 416 462 478 242

399 630 562 693 memorati
586 629 698 707 Campi
722 629 947 708 Zagrabiensis
970 631 1163 710 Turopollya
1186 631 1269 707 dicti,
1302 650 1321 691 a
1352 632 1504 695 solutione
1534 640 1678 691 taxarum

397 748 429 801 et
452 737 711 799 contributionum
737 737 891 816 regalium
915 739 1011 798 medii
1035 739 1138 813 aurei;
1162 734 1305 817 quartas¹
1331 760 1406 799 vero
1430 760 1487 799 seu
1510 741 1679 814 ultimasa

397 846 605 928 quarumlibet
627 845 757 922 insuper
780 846 908 905 antelati
924 846 1015 925 regni
1031 847 1129 906 nostri
1144 846 1333 907 Sclauoniae
1349 857 1502 923 taxarum,
1519 849 1677 908 datiarum

397 965 428 1017 et
451 956 591 1015 laborum
616 953 724 1025 modis
748 952 855 1013 formis
880 964 911 1012 et
935 954 1162 1014 conditionibus
1186 955 1300 1014 ibidem
1325 956 1451 1015 uberius
1475 956 1674 1033 expressatis,

397 1064 429 1123 in
452 1070 635 1141 perpetuum
659 1059 749 1119 factis
774 1069 806 1120 et
829 1060 974 1121 admissis
999 1062 1256 1139 exemptionibus,
1279 1062 1525 1121 libertationibus
1549 1071 1581 1122 et
1604 1082 1677 1140 sup·

398 1170 623 1250 portationibus
647 1188 704 1229 suo
721 1169 822 1229 modo
846 1169 1005 1229 confectas
1029 1176 1062 1229 et
1085 1170 1235 1248 elargitas
1258 1170 1473 1229 confirmative
1497 1170 1529 1229 in
1553 1190 1587 1230 se
1604 1190 1676 1230 con·

398 1279 541 1349 tinentes,
575 1276 742 1335 innovasse
767 1284 799 1335 et
822 1276 1042 1349 confirmasse3
1067 1285 1157 1353 prout
1181 1285 1354 1337 etcertum
1387 1276 1524 1335 fidelium
1555 1287 1676 1337 nostro-

397 1406 465 1446 rum
490 1386 711 1445 modernorum
735 1391 871 1442 statuum
897 1392 926 1442 et
958 1384 1100 1443 ordinum
1131 1392 1386 1463 praenotatorum
1418 1403 1588 1464 regnorum
1622 1404 1677 1443 no-

400 1504 534 1555 strorum
558 1491 743 1563 Dalmatiae,
768 1490 916 1551 Croatiae
941 1499 971 1550 et
994 1491 1183 1551 Sclauoniae
1208 1499 1345 1551 statuum
1362 1500 1393 1550 et
1408 1491 1561 1562 ordinum,
1578 1511 1677 1571 aeque

399 1621 492 1682 super
516 1600 608 1659 toties
632 1599 785 1659 dictorum
809 1599 1027 1658 universorum
1051 1598 1198 1658 nobilium
1215 1599 1506 1677 Turopolyensium.
1538 1620 1558 1659 a
1588 1619 1677 1677 prae·

399 1710 538 1771 sentibus
562 1716 593 1768 et
615 1707 725 1767 tuturis
749 1706 1036 1782 contributionibus,
1061 1708 1241 1766 modalitate
1265 1715 1296 1766 et
1312 1707 1540 1767 conditionibus
1558 1707 1674 1767 ibidem

399 1819 497 1879 fusius
521 1816 686 1877 declaratis
709 1814 792 1875 facta
817 1816 1022 1893 exemptione,
1046 1814 1078 1873 in
1103 1830 1185 1874 auno
1216 1815 1376 1892 supralato
1407 1815 1573 1874 millesimo
1606 1833 1676 1892 sep·

398 1924 620 2007 tingentesimo
643 1923 735 1985 tertio
758 1923 927 1999 conditum,
952 1941 989 1982 ac
1013 1922 1204 2001 praelibatae
1229 1932 1378 2000 paternae
1402 1922 1536 1982 condam
1548 1930 1675 1981 nostrae

400 2032 556 2093 maiestati
580 2050 598 2091 a
622 2031 719 2090 latere
751 2039 1001 2109 supratactarum
1036 2029 1277 2109 privilegialium
1312 2029 1470 2089 literarum
1505 2029 1675 2089 exhibitum

401 2140 564 2200 articulum
588 2158 645 2198 seu
669 2145 818 2197 statutum
843 2137 1050 2215 paritormiter
1066 2137 1269 2196 confirmasse
1288 2137 1541 2216 dignoscebatur,
1558 2138 1675 2196 tenoris

401 2245 594 2325 inlrascripti.
618 2245 833 2324 Supplicatum
859 2244 963 2323 itaque
988 2243 1087 2302 extitit
1111 2243 1266 2303 maiestati
1290 2250 1418 2303 nostrae
1441 2244 1618 2303 nominibus
1645 2250 1675 2303 et

401 2356 432 2415 in
456 2352 599 2433 personis
623 2352 829 2411 antelatorum
854 2350 976 2410 comitis
1000 2351 1156 2410 terrestris
1180 2361 1211 2410 et
1234 2351 1325 2410 iurati
1357 2351 1535 2425 assessoris
1568 2352 1675 2411 totius-

403 2483 464 2542 que
489 2460 698 2522 universitatis
733 2459 880 2519 nobilium
916 2458 1049 2537 praefati
1085 2458 1197 2537 Campi
1235 2458 1458 2539 Zagrabiensis
1496 2461 1677 2539 Turopolya

401 2570 482 2643 dicti,
507 2569 613 2628 debita
636 2586 707 2627 cum
731 2566 879 2626 instantia
895 2565 1073 2637 humillime,
1097 2575 1252 2645 quatenus
1275 2586 1333 2625 nos
1356 2576 1568 2645 praeattactas
1584 2569 1677 2627 bene-

401 2677 564 2738 memorati
597 2675 713 2735 domini
744 2674 877 2735 condam
910 2674 1061 2753 genitoris
1096 2683 1127 2734 et
1164 2674 1415 2752 praedecessoris
1439 2676 1536 2735 nostri
1571 2676 1676 2735 literas

402 2785 622 2865 privilegiales
646 2782 813 2861 omniaque
838 2790 869 2841 et
892 2781 1018 2860 singula
1040 2781 1070 2840 in
1095 2782 1206 2841 iisdem
1230 2791 1386 2853 contenta,
1413 2793 1507 2857 ratas,
1524 2793 1632 2863 gratas
1648 2794 1678 2842 et

404 2901 534 2970 accepta
557 2891 718 2963 habentes
742 2889 900 2967 literisque
925 2889 1039 2948 nostris
1063 2888 1202 2949 similiter
1237 2888 1483 2967 privilegialibus
1518 2891 1612 2949 inseri
1649 2901 1680 2950 et

402 2999 527 3058 inscribi
552 2998 709 3068 iacientes
737 2996 923 3056 authoritate
948 3003 1056 3054 nostra
1079 2996 1169 3076 regia
1191 3004 1364 3076 acceptare,
1382 2998 1565 3076 approbare,
1588 2999 1678 3057 robo-

404 3125 482 3176 rare,
506 3105 679 3176 ,ratificare
704 3123 741 3163 ac
765 3122 820 3181 pro
844 3103 983 3180 repetitis
1016 3102 1170 3162 universis
1201 3105 1294 3163 toties
1324 3105 1445 3183 repetiti
1474 3104 1588 3183 Campi
1619 3107 1680 3164 Za·

404 3211 581 3293 grabiensis
616 3210 806 3288 Turopollya
843 3209 945 3269 vocati
981 3211 1072 3269 unius
1104 3211 1253 3270 sessionis
1283 3210 1448 3287 nobilibus,
1480 3212 1680 3291 ipsorumque

403 3320 601 3393 haeredibus,
625 3318 757 3395 posteris
782 3325 812 3376 et
836 3316 1070 3376 successoribus
1108 3318 1212 3377 itidem
1236 3319 1390 3378 universis
1414 3320 1586 3394 inovanteS,
1612 3339 1679 3398 per·

405 3439 498 3506 petuo
524 3427 672 3485 valituras
696 3424 833 3504 gratiose
866 3425 1052 3484 confirmare
1077 3426 1289 3505 dignaremur.
1313 3427 1455 3503 Quarum
1471 3427 1597 3504 quidem
1615 3429 1679 3487 lite·

407 3554 510 3594 rarum
535 3532 774 3612 privilegialium
798 3541 887 3591 tenor
910 3533 1017 3611 incipit
1041 3542 1072 3591 et
1095 3533 1234 3610 sequitur
1256 3532 1289 3591 in
1304 3534 1387 3592 hunc
1398 3535 1542 3593 modum:
1567 3534 1682 3609 (Vide

406 3643 487 3700 doc.
513 3641 608 3700 anui
636 3637 727 3700 1703.
757 3637 804 3701 12.
829 3641 1067 3699 decembris
1091 3640 1165 3698 sub
1189 3640 1254 3698 No.
1284 3638 1374 3715 lea).
1399 3641 1465 3700 Nos
1489 3640 1594 3719 itaque
1627 3642 1682 3700 hu-

406 3747 533 3808 millima
557 3747 786 3826 suprafatorum
811 3747 960 3806 Ludovici
984 3741 1126 3827 Vagics²,
1150 3746 1272 3806 comitis
1308 3747 1469 3821 terrestris,
1493 3757 1525 3807 et
1556 3749 1682 3808 lllartini

409 3855 544 3928 hludich,
562 3855 652 3914 iurati
669 3855 838 3914 assessoris
864 3855 1020 3914 antelatae
1037 3853 1247 3913 universitatis
1261 3853 1409 3913 nobilium
1426 3854 1517 3912 unius
1533 3854 1683 3914 sessionis

408 3965 528 4042 repetiti
565 3961 678 4040 Campi
710 3963 932 4042 Zagrabiensis
968 3962 1148 4039 Turopolya
1180 3962 1263 4034 dicti,
1298 3962 1523 4040 supplicatione
1557 3972 1683 4021 nostrae

407 4071 499 4130 modo
523 4091 584 4149 quo
609 4089 704 4148 supra
728 4081 871 4148 porrecta
902 4070 1065 4142 maiestati,
1100 4069 1188 4148 regia
1219 4069 1411 4149 benignitate
1445 4069 1592 4128 exaudita
1623 4070 1683 4128 cle·

408 4187 528 4237 menter
552 4187 582 4236 et
606 4178 753 4252 admissa,
777 4178 987 4256 praeinsertas
1018 4178 1263 4237 benememorati
1288 4178 1422 4236 condam
1454 4177 1602 4255 Leopoldi
1626 4180 1683 4236 Ro-

407 4305 568 4345 manorum
595 4285 799 4363 imperatoris,
824 4305 861 4344 ac
885 4285 969 4364 regis
994 4286 1186 4365 Hungariae,
1202 4285 1319 4344 domini
1336 4285 1489 4364 genitoris
1507 4294 1538 4343 et
1554 4287 1683 4362 praede·

407 4393 541 4452 cessoris
576 4392 672 4451 nostri
706 4393 775 4470 piae
812 4394 981 4452 memoriae
1012 4393 1118 4453 literas
1150 4393 1360 4471 privilegiales
1393 4393 1685 4469 confirmatiouales,

408 4520 469 4558 non
496 4501 633 4571 abrasas,
659 4519 718 4558 non
744 4501 942 4574 cancellatas
966 4521 1068 4578 neque
1100 4499 1203 4579 aliqua
1237 4500 1284 4558 sui
1319 4499 1349 4556 in
1386 4508 1474 4576 parte
1513 4510 1686 4576 suspectas

408 4627 516 4666 verum
540 4607 623 4665 omni
648 4626 775 4684 prorsus
799 4607 874 4666 vitio
899 4619 929 4666 et
954 4608 1131 4686 suspicione
1156 4617 1308 4677 carentes,
1341 4607 1620 4684 praesentibusque
1653 4607 1685 4664 li-

408 4713 481 4773 teris
505 4715 618 4772 nostris
642 4715 810 4773 identidem
834 4715 1078 4794 privilegialibus
1102 4716 1142 4774 de
1166 4715 1262 4772 verbo
1287 4715 1327 4773 ad
1353 4715 1481 4773 uerbum
1506 4714 1573 4772 sine
1597 4714 1685 4773 dimi-

408 4821 535 4880 nutlone
560 4831 591 4879 et
615 4831 783 4900 augmento
809 4823 933 4902 aliquali
958 4825 1092 4882 insertas
1116 4830 1147 4881 et
1171 4823 1343 4899 inscriptas,
1373 4823 1477 4900 quoad
1501 4841 1610 4881 omnes
1635 4841 1686 4880 ea·

409 4927 539 4986 rundem
565 4927 779 5000 continentias,
804 4930 960 4990 clausulas
985 4938 1016 4990 et
1040 4929 1195 5003 articulos,
1220 4938 1360 5005 eatenus,
1384 4937 1539 5005 quatenus
1556 4928 1686 4987 eaedem
