3934 5550
1503 402 1570 466 379

290 609 384 680 baras
409 611 566 675 maialium
598 612 638 676 ad
669 634 764 676 unam
796 614 972 678 clausuram
997 616 1105 692 bonas,
1139 619 1298 679 lomacern
1322 618 1492 698 pistoream
1515 640 1572 699 per

291 724 516 803 negligentiam
539 727 623 784 malo
646 734 730 784 tecto
753 727 921 804 provisam.

396 826 447 890 33.
483 829 603 891 Nobilis
638 832 770 893 Ioannes
806 832 928 913 Evang.
959 833 1133 912 Ztepanich
1164 834 1260 894 habet
1290 835 1419 895 domum
1452 837 1568 897 bonam

288 937 431 997 omnibus
462 939 647 1023 necessariis
684 940 851 1018 provisam,
881 941 1028 1000 horreum
1059 942 1178 1000 bonurn
1216 961 1342 1017 novum,
1374 944 1469 1003 haras
1504 943 1568 1004 ani-

288 1047 414 1106 malium
447 1045 647 1126 biangulares
679 1067 779 1108 novas
810 1049 934 1127 pulcras
963 1049 1108 1108 omnibus
1140 1050 1327 1110 necessariis
1350 1051 1503 1130 provisas,
1528 1053 1569 1111 ad

288 1155 449 1215 clausuras
474 1154 503 1230 5,
536 1175 678 1216 cameras
702 1157 849 1217 frumenti
873 1157 913 1216 ad
937 1158 1017 1217 duas
1040 1158 1203 1217 clausuras
1226 1158 1326 1218 bonas
1350 1178 1464 1234 novas;
1495 1159 1568 1218 item

288 1279 446 1321 cameram
470 1263 630 1342 antiquam
655 1264 685 1323 in
709 1264 791 1324 bono
815 1272 907 1338 statu,
932 1265 1093 1324 fornacem
1115 1265 1284 1344 pistoream
1309 1267 1392 1326 bono
1408 1274 1491 1326 tecto
1506 1286 1568 1326 non

286 1373 453 1447 provisam,
478 1371 701 1430 columbarium
718 1372 876 1431 mediocre
899 1377 982 1431 tecto
1007 1372 1101 1431 etiarn
1126 1392 1188 1432 non
1211 1373 1294 1432 bono
1318 1374 1488 1452 provisum,
1505 1393 1567 1434 uno

287 1477 383 1536 verbo
407 1477 512 1538 omnia
536 1479 678 1538 aedificia
701 1479 838 1552 meliora,
862 1498 956 1558 quam
979 1480 1060 1538 ullus
1083 1479 1115 1538 in
1138 1479 1307 1540 Lomnicza
1331 1481 1433 1543 habet.

368 1581 369 1584 ’
394 1582 445 1647 34,
469 1585 623 1644 Providus
641 1587 775 1648 Mathias
789 1585 1016 1660 Cheszlrovich,
1031 1587 1154 1664 losepbi
1170 1588 1311 1647 Horvatb
1329 1606 1367 1647 ex
1382 1589 1567 1648 Vumovecz

288 1692 425 1768 colonus,
456 1693 551 1751 habet
582 1694 709 1784 domum
741 1693 900 1772 antiquam
924 1693 955 1752 in
987 1693 1102 1754 misero
1135 1701 1229 1770 statu,
1246 1694 1373 1754 basibus
1397 1694 1517 1776 indiget
1540 1696 1567 1756 si

287 1799 379 1857 vellet
402 1799 535 1859 eandem
560 1819 722 1878 reparare3
747 1802 841 1862 haras
868 1801 909 1861 ad
935 1801 1015 1860 duas
1038 1802 1199 1861 clausuras
1223 1800 1368 1881 antiquas
1391 1803 1565 1863 mediocres

285 1906 341 1965 sed
364 1907 561 1984 reparatione
586 1907 778 1988 indigentes3
803 1908 877 1968 item
900 1909 995 1968 haras
1019 1908 1061 1968 ad
1084 1906 1104 1966 3
1129 1909 1289 1968 clausuras
1313 1909 1427 1988 incepit
1451 1911 1564 1970 ellabo-

285 2032 363 2088 rare,
386 2033 442 2092 pro
466 2015 577 2094 quibus
602 2016 754 2093 superiori
774 2024 840 2075 tota
855 2025 944 2095 parte
960 2025 992 2075 et
1007 2016 1196 2094 pavimentis
1219 2017 1380 2097 indigebit.
1403 2019 1564 2080 fornacem

285 2121 457 2200 pistoream
482 2123 671 2183 mediocrem
693 2125 777 2184 bono
800 2133 883 2184 tecto
907 2143 970 2184 non
993 2124 1161 2203 provisam.

396 2228 447 2290 35.
471 2231 625 2292 Providus
637 2233 770 2292 Ioannes
782 2234 871 2311 Bapt.
884 2231 1113 2307 Cheszkovicb‚
1126 2234 1255 2294 colonus
1268 2233 1384 2294 domini
1395 2236 1564 2296 assessoris

282 2337 408 2396 loannis
430 2338 684 2415 Szmendrovich,
707 2340 802 2399 babet
826 2341 952 2400 domum
977 2343 1137 2419 anthuam
1153 2341 1183 2399 in
1204 2341 1318 2400 misero
1346 2350 1438 2417 statu,
1466 2344 1561 2403 haras

284 2445 324 2504 ad
348 2446 427 2505 duas
451 2447 613 2507 clausuras
637 2447 782 2526 antiquas
807 2467 915 2526 parurn
940 2449 1090 2510 valentes.
1634 2434 1637 2439 Α

388 2551 439 2614 36.
463 2555 583 2614 Nobilis
607 2555 764 2635 Georgius
788 2555 961 2615 Klenovich
989 2556 1082 2616 habet
1114 2557 1241 2616 domum
1272 2556 1408 2634 priorem
1439 2567 1559 2636 partem

281 2662 321 2721 de
353 2682 435 2721 novo
470 2662 536 2722 fieri
572 2664 791 2736 necessariam,
825 2664 966 2724 ultimum
1000 2683 1076 2723 vero
1106 2664 1279 2724 cubiculum
1313 2665 1471 2725 mediocre
1502 2687 1559 2744 pro

282 2791 364 2830 nunc
388 2771 503 2831 bonum
535 2782 651 2847 tamen,
683 2774 795 2833 horrea
818 2772 890 2850 duo,
925 2792 1021 2832 unum
1053 2771 1210 2833 mediocre
1247 2772 1375 2832 basibus
1410 2774 1563 2853 indigens

282 2879 364 2938 aliud
397 2880 557 2958 antiquum
588 2900 704 2960 magna
738 2880 934 2958 reparatione
965 2880 1119 2959 indigens,
1155 2899 1312 2939 cameram
1346 2881 1489 2940 frumenti
1522 2883 1563 2942 ad

281 3004 374 3045 turam
400 2989 575 3047 clausuram
610 2989 736 3063 bonam,
768 2986 861 3048 aliam
893 3006 1053 3047 cameram
1079 2988 1175 3047 etiam
1200 2987 1239 3046 ad
1263 3007 1358 3048 unam
1382 2988 1559 3048 clausuram

279 3094 407 3155 basibus
430 3095 631 3174 indigentem,
666 3096 761 3155 haras
785 3114 883 3154 novas
909 3095 1109 3175 biangulares
1139 3114 1177 3154 ex
1201 3094 1307 3155 solidis
1323 3095 1486 3155 roboribus
1510 3114 1561 3154 ex-

279 3211 412 3261 structas
437 3202 476 3262 ad
500 3203 661 3262 clausuras
685 3202 705 3261 5
722 3202 909 3280 pavimentis
923 3202 1107 3283 indigentes,
1131 3203 1226 3262 haras
1242 3202 1401 3262 maialium
1416 3204 1560 3281 antiquas

278 3311 319 3369 ad
350 3328 442 3369 unam
475 3302 660 3370 clausuram¹
684 3311 866 3384 mediocres,
898 3311 1057 3370 fornacem
1085 3310 1253 3388 pistoream
1275 3311 1360 3369 bono
1387 3319 1469 3370 tecto
1494 3331 1556 3371 non

279 3436 445 3494 provisam.

386 3523 438 3588 37.
461 3526 581 3585 Nobilis
605 3526 739 3586 Miclrael
765 3526 942 3585 Klenovecz
966 3525 1062 3584 habet
1081 3526 1209 3584 domum
1233 3524 1388 3597 miseram,
1414 3544 1498 3584 nova
1515 3526 1559 3584 in-

277 3634 372 3713 diget
402 3634 495 3693 etiam
526 3635 619 3693 haras
654 3634 797 3712 antiquas
828 3653 867 3694 ex
900 3634 1063 3693 roboribus
1094 3632 1168 3692 nibil
1199 3632 1383 3706 valentibus,
1418 3632 1553 3710 denique

278 3741 390 3800 nullius
414 3740 538 3800 valoris

385 3845 436 3908 38.
461 3848 580 3909 Nobilis
616 3848 751 3908 Michael
774 3848 993 3908 Szmolkovicb
1016 3848 1112 3906 habet
1135 3848 1263 3906 domurn
1286 3846 1474 3905 mediocrem
1499 3848 1556 3905 ba-

277 3956 362 4017 sibus
386 3957 587 4037 indigentem,
611 3958 755 4016 horreum
786 3975 902 4016 novum
933 3956 1078 4015 omnibus
1100 3957 1269 4034 provisum,
1303 3955 1397 4013 haras
1423 3956 1463 4014 ad
1480 3956 1558 4014 duas

276 4067 437 4125 clausuras
470 4065 598 4124 basibus
643 4073 674 4123 et
705 4064 839 4124 inferiori
863 4065 1043 4142 pavimento
1067 4064 1253 4142 indigentes,
1276 4062 1436 4122 fornacem
1460 4063 1554 4140 pisto-

277 4192 362 4232 ream
386 4172 584 4234 mediocrem.

387 4278 437 4342 39.
461 4279 580 4340 Nobilis
603 4280 781 4357 Stephanus
799 4278 954 4338 Kollaricli
970 4278 1066 4337 habet
1082 4278 1209 4337 domum
1234 4278 1433 4356 mediocrem,
1461 4277 1555 4336 baras

277 4386 360 4447 ads
397 4389 557 4447 clausuras
581 4388 708 4447 basibus
732 4386 918 4466 indigentes,
942 4404 1034 4444 secus
1057 4386 1088 4443 in
1112 4393 1196 4444 statu
1219 4384 1376 4445 mediocri.
1442 4444 1445 4448 ,

382 4494 433 4555 40.
458 4496 577 4555 Nobilis
609 4495 761 4573 Iosephus
791 4494 953 4554 Szerblicb
978 4493 1073 4552 babet
1097 4494 1224 4552 domum
1255 4492 1414 4571 antiquam
1439 4510 1553 4571 angus·

274 4612 348 4677 tam,
379 4611 409 4662 et
442 4603 473 4661 in
505 4611 587 4661 statu
619 4603 741 4675 misero,
770 4603 914 4660 horreum
939 4600 1100 4677 antiquum
1135 4618 1252 4678 magna
1287 4602 1484 4676 reparatione
1509 4598 1553 4657 in·

273 4712 394 4791 digens,
423 4730 522 4789 penes
554 4711 694 4770 harulam
719 4710 830 4769 nullius
855 4708 1097 4781 aestimationis;
1130 4708 1203 4767 item
1227 4726 1324 4784 penes
1348 4708 1475 4766 domum
1500 4725 1554 4785 pa-

272 4820 345 4879 riter
369 4820 470 4891 talem,
494 4819 653 4877 fornacem
676 4816 844 4895 pistoream
870 4818 935 4876 sine
960 4816 1043 4875 bono
1065 4824 1157 4876 tecto.

380 4926 431 4985 41.
463 4925 582 4985 Nobilis
620 4924 756 4987 Michael
790 4925 962 5003 Ztepanich
997 4924 1099 4983 iunior
1133 4925 1228 4983 babet
1262 4924 1389 4981 domum
1424 4922 1552 4995 bonam,
