3934 5550
435 442 479 518 3'8

433 672 556 746 titisset,
588 690 682 750 quam
714 659 808 730 iidem
832 660 990 751 Georgius
1023 678 1054 730 et
1085 660 1221 730 Michael
1254 666 1412 748 Pepelych
1436 658 1581 743 fatentes,
1605 681 1715 745 exce,

434 779 508 859 quia
533 778 694 857 praefatus
726 777 884 858 Georgius
917 778 1083 856 Pepelych,
1116 778 1146 837 in
1178 777 1336 837 civitatem
1368 776 1488 857 regiam
1525 776 1714 857 Montisgre-

433 869 537 945 censis
571 884 805 966 Zagrabiensis,
838 904 972 945 unacum
1003 884 1203 963 praescriptis
1235 884 1357 944 filiabus
1389 883 1454 943 suis
1497 892 1528 943 et
1560 892 1714 958 consorte,

434 994 610 1054 antedictus
634 1012 710 1053 vero
734 992 871 1052 Michael
895 992 1062 1070 Pepelych,
1094 992 1199 1051 itidem
1224 1010 1359 1051 unacum
1383 990 1551 1069 praedictis
1576 990 1716 1050 similiter

434 1101 558 1161 filiabus
589 1101 655 1160 suis
689 1107 721 1160 et
756 1109 900 1162 consorte
932 1119 998 1173 sua,
1022 1100 1053 1159 in
1076 1107 1182 1178 partes
1212 1097 1363 1178 praedicti
1399 1098 1487 1180 regni
1521 1098 1715 1179 Hungariae,

434 1208 590 1269 widelicet
621 1208 779 1268 civitatem
803 1206 910 1267 itidem
941 1206 1063 1287 regiam
1095 1206 1352 1279 Tirnawiensem,
1385 1206 1416 1265 in
1441 1206 1590 1266 comitatu
1617 1206 1714 1265 Poso-

433 1316 534 1377 niensi
570 1316 755 1377 existentem
783 1323 815 1377 et
845 1315 994 1389 habitam,
1030 1334 1100 1375 sese
1134 1323 1309 1375 moraturos
1341 1314 1554 1392 eontulissent,
1581 1329 1715 1394 praeno·

432 1431 530 1483 tatam
567 1424 742 1503 portionem
778 1423 852 1483 dicti
886 1424 1044 1501 quondam
1081 1423 1205 1482 loannis
1237 1422 1404 1500 Pepelych,
1427 1422 1532 1482 iratris
1569 1422 1717 1501 ipsorum,

432 1540 560 1611 propter
595 1532 723 1611 longam
760 1532 940 1591 distantiam
964 1532 1102 1590 locorum
1128 1550 1238 1611 regere
1263 1540 1294 1589 et
1318 1530 1505 1609 gubernare,
1529 1530 1620 1610 eique
1644 1548 1715 1609 pro·

432 1640 539 1705 videre
576 1659 638 1700 non
671 1647 807 1718 possent.
840 1637 921 1698 Cum
946 1640 986 1697 ob
1011 1638 1050 1713 id,
1075 1648 1138 1698 tum
1174 1657 1248 1698 vero
1273 1638 1365 1698 certis
1390 1648 1419 1697 et
1452 1638 1654 1698 rationalibus
1678 1657 1716 1697 ex

435 1748 540 1808 causis
572 1748 711 1807 animum
746 1747 884 1825 ipsorum
918 1748 959 1807 ad
982 1747 1014 1806 id
1046 1746 1244 1806 moventibus
1269 1756 1300 1806 et
1323 1746 1549 1817 inducentibus,
1582 1746 1716 1806 eandem

432 1857 561 1916 totalem
595 1854 770 1933 portionem
804 1854 1086 1933 possessionariam
1119 1854 1258 1913 annotati
1293 1854 1365 1913 olim
1400 1852 1525 1913 Ioannis
1558 1852 1716 1932 Pepelych

434 1963 538 2023 iratris
563 1970 596 2021 ut
619 1962 829 2041 praemissum
852 1970 900 2022 est
924 1962 1134 2040 praelatorum
1160 1961 1291 2041 Georgii
1314 1970 1345 2021 et
1367 1961 1531 2021 Michaelis
1549 1961 1714 2039 Pepelych,

431 2070 603 2146 latentium,
626 2078 703 2130 natu
735 2067 873 2143 iunioris,
897 2068 928 2128 in
961 2070 1122 2147 praedicta
1146 2069 1345 2147 possessione
1373 2068 1486 2128 Plezzo
1510 2076 1541 2128 et
1565 2068 1713 2128 comitatu

432 2177 619 2257 Campoque
642 2175 849 2257 Zagrabiensi
870 2175 1071 2255 praescriptis
1100 2176 1285 2236 existentem
1309 2183 1340 2235 et
1363 2176 1511 2250 habitam,
1535 2175 1627 2235 simul
1643 2194 1714 2235 cum

433 2286 552 2345 cunctis
588 2285 729 2345 eiusdem
763 2284 867 2344 totalis
890 2284 1041 2363 portionis
1064 2283 1330 2364 possessionariae
1356 2284 1538 2345 utilitatibus
1563 2292 1595 2343 et
1616 2283 1710 2364 perti·

433 2392 545 2452 nentiis
580 2391 777 2471 quibuslibet,
812 2392 852 2452 ad
888 2392 1021 2451 eandem
1057 2392 1184 2451 totalem
1220 2392 1395 2469 portionem
1429 2390 1711 2471 possessionariam

436 2520 560 2579 semper
592 2500 631 2559 de
666 2500 733 2559 iure
758 2507 790 2560 et
813 2500 853 2559 ab
878 2500 1005 2579 antiquo
1037 2500 1251 2579 spectantibus
1275 2508 1306 2559 et
1329 2499 1485 2577 pertinere
1518 2499 1712 2572 debentibus,

432 2608 586 2667 nobilibus
611 2606 748 2666 Martino
778 2607 945 2685 Pepelych,
969 2626 1007 2667 ae
1030 2605 1170 2686 Georgio
1194 2615 1225 2666 et
1248 2606 1379 2667 Nicolao
1410 2606 1479 2667 filiis
1503 2606 1614 2667 nobilis
1638 2606 1712 2666 olim

432 2714 598 2775 Michaelis
622 2714 789 2793 Pepelych,
813 2732 851 2774 ac
874 2714 1019 2793 Gasparo
1042 2714 1105 2774 lilio
1129 2714 1268 2776 eiusdem
1305 2714 1431 2774 Martini
1455 2714 1621 2793 Pepelych,
1656 2732 1711 2793 pa-

430 2823 583 2884 truelibus
613 2821 758 2882 videlieet
789 2821 919 2897 illorum,
950 2823 1200 2902 haeredibusque
1225 2831 1255 2882 et
1279 2822 1512 2901 posteritatibus
1537 2823 1711 2883 eorundem

433 2931 595 3009 utriusque
619 2949 714 2990 sexus
738 2929 901 3000 universis,
924 2929 955 2989 in
980 2939 1012 2989 et
1034 2949 1091 3009 pro
1115 2949 1237 2990 summa
1254 2931 1404 2991 tredecim
1427 2931 1616 2990 florenorum
1633 2931 1711 2989 hun-

432 3038 624 3118 garicalium,
657 3038 815 3118 singulum
839 3037 986 3098 videlicet
1007 3039 1159 3098 florenum
1190 3041 1230 3098 ad
1265 3039 1410 3099 denarios
1434 3047 1559 3098 centum
1584 3057 1711 3116 compu-

431 3147 536 3220 tando,
561 3145 600 3206 ab
613 3146 731 3205 eisdem
754 3145 889 3205 Martino
905 3146 1071 3224 Pepelych,
1089 3165 1126 3206 ac
1142 3145 1282 3227 Georgio
1300 3156 1331 3206 et
1347 3147 1486 3221 Nicolao,
1501 3144 1710 3224 Gasparoque

431 3254 570 3332 plenarie
603 3262 635 3314 et
666 3252 734 3313 sine
765 3253 890 3313 delectu
913 3253 1088 3313 levaturum
1112 3263 1143 3313 et
1166 3262 1395 3332 perceptorum,
1420 3254 1590 3334 dedissent,
1613 3254 1709 3313 tradi·

433 3361 553 3421 dissent
576 3369 608 3421 et
630 3368 879 3440 perpetuassent,
912 3369 1004 3439 prout
1036 3360 1196 3434 dederunt,
1220 3360 1414 3421 tradiderunt
1449 3369 1481 3420 et
1502 3368 1709 3440 perpetuave-

431 3477 510 3544 runt,
534 3466 767 3547 dominiumque
799 3468 938 3527 eiusdem
970 3467 1074 3528 totalis
1105 3469 1255 3546 portionis
1290 3468 1557 3552 possessionariae
1581 3469 1620 3528 de
1643 3488 1709 3528 ma·

431 3576 522 3636 nibus
552 3575 683 3648 illorum,
714 3593 770 3653 per
801 3593 913 3634 manus
943 3574 1170 3634 antedictorum
1203 3575 1336 3638 Martini.
1369 3575 1508 3656 Georgii,
1531 3575 1653 3637 Nicolai
1678 3583 1710 3635 et

432 3683 566 3762 Gaspari
599 3682 765 3761 Pepelych,
797 3682 1033 3761 apprehendere
1061 3681 1276 3760 permiserunt,
1301 3682 1367 3742 iure
1391 3691 1543 3762 perpetuo
1578 3691 1610 3743 et
1632 3683 1706 3742 irre-

431 3791 613 3852 vocabiliter
636 3791 803 3850 tenendam
832 3791 1065 3868 possidendam,
1100 3791 1216 3869 pariter
1251 3799 1282 3850 et
1316 3792 1513 3864 habendam3
1538 3792 1709 3870 assumptis

431 3899 649 3959 nichilominus
680 3898 763 3958 idem
794 3899 951 3978 Georgius
982 3908 1014 3959 et
1044 3898 1181 3959 Michael
1212 3899 1369 3977 Pepelych
1400 3877 1552 3960 'oneribus
1577 3919 1709 3979 quorum

431 4025 526 4083 supra
556 4006 587 4064 in
619 4024 653 4065 se
684 4006 795 4066 levatis
826 4016 857 4066 et
890 4007 1067 4085 assumptis,
1100 4014 1289 4067 memoratos
1325 4008 1503 4082 Martinum,
1527 4007 1708 4089 Georgium,

432 4113 595 4172 Nicolaum
618 4123 650 4173 et
673 4111 851 4191 Casparum
874 4103 1041 4192 Pepelych,
1058 4114 1088 4172 in
1105 4114 1211 4192 quieto
1234 4124 1266 4174 et
1290 4113 1421 4192 pacifico
1444 4115 1583 4175 dominio
1606 4115 1709 4176 dictae

432 4221 535 4281 totalis
564 4220 713 4298 portionis
737 4221 1004 4299 possessionariae
1032 4230 1140 4282 contra
1164 4222 1291 4300 quosvis
1308 4218 1479 4302 legitimos¹
1508 4223 1708 4302 impetitores,

432 4328 606 4389 causidicos
635 4336 667 4388 et
698 4337 830 4405 actores,
861 4340 924 4390 tam
956 4331 1046 4404 intra,
1078 4349 1172 4410 quam
1204 4325 1291 4390 extra
1315 4331 1471 4405 iudicium,
1495 4331 1616 4392 illorum
1637 4350 1707 4410 pro-

430 4435 505 4515 priis
527 4435 686 4496 laboribus
721 4445 752 4496 et
775 4437 920 4515 expensis
951 4437 1039 4512 tueri,
1064 4447 1229 4517 protegere
1255 4447 1286 4498 et
1309 4437 1484 4498 defensare.
1508 4439 1628 4499 Harum
1652 4457 1706 4498 no·

432 4553 576 4617 strarum,
600 4543 713 4622 quibus
729 4544 864 4624 sigillum
887 4553 1029 4604 nostrum
1053 4543 1264 4605 authenticum
1288 4545 1432 4605 duximus
1457 4546 1709 4624 appendendum,

432 4652 542 4732 vigore
567 4661 597 4711 et
620 4651 800 4712 testimonio
823 4652 980 4712 literarum
1014 4653 1178 4714 mediante
1215 4653 1330 4712 Datum
1353 4653 1431 4714 feria
1454 4663 1543 4713 sexta
1567 4651 1709 4732 proxima

431 4768 503 4820 ante
527 4759 642 4819 testum
664 4759 829 4820 beatorum
856 4759 918 4819 Viti
950 4769 982 4820 et
1006 4760 1141 4820 Modesti
1173 4759 1344 4834 martirum,
1379 4779 1463 4820 anno
1495 4759 1610 4819 domini
1642 4759 1708 4818 mil-

430 4865 543 4927 lesimo
566 4866 815 4946 quingentesimo
839 4867 1055 4946 octuagesimo
1079 4868 1186 4946 primo.
