3934 5550
1517 473 1556 536 19

377 679 523 752 Originale
536 682 726 751 chartaceum,
749 683 850 738 subtus
861 701 1029 754 appressum
1044 691 1090 740 est
1108 685 1230 759 sigillum
1241 686 1363 741 Mathaei
1374 685 1556 757 Zalatbnoky.

270 771 301 824 ln
321 771 435 826 archivo
454 787 557 827 comm.
577 774 643 828 nob.
662 776 699 829 de
717 775 881 846 Turopolje.

273 885 486 894 ——n-——n—

382 934 389 965 ¹
407 937 457 992 sic.
477 936 521 991 22.
545 953 609 992 nov.
650 935 661 968 ¹
679 938 771 994 thesis
790 954 919 994 erronea.
958 940 1037 995 'sie

881 1243 953 1320 12.

377 1461 469 1546 Anno
499 1459 591 1524 1570.
617 1463 668 1525 20.
691 1462 848 1528 februarii.

379 1677 548 1739 Matthaeus
570 1679 777 1758 Zalathnoky,
801 1699 907 1740 comes
932 1678 1046 1758 Campi
1068 1678 1301 1760 Zagrabiensis‚
1325 1687 1357 1739 et
1388 1687 1455 1740 tota
1486 1679 1553 1740 uni·

269 1785 403 1846 versitas
435 1785 585 1846 nobilium
617 1786 757 1848 eiusdem
789 1785 912 1868 Campi,
936 1787 968 1847 in
999 1795 1156 1847 conventu
1180 1805 1237 1847 suo
1261 1785 1375 1846 Minori
1399 1786 1552 1848 Goriczae

269 1891 436 1972 celebrato,
461 1893 607 1954 comitem
631 1894 805 1984 Georgium
836 1895 1064 1974 Draskowych,
1088 1893 1269 1974 episcopum
1302 1894 1550 1974 Zagrabiensem

269 2019 307 2061 ac
330 2019 386 2079 per
409 2019 482 2061 enm
506 2001 683 2081 Gasparem
707 2002 845 2063 similiter
863 2001 1089 2080 Draskowycb,
1104 2020 1227 2062 necnon
1243 2002 1402 2075 Ioannem,
1425 2003 1553 2062 Petrum

269 2115 301 2168 et
324 2107 498 2188 Georgium
524 2107 603 2169 lilios
627 2107 767 2170 eiusdem
792 2108 935 2188 Gaspari,
967 2109 1185 2188 haeredesque
1216 2109 1355 2188 ipsorum
1379 2108 1552 2184 universos,

271 2217 311 2276 ad
336 2215 484 2278 universa
515 2217 598 2277 bona
629 2215 731 2278 dictae
764 2217 996 2279 communitatis
1018 2216 1168 2278 nobilium
1191 2214 1305 2296 Campi
1329 2215 1553 2298 Zagrabiensis

268 2325 405 2404 adoptat.

374 2463 568 2520 Literaehaec
582 2466 695 2520 comitis
708 2467 852 2522 terrestris
865 2466 988 2522 Matbaei
1001 2467 1175 2538 Zalatbnoky
1194 2483 1218 2521 a.
1238 2467 1316 2521 loto.
1337 2466 1407 2521 teria
1425 2466 1552 2520 secunda

266 2560 334 2622 post
351 2554 547 2610 Reminiscere
566 2563 724 2624 emanata,
742 2563 941 2624 praesentatae
961 2565 1028 2611 sunt
1047 2575 1083 2611 ex
1101 2565 1183 2626 parte
1202 2557 1316 2611 comitis
1334 2557 1448 2612 loannis
1466 2553 1552 2609 Dras-

266 2643 386 2714 kowych
413 2645 509 2697 medio
528 2643 691 2716 Woligangi
718 2645 848 2700 Puskach
867 2646 895 2699 in
915 2646 1039 2718 generali
1059 2662 1193 2718 congreg.
1221 2645 1358 2700 nobilium
1378 2643 1478 2713 Campi
1496 2643 1552 2698 Tu·

266 2732 435 2801 ropoliensis
464 2749 489 2787 a.
514 2732 591 2789 1689.
612 2734 653 2789 13.
680 2734 849 2790 decembris.
875 2735 906 2789 In
925 2736 1040 2790 archivo
1059 2752 1201 2791 cemmun.
1219 2736 1306 2791 nobil.
1333 2735 1433 2804 Campi
1460 2733 1551 2789 Turo-

266 2823 418 2897 poljensis:
436 2825 509 2879 Acta
526 2823 644 2893 politico
664 2826 782 2881 iuridica
801 2824 1014 2897 (protocollum)
1032 2844 1057 2882 a.
1078 2826 1273 2883 loto-1702.
1291 2844 1319 2895 p.
1340 2826 1400 2881 ⁶49.

871 3146 965 3223 la·

373 3367 466 3429 Anno
494 3367 587 3433 1570.
616 3368 663 3433 14.
687 3369 771 3431 iunii.
795 3370 829 3430 In
854 3368 993 3429 {nteriori
1016 3369 1212 3435 kaawecz.

269 3580 395 3644 Coram
428 3578 601 3645 Mattiaco
635 3578 855 3666 Zolothnoky,
891 3580 1015 3644 comite
1045 3579 1205 3645 terrestri
1238 3578 1363 3666 Campi
1395 3579 1550 3667 Zagrob„

265 3686 396 3753 Helena
439 3684 676 3774 Woythossycit
711 3691 744 3753 et
782 3684 975 3751 Cotharirza
1004 3685 1177 3766 Bradoch,
1211 3686 1388 3773 quandam
1418 3690 1550 3752 terram

265 3794 432 3860 arabilem
456 3792 763 3881 Breghodernicza
796 3798 961 3875 vocatam,
985 3795 1025 3860 in
1048 3794 1234 3881 Superiori
1260 3796 1457 3861 kaowecz
1487 3795 1548 3860 ho·

265 3901 383 3983 bitom,
405 3902 573 3968 Ladislao
604 3900 847 3989 Bwkowachky
870 3906 903 3967 et
925 3902 1080 3967 cormorti
1112 3902 1191 3967 eiras
1223 3900 1431 3968 Catherinae
1461 3904 1548 3988 Kys·

753 4008 884 4097 seioych
905 4010 1068 4075 vendunt.

374 4230 440 4289 Nos
464 4230 612 4290 Matheus
643 4228 784 4289 literatus
816 4228 1013 4305 Zalathnoky
1038 4230 1076 4288 de
1101 4228 1286 4307 Zalatbnok‚
1306 4248 1412 4289 comes
1436 4239 1548 4291 terres·

265 4337 320 4398 tris
352 4336 501 4397 nobilium
530 4335 644 4415 Campi
677 4336 908 4417 Zagrabiensis',
933 4344 964 4397 et
987 4336 1080 4397 iudex
1104 4337 1252 4398 nobilium
1277 4337 1442 4398 comitatus
1466 4338 1548 4397 simi-

266 4444 335 4506 liter
366 4442 598 4525 Zagrabiensis,
630 4443 779 4504 memorie
812 4443 1069 4503 commendamus
1099 4453 1208 4504 tenore
1231 4444 1428 4522 presencium
1453 4443 1548 4525 signi·

267 4554 399 4613 ficantes
428 4553 542 4633 quibus
577 4552 702 4630 expedit
735 4551 897 4629 universio,
931 4553 1015 4631 quod
1048 4552 1167 4612 nobiles
1191 4553 1315 4613 domine
1345 4554 1467 4612 Helena
1490 4554 1549 4614 Mi·

265 4660 382 4722 chaelis
407 4661 639 4739 Woythossych
664 4660 703 4719 de
728 4660 887 4739 Superiori
919 4661 1128 4739 Lompnycza,
1153 4670 1183 4721 et
1207 4660 1380 4721 Catherina
1403 4662 1548 4722 Iohannis

268 4768 414 4829 Bradoch
446 4768 533 4829 aliter
566 4766 781 4845 erbyssych
805 4766 879 4826 dieti
902 4769 943 4828 de
965 4768 1125 4846 Superiori
1158 4770 1345 4827 kanwecz
1377 4777 1548 4844 consortes,

266 4876 328 4937 filie
353 4894 428 4936 vero
452 4874 563 4935 nobilis
595 4874 728 4935 condam
753 4872 879 4935 Martini
908 4873 1167 4951 Chernchewych
1190 4875 1231 4934 de
1254 4876 1365 4935 eadem
1389 4875 1548 4953 Superiori

266 4985 472 5059 Lwlrawecz;
502 4982 586 5043 dicta
618 4982 745 5043 domina
776 4982 1023 5042 HelennBlasii
1047 4992 1078 5042 et
1101 4982 1191 5042 l'auli
1222 4983 1362 5057 filiorum,
1388 4993 1420 5043 et
1443 4985 1547 5062 puelle

1461 5102 1478 5139 e
