3934 5550
545 829 639 889 Anno
667 825 758 888 1591.
784 827 812 886 5.
837 826 919 886 maii.

440 1036 566 1103 Coram
590 1037 739 1121 capitulo
761 1036 836 1101 eccl.
860 1035 1113 1123 Zagrabeusis,
1134 1034 1262 1102 Ursulo
1287 1034 1451 1100 Artauaz
1473 1034 1589 1100 veredit
1612 1056 1722 1121 quon-

437 1144 519 1209 dum
549 1143 801 1230 possessionem
834 1163 938 1208 suam
968 1142 1190 1209 sessionulem
1214 1141 1392 1221 desertam,
1415 1142 1544 1229 aspirati
1574 1142 1723 1229 quinque

593 1251 747 1337 florenis
769 1250 912 1316 Nicoluo
935 1247 1099 1337 Pepelych
1121 1253 1153 1314 et
1180 1248 1328 1337 Georgia
1352 1248 1553 1337 Pogledych.

545 1467 612 1528 Nos
647 1468 818 1547 capitulum
843 1467 996 1528 ecclesiae
1019 1444 1244 1549 Zaprabiensis
1268 1468 1439 1527 memoriae
1464 1468 1723 1528 commendamus

438 1586 547 1637 tenore
570 1575 782 1656 praesentium
806 1575 1031 1657 significantes,
1047 1576 1160 1655 quibus
1185 1576 1309 1655 expedit
1332 1576 1495 1651 universis,
1510 1577 1594 1656 quod
1610 1576 1721 1636 nobilis

439 1685 566 1746 domina
589 1685 712 1757 Vrsula,
736 1702 866 1744 consors
888 1684 1000 1746 nobilis
1033 1684 1174 1744 Thomas
1209 1663 1355 1743 Arbanaz
1390 1703 1428 1744 ex
1459 1683 1598 1743 lnferiori
1628 1684 1721 1742 Lom-

439 1812 548 1872 nycza,
571 1793 635 1853 filia
658 1811 733 1852 vero
757 1792 868 1852 nobilis
892 1792 1026 1852 condam
1049 1792 1134 1852 Petri
1156 1792 1304 1869 Sattrych
1327 1812 1365 1851 ex
1397 1792 1508 1852 eadem
1532 1792 1721 1869 Lomnycza‚

439 1901 586 1964 oneribus
611 1909 642 1961 et
665 1900 855 1981 quibuslibet
886 1900 1123 1981 gravaminibus
1157 1899 1373 1960 universorum
1407 1898 1548 1976 filiorum,
1579 1899 1721 1977 filiarum,

437 2010 577 2087 iratrum,
601 2028 753 2084 sororum,
778 2008 991 2087 proximorum
1015 2017 1047 2068 et
1071 2007 1377 2089 consangvineorum
1410 2027 1547 2082 suorum,
1571 2026 1650 2086 quos
1675 2008 1721 2067 vi-

438 2116 553 2177 delicet
576 2116 808 2196 infrascriptum
829 2116 933 2196 tangit
956 2123 988 2175 et
1021 2116 1191 2187 concernit,
1224 2134 1281 2175 seu
1312 2124 1444 2197 tangere
1468 2124 1499 2176 et
1529 2133 1720 2175 concernere

441 2232 549 2303 posset
571 2224 734 2305 negotium
757 2222 991 2303 quomodolibet
1022 2222 1053 2283 in
1084 2223 1230 2296 luturum,
1263 2223 1294 2282 in
1330 2242 1364 2283 se
1394 2224 1495 2302 ipsam
1529 2241 1585 2302 per
1617 2222 1722 2283 omnia

438 2332 610 2411 assumptis
634 2339 665 2392 et
687 2331 808 2405 levatis,
831 2349 938 2391 coram
969 2330 1059 2391 nobis
1093 2332 1297 2409 personaliter
1328 2330 1504 2407 constituta,
1535 2339 1646 2408 sponte
1679 2348 1715 2391 ac

441 2439 547 2515 libere,
571 2440 698 2499 oraculo
721 2438 792 2498 vive
817 2437 904 2500 vocis
927 2456 1003 2498 suae
1028 2437 1104 2497 dixit
1127 2446 1159 2498 et
1183 2436 1327 2497 contessa
1351 2438 1452 2498 estin
1477 2438 1559 2497 bunc
1582 2436 1720 2511 modurn,

436 2546 573 2626 qualiter
596 2546 665 2625 ipsa
687 2564 745 2625 pro
769 2545 956 2625 quibusdam
988 2545 1054 2605 suis
1087 2544 1192 2605 arduis
1225 2564 1262 2605 ac
1290 2544 1520 2606 inevitabilibus
1552 2544 1713 2605 necessita·

436 2654 530 2728 tibus,
553 2654 654 2733 ipsam
690 2654 731 2713 ad
764 2672 916 2732 praesens
940 2671 1062 2713 summe
1085 2652 1270 2733 urgentibus
1293 2651 1458 2728 evitandis,
1482 2660 1513 2711 et
1536 2652 1720 2731 praesertim

436 2762 600 2841 compulsa
623 2761 761 2821 maxima
785 2780 823 2821 ac
845 2760 1016 2822 inevitabili
1040 2758 1228 2821 necessitate
1253 2760 1352 2836 larnis,
1377 2780 1440 2840 qua
1463 2779 1602 2839 pronunc
1619 2766 1717 2821 toturn

437 2870 501 2929 hoc
525 2888 659 2950 regnum
674 2869 862 2930 Sclauoniae
879 2869 1049 2928 admodum
1072 2876 1275 2947 premeretur,
1287 2887 1381 2947 quam
1398 2869 1439 2928 ob
1458 2886 1524 2927 rern
1541 2867 1618 2948 ipsa,
1635 2869 1718 2928 unde

437 2985 468 3036 et
495 2995 565 3038 sese
590 2984 622 3036 et
645 2975 761 3036 liberos
785 2995 823 3036 ac
847 2975 996 3037 familiam
1020 2995 1110 3036 suam
1135 2976 1218 3036 alere
1248 2983 1279 3035 et
1309 2983 1484 3036 sustentare
1508 2983 1623 3054 posset,
1654 2995 1716 3034 non

434 3081 575 3160 haberet,
600 3103 672 3144 cum
696 3083 791 3164 igitur
814 3084 854 3143 ob
879 3084 919 3158 id,
935 3093 1001 3144 turn
1025 3101 1101 3143 vero
1125 3083 1217 3143 certis
1242 3091 1273 3142 et
1296 3082 1530 3143 rationabilibus
1547 3082 1586 3142 de
1603 3083 1716 3160 causis,

434 3191 572 3251 animum
596 3210 689 3250 suum
713 3191 809 3250 adid
834 3190 1033 3250 moventibus
1066 3199 1097 3250 et
1127 3190 1356 3264 inducentibus,
1386 3198 1511 3249 matura
1541 3199 1573 3249 et
1604 3199 1716 3250 exacta

433 3299 516 3359 intra
540 3318 574 3359 se
600 3298 823 3359 deliberatione
847 3298 1042 3378 praehabita,
1066 3299 1225 3378 quandam
1248 3298 1404 3378 integram
1428 3297 1601 3358 sessionem
1625 3315 1714 3357 suarn

434 3425 575 3485 pronunc
598 3406 766 3480 desertam,
790 3406 822 3466 in
846 3425 908 3486 qua
932 3414 1025 3466 antea
1048 3405 1198 3485 providus
1232 3407 1365 3466 loannes
1394 3405 1632 3482 Petennanych‚
1663 3424 1714 3465 co-

433 3515 524 3574 lonus
547 3513 688 3574 eiusdem
708 3513 854 3574 dominae
877 3513 1003 3574 latentis
1026 3514 1203 3587 resedisset,
1227 3513 1258 3572 in
1274 3513 1474 3591 possessione
1491 3531 1546 3573 seu
1567 3532 1712 3592 promon-

434 3622 514 3681 torio
538 3621 791 3698 Koztanyewecz
815 3630 939 3694 vocatu,
961 3621 994 3680 in
1017 3619 1141 3699 Campo
1172 3628 1204 3680 et
1227 3620 1376 3681 comitatu
1411 3619 1617 3702 Zagrabiensi
1649 3620 1712 3682 exi·

433 3736 568 3789 stentem
603 3728 751 3802 habitam,
783 3728 883 3807 ipsam
915 3729 1074 3789 dominam
1105 3728 1250 3788 Vrsulam
1285 3728 1440 3805 Sattrych,
1465 3727 1624 3804 fatentem,
1647 3729 1713 3788 iure

432 3843 564 3915 paterno
595 3843 627 3896 et
649 3837 858 3896 haereditario
880 3844 1063 3915 tangentem
1087 3843 1119 3895 et
1141 3843 1390 3910 concernentem,
1413 3835 1505 3895 simul
1528 3855 1599 3896 cum
1623 3835 1714 3897 terris

435 3941 612 4020 arabilibus,
636 3943 738 4020 vinea,
767 3943 882 4016 loenili,
905 3943 1040 4022 pascuis,
1064 3943 1168 4020 sylvis,
1194 3943 1292 4021 aquis,
1315 3943 1418 4004 fluviis
1451 3963 1488 4004 ac
1521 3944 1712 4022 molendino-

434 4070 503 4110 rum
537 4051 624 4125 locis,
659 4070 782 4112 necnon
806 4049 874 4111 aliis
897 4050 1060 4130 quibusvis
1083 4051 1286 4130 pertinentiis,
1320 4051 1361 4110 ad
1393 4051 1526 4111 eandem
1557 4051 1711 4132 integram

434 4158 607 4218 sessionem
642 4177 767 4237 semper
798 4159 837 4218 de
867 4158 934 4217 iure
965 4166 998 4217 et
1032 4158 1071 4218 ab
1103 4157 1230 4236 antiquo
1261 4158 1482 4236 spectantibus,
1512 4159 1596 4220 lacta
1627 4160 1712 4239 prius

433 4263 571 4324 omnium
595 4273 627 4324 et
649 4264 831 4342 quorumvis
854 4265 1158 4344 consanguineorum
1184 4273 1214 4324 et
1239 4264 1377 4324 affinium
1411 4273 1546 4341 suorum,
1571 4285 1608 4327 ac
1638 4267 1711 4327 vici·

434 4391 545 4431 norum
585 4372 678 4430 etiam
715 4371 969 4450 propinquiorum
1001 4371 1140 4451 legitima
1172 4371 1338 4449 superinde
1374 4373 1593 4448 admonitione,
1624 4373 1710 4434 nobi·

432 4480 513 4539 libus
548 4477 688 4558 Georgio
721 4478 903 4558 Pogledych
934 4480 973 4538 de
1005 4479 1211 4556 Koryllowcz,
1243 4497 1280 4538 ac
1314 4479 1446 4540 Nicolao
1475 4481 1631 4559 Pepelych
1671 4481 1710 4542 de

436 4587 558 4658 Plezzo,
582 4585 668 4646 affini
691 4604 758 4662 su0,
772 4585 1020 4664 haeredibusque
1045 4595 1075 4646 et
1099 4587 1333 4664 posteritatibus
1356 4587 1528 4646 eorundem
1551 4587 1710 4667 utriusque

434 4713 528 4754 sexus
552 4693 713 4769 universis,
737 4694 769 4754 in
793 4703 824 4754 et
847 4714 903 4772 pro
926 4695 1053 4754 florenis
1075 4695 1329 4775 hungaricalibus
1354 4691 1463 4775 viginti
1479 4696 1625 4775 quinque,
1649 4696 1710 4756 sin·

434 4800 542 4881 gulnm
567 4800 711 4860 videlicet
741 4803 893 4863 florenum
929 4804 969 4862 ad
1001 4802 1147 4862 denarios
1179 4811 1304 4862 centum
1337 4803 1557 4881 computando,
1581 4803 1620 4862 ab
1651 4803 1709 4864 eis·

436 4908 507 4967 dem
543 4907 682 4989 Georgio
715 4909 895 4989 Pogledych
920 4918 951 4969 et
974 4909 1105 4970 Nicolao
1139 4909 1296 4987 Pepelych
1327 4909 1465 4988 plenarie
1498 4918 1530 4970 et
1560 4909 1627 4970 sine
1657 4910 1710 4970 de·
