3934 5550
1505 434 1569 507 183

290 674 377 725 tamo
400 662 475 742 taky
499 661 579 725 neka
605 659 715 740 setuje,
740 669 829 723 arto
853 678 892 723 ne
916 682 957 723 na
980 659 1138 741 poclrake3
1162 658 1279 723 brasna
1302 660 1347 721 szi
1370 662 1453 722 nelca
1477 681 1570 721 uzmu

291 793 333 833 na
356 774 394 832 tri
426 773 479 832 dni
511 773 549 833 ali
579 792 622 832 na
646 772 675 839 2.
699 773 793 832 lramo
816 792 836 848 y
860 772 902 831 mi
926 772 1024 832 szami
1050 772 1108 831 sad
1131 772 1195 831 talri
1219 771 1395 831 odhaiamo

397 896 542 973 Oztajem
568 915 742 975 generosae
766 896 987 956 dominationis
1011 905 1136 957 vestrae

1037 1040 1156 1100 amicus
1180 1048 1309 1118 paratus

789 1146 905 1207 Comes
928 1147 1078 1207 Nicolaus
1102 1148 1248 1223 Erdeody
1273 1167 1367 1206 manu
1390 1146 1524 1226 propria

397 1295 530 1372 Raptim,
553 1291 664 1366 Obres,
689 1292 739 1351 die
767 1290 814 1352 ll.
838 1292 903 1352 iulii
931 1290 1022 1352 1687.

399 1421 440 1478 ln
463 1420 604 1479 dorso:
629 1418 792 1477 Generoso
817 1418 942 1477 domino
965 1418 1059 1477 Petro
1081 1418 1331 1494 Szenlrouachlry
1347 1418 1484 1494 vallera,
1505 1418 1570 1476 uni-

292 1526 448 1587 versitatis
471 1526 618 1585 nobilium
643 1524 757 1603 Campi
781 1524 949 1601 Turopolia
966 1524 1072 1584 comiti
1091 1524 1229 1583 terrestri
1244 1533 1311 1600 etc,
1328 1524 1454 1583 domino
1471 1525 1572 1585 amico

292 1634 586 1695 observandissimo¹

383 1772 427 1815 lto.

291 1784 428 1978 Cito.

383 1880 454 1923 itius.

266 1941 270 1947 ·
384 1932 498 1985 illenim,
514 1944 586 1987 quam
601 1931 730 1975 cltlsslme.

400 2047 571 2107 Ibidem:
596 2047 645 2106 Da
669 2047 770 2106 danaz
794 2056 879 2105 tamo
902 2047 987 2106 budu
1012 2048 1074 2106 kak
1098 2047 1150 2105 nai
1173 2047 1334 2126 zagodeie.

398 2169 544 2239 Originale
559 2170 759 2235 ¹chartaceum,
784 2186 800 2221 a
824 2177 905 2238 tergo
933 2185 1102 2237 apprcssum
1131 2169 1262 2240 sigillum,
1284 2187 1342 2239 quo
1370 2171 1450 2223 litera
1477 2170 1572 2223 clausa

289 2269 361 2321 erat.⁴
379 2262 406 2313 ln
426 2262 540 2314 archivo
559 2276 701 2313 commun.
721 2261 786 2312 nob.
807 2260 844 2312 dc
862 2260 1024 2329 Turopolje.

880 2596 983 2667 1³4.

394 2837 487 2895 Anno
516 2833 607 2897 1687.
633 2832 683 2895 31.
708 2837 841 2916 augusti.
869 2837 901 2895 ln
925 2835 1074 2897 Mokricz.

288 3067 455 3132 Nzcozaus
478 3065 644 3151 Erdeody,
667 3065 788 3146 banus,
812 3067 929 3132 comiti
954 3071 1034 3133 terr.
1061 3067 1184 3152 Campi
1212 3067 1396 3152 Turopolja
1418 3067 1571 3143 mandat,

291 3177 330 3237 ut
342 3174 418 3238 suis
430 3194 508 3237 cum
525 3171 723 3237 horninibus
739 3187 779 3254 13.
794 3173 995 3258 septembris
1010 3174 1058 3238 ad
1075 3174 1356 3239 Turanouicaam
1368 3177 1570 3257 compareat.

505 3409 667 3470 Generose
691 3409 815 3470 domine
841 3410 940 3470 amice
964 3409 1257 3470 observandissime.

398 3552 550 3613 Noverint
574 3553 689 3612 domini
714 3555 901 3634 regnicolas,
937 3557 1021 3633 quod
1052 3574 1110 3615 nos
1145 3551 1263 3615 eisdem
1298 3564 1369 3633 post
1405 3555 1570 3615 Kosztani·

292 3678 436 3719 czensem
467 3661 696 3739 expeditionem
725 3681 822 3722 causa
846 3662 1117 3722 refocillandorum
1142 3681 1316 3741 corporum,
1332 3663 1458 3722 domum
1483 3662 1569 3722 rede-

291 3767 364 3826 undi
396 3767 574 3826 facultatem
608 3769 836 3846 admiserimus,
869 3769 911 3828 ita
943 3778 1058 3843 tamen,
1083 3778 1116 3828 ut
1149 3770 1233 3829 omni
1257 3771 1332 3830 hora
1358 3780 1389 3830 et
1413 3779 1570 3830 momento

291 3874 331 3934 ad
363 3893 477 3934 novam
510 3875 740 3953 expeditionem
764 3886 891 3954 praesto
915 3877 993 3936 sint:
1026 3887 1057 3936 et
1087 3877 1240 3956 siquidem
1268 3878 1459 3938 serenissimi
1483 3878 1571 3938 ducis

292 3983 513 4061 Lotharingiae
538 3983 641 4043 medio
666 3984 916 4044 excellentissimi
941 3985 1058 4044 domini
1081 3985 1203 4046 comitis
1235 3987 1392 4065 generalis
1416 3986 1570 4045 Denebolt

292 4089 381 4148 nobis
405 4089 595 4149 insinuatum
621 4090 834 4168 acceperimus
851 4091 1003 4165 ordinem,
1026 4101 1060 4152 ut
1083 4100 1147 4151 tarn
1173 4094 1357 4172 regnicolas,
1380 4113 1473 4172 quam
1498 4113 1572 4152 con·

291 4197 428 4257 fmiarios
463 4217 557 4258 curae
594 4208 718 4258 nostrae
754 4199 959 4273 concreditos,
995 4219 1093 4275 ocyus
1118 4201 1157 4258 ad
1194 4201 1443 4261 Turanouiczam
1479 4221 1571 4280 expe·

292 4303 421 4364 diamus.

397 4412 516 4472 Idcirco
551 4413 654 4473 denuo
688 4413 842 4474 universis
878 4415 1012 4475 dominis
1045 4415 1212 4496 regnicolis
1244 4416 1432 4476 authoritate
1463 4425 1571 4476 nostra

291 4517 405 4592 banali,
428 4537 490 4596 qua
520 4520 612 4597 pleno
644 4520 711 4581 iure
742 4521 909 4600 iungimur,
940 4521 1070 4581 firmiter
1100 4522 1328 4602 praecipientes
1353 4525 1573 4585 committimus

292 4633 322 4684 et
345 4627 541 4702 mandamus,
565 4635 720 4706 quatenus
751 4648 808 4706 pro
841 4630 891 4688 die
928 4627 976 4690 13.
1008 4630 1125 4690 mensis
1156 4631 1351 4709 septembris,
1386 4633 1458 4691 anni
1488 4652 1571 4693 nune

292 4733 443 4792 currentis
478 4735 625 4812 inscripti,
649 4736 689 4795 ad
712 4736 918 4815 praemissum
954 4738 1058 4797 locum
1092 4738 1353 4810 Turanouiczam,
1377 4740 1435 4798 sub
1469 4729 1574 4817 poena

292 4839 445 4899 articulari
481 4860 551 4901 sese
584 4842 703 4903 sistant.
739 4843 872 4903 Proinde
902 4852 1008 4904 vestra
1040 4844 1211 4905 dominatio
1244 4865 1401 4926 generosa
1429 4845 1572 4906 homines

291 4965 364 5006 snos
388 4948 430 5007 ita
455 4949 607 5027 disponat,
631 4931 669 5008 ut
689 4959 805 5010 attacta
837 4952 886 5011 die
922 4951 969 5014 13.
994 4953 1024 5012 in
1048 4955 1117 5013 loco
1149 4955 1370 5015 Turanouicza
1394 4957 1478 5016 omni
1504 4976 1574 5036 pro·
