<?xml version="1.0" encoding="UTF-8"?>
<!DOCTYPE html PUBLIC "-//W3C//DTD XHTML 1.0 Transitional//EN"
    "http://www.w3.org/TR/xhtml1/DTD/xhtml1-transitional.dtd">
<html xmlns="http://www.w3.org/1999/xhtml" xml:lang="en" lang="en">
 <head>
  <title>
</title>
<meta http-equiv="Content-Type" content="text/html;charset=utf-8" />
  <meta name='ocr-system' content='tesseract 3.04.00' />
  <meta name='ocr-capabilities' content='ocr_page ocr_carea ocr_par ocr_line ocrx_word'/>
</head>
<body>
  <div class='ocr_page' id='page_1' title='image "./povjesnispomeni00laszgoog_0295.png"; bbox 0 0 3934 5550; ppageno 0'>
   <div class='ocr_carea' id='block_1_1' title="bbox 376 358 441 429">
    <p class='ocr_par' dir='ltr' id='par_1_1' title="bbox 376 358 441 429">
     <span class='ocr_line' id='line_1_1' title="bbox 376 358 441 429; baseline 0 0"><span class='ocrx_word' id='word_1_1' title='bbox 376 358 441 429; x_wconf 80' lang='lat'>262</span> 
     </span>
    </p>
   </div>
   <div class='ocr_carea' id='block_1_2' title="bbox 329 577 1719 4968">
    <p class='ocr_par' dir='ltr' id='par_1_2' title="bbox 373 577 1719 2167">
     <span class='ocr_line' id='line_1_2' title="bbox 373 577 1648 663; baseline -0.001 -20"><span class='ocrx_word' id='word_1_2' title='bbox 373 582 538 662; x_wconf 89' lang='lat' dir='ltr'>antiquius,</span> <span class='ocrx_word' id='word_1_3' title='bbox 562 584 724 663; x_wconf 89' lang='lat' dir='ltr'>maiusque</span> <span class='ocrx_word' id='word_1_4' title='bbox 749 582 779 642; x_wconf 94' lang='lat' dir='ltr'>in</span> <span class='ocrx_word' id='word_1_5' title='bbox 804 582 885 643; x_wconf 90' lang='lat' dir='ltr'>votis</span> <span class='ocrx_word' id='word_1_6' title='bbox 908 583 1083 657; x_wconf 77' lang='lat' dir='ltr'><strong>habuimus,</strong></span> <span class='ocrx_word' id='word_1_7' title='bbox 1107 602 1204 663; x_wconf 93' lang='lat' dir='ltr'>quam</span> <span class='ocrx_word' id='word_1_8' title='bbox 1227 591 1261 643; x_wconf 90' lang='lat' dir='ltr'>ut</span> <span class='ocrx_word' id='word_1_9' title='bbox 1284 581 1416 663; x_wconf 87' lang='lat' dir='ltr'>populos</span> <span class='ocrx_word' id='word_1_10' title='bbox 1447 581 1539 643; x_wconf 90' lang='lat' dir='ltr'>nobis</span> <span class='ocrx_word' id='word_1_11' title='bbox 1569 577 1648 643; x_wconf 89' lang='lat' dir='ltr'>divi·</span> 
     </span>
     <span class='ocr_line' id='line_1_3' title="bbox 373 688 1651 770; baseline -0.001 -21"><span class='ocrx_word' id='word_1_12' title='bbox 373 690 455 749; x_wconf 90' lang='lat' dir='ltr'>nitus</span> <span class='ocrx_word' id='word_1_13' title='bbox 479 690 675 752; x_wconf 91' lang='lat' dir='ltr'>concreditos</span> <span class='ocrx_word' id='word_1_14' title='bbox 699 698 730 750; x_wconf 87' lang='lat' dir='ltr'>et</span> <span class='ocrx_word' id='word_1_15' title='bbox 754 690 922 765; x_wconf 89' lang='lat' dir='ltr'>subiectos,</span> <span class='ocrx_word' id='word_1_16' title='bbox 946 690 1060 770; x_wconf 88' lang='lat' dir='ltr'>quibus</span> <span class='ocrx_word' id='word_1_17' title='bbox 1083 698 1191 769; x_wconf 79' lang='lat' dir='ltr'>utpote</span> <span class='ocrx_word' id='word_1_18' title='bbox 1215 690 1282 752; x_wconf 91' lang='lat' dir='ltr'>sola</span> <span class='ocrx_word' id='word_1_19' title='bbox 1306 689 1448 769; x_wconf 87' lang='lat' dir='ltr'>obsequii</span> <span class='ocrx_word' id='word_1_20' title='bbox 1479 688 1580 769; x_wconf 89' lang='lat' dir='ltr'>gloria</span> <span class='ocrx_word' id='word_1_21' title='bbox 1602 708 1651 749; x_wconf 90' lang='lat' dir='ltr'>re·</span> 
     </span>
     <span class='ocr_line' id='line_1_4' title="bbox 374 796 1652 878; baseline -0.001 -20"><span class='ocrx_word' id='word_1_22' title='bbox 374 797 446 858; x_wconf 90' lang='lat' dir='ltr'>licta</span> <span class='ocrx_word' id='word_1_23' title='bbox 469 806 561 873; x_wconf 91' lang='lat' dir='ltr'>esset,</span> <span class='ocrx_word' id='word_1_24' title='bbox 585 816 735 859; x_wconf 89' lang='lat' dir='ltr'>caesareo</span> <span class='ocrx_word' id='word_1_25' title='bbox 768 798 876 878; x_wconf 83' lang='lat' dir='ltr'>regiae</span> <span class='ocrx_word' id='word_1_26' title='bbox 907 797 1092 858; x_wconf 87' lang='lat' dir='ltr'>clementiae</span> <span class='ocrx_word' id='word_1_27' title='bbox 1125 806 1252 859; x_wconf 89' lang='lat' dir='ltr'>nostrae</span> <span class='ocrx_word' id='word_1_28' title='bbox 1283 797 1410 876; x_wconf 91' lang='lat' dir='ltr'>publica</span> <span class='ocrx_word' id='word_1_29' title='bbox 1440 796 1652 858; x_wconf 80' lang='lat' dir='ltr'>declaratione</span> 
     </span>
     <span class='ocr_line' id='line_1_5' title="bbox 373 903 1650 985; baseline -0.002 -19"><span class='ocrx_word' id='word_1_30' title='bbox 373 906 560 981; x_wconf 78' lang='lat' dir='ltr'>foveremus,</span> <span class='ocrx_word' id='word_1_31' title='bbox 584 906 748 985; x_wconf 83' lang='lat' dir='ltr'>taliterque</span> <span class='ocrx_word' id='word_1_32' title='bbox 772 906 901 966; x_wconf 86' lang='lat' dir='ltr'>eosdem</span> <span class='ocrx_word' id='word_1_33' title='bbox 925 906 966 965; x_wconf 79' lang='lat' dir='ltr'>ad</span> <span class='ocrx_word' id='word_1_34' title='bbox 989 905 1104 985; x_wconf 84' lang='lat' dir='ltr'>iugiter</span> <span class='ocrx_word' id='word_1_35' title='bbox 1127 906 1366 966; x_wconf 86' lang='lat' dir='ltr'>contestandam</span> <span class='ocrx_word' id='word_1_36' title='bbox 1390 922 1469 985; x_wconf 89' lang='lat' dir='ltr'>erga</span> <span class='ocrx_word' id='word_1_37' title='bbox 1491 903 1650 984; x_wconf 85' lang='lat' dir='ltr'>legitimos</span> 
     </span>
     <span class='ocr_line' id='line_1_6' title="bbox 375 1010 1653 1093; baseline -0.002 -20"><span class='ocrx_word' id='word_1_38' title='bbox 375 1033 449 1073; x_wconf 93' lang='lat' dir='ltr'>suos</span> <span class='ocrx_word' id='word_1_39' title='bbox 472 1032 566 1093; x_wconf 87' lang='lat' dir='ltr'>reges</span> <span class='ocrx_word' id='word_1_40' title='bbox 590 1021 622 1073; x_wconf 90' lang='lat' dir='ltr'>et</span> <span class='ocrx_word' id='word_1_41' title='bbox 644 1012 787 1073; x_wconf 92' lang='lat' dir='ltr'>dominos</span> <span class='ocrx_word' id='word_1_42' title='bbox 810 1012 1018 1088; x_wconf 89' lang='lat' dir='ltr'>devotionem,</span> <span class='ocrx_word' id='word_1_43' title='bbox 1042 1012 1264 1093; x_wconf 80' lang='lat' dir='ltr'>singulareque</span> <span class='ocrx_word' id='word_1_44' title='bbox 1284 1011 1501 1091; x_wconf 87' lang='lat' dir='ltr'>complacendi</span> <span class='ocrx_word' id='word_1_45' title='bbox 1514 1010 1653 1071; x_wconf 90' lang='lat' dir='ltr'>studium</span> 
     </span>
     <span class='ocr_line' id='line_1_7' title="bbox 376 1118 1719 1201; baseline -0.004 -20"><span class='ocrx_word' id='word_1_46' title='bbox 376 1122 515 1182; x_wconf 85' lang='lat' dir='ltr'>animose</span> <span class='ocrx_word' id='word_1_47' title='bbox 539 1120 754 1181; x_wconf 84' lang='lat' dir='ltr'>excitaremus.</span> <span class='ocrx_word' id='word_1_48' title='bbox 779 1119 861 1180; x_wconf 91' lang='lat' dir='ltr'>Cum</span> <span class='ocrx_word' id='word_1_49' title='bbox 885 1118 979 1201; x_wconf 84' lang='lat' dir='ltr'>igitur</span> <span class='ocrx_word' id='word_1_50' title='bbox 1004 1120 1044 1180; x_wconf 92' lang='lat' dir='ltr'>ob</span> <span class='ocrx_word' id='word_1_51' title='bbox 1067 1118 1108 1196; x_wconf 92' lang='lat' dir='ltr'>id,</span> <span class='ocrx_word' id='word_1_52' title='bbox 1131 1129 1197 1180; x_wconf 90' lang='lat' dir='ltr'>tum</span> <span class='ocrx_word' id='word_1_53' title='bbox 1215 1138 1290 1179; x_wconf 91' lang='lat' dir='ltr'>vero</span> <span class='ocrx_word' id='word_1_54' title='bbox 1305 1120 1347 1180; x_wconf 88' lang='lat' dir='ltr'>ad</span> <span class='ocrx_word' id='word_1_55' title='bbox 1364 1118 1535 1180; x_wconf 90' lang='lat' dir='ltr'>demissam</span> <span class='ocrx_word' id='word_1_56' title='bbox 1550 1118 1651 1179; x_wconf 90' lang='lat' dir='ltr'>fidelis</span> <span class='ocrx_word' id='word_1_57' title='bbox 1714 1180 1719 1187; x_wconf 63' lang='grc'><em>,</em></span> 
     </span>
     <span class='ocr_line' id='line_1_8' title="bbox 375 1225 1654 1309; baseline -0.004 -20"><span class='ocrx_word' id='word_1_58' title='bbox 375 1228 473 1289; x_wconf 87' lang='lat' dir='ltr'>nostri</span> <span class='ocrx_word' id='word_1_59' title='bbox 497 1227 617 1309; x_wconf 78' lang='lat' dir='ltr'>egregii</span> <span class='ocrx_word' id='word_1_60' title='bbox 640 1227 833 1308; x_wconf 87' lang='lat' dir='ltr'>Sigismundi</span> <span class='ocrx_word' id='word_1_61' title='bbox 856 1228 1012 1303; x_wconf 87' lang='lat' dir='ltr'>Skerlecz,</span> <span class='ocrx_word' id='word_1_62' title='bbox 1036 1247 1099 1307; x_wconf 93' lang='lat' dir='ltr'>qua</span> <span class='ocrx_word' id='word_1_63' title='bbox 1121 1226 1352 1289; x_wconf 89' lang='lat' dir='ltr'>communitatis</span> <span class='ocrx_word' id='word_1_64' title='bbox 1375 1226 1525 1287; x_wconf 90' lang='lat' dir='ltr'>nobilium</span> <span class='ocrx_word' id='word_1_65' title='bbox 1539 1225 1654 1304; x_wconf 91' lang='lat' dir='ltr'>Campi</span> 
     </span>
     <span class='ocr_line' id='line_1_9' title="bbox 375 1332 1651 1415; baseline -0.004 -18"><span class='ocrx_word' id='word_1_66' title='bbox 375 1337 563 1415; x_wconf 89' lang='lat' dir='ltr'>Turopolya,</span> <span class='ocrx_word' id='word_1_67' title='bbox 587 1336 619 1395; x_wconf 94' lang='lat' dir='ltr'>in</span> <span class='ocrx_word' id='word_1_68' title='bbox 643 1354 742 1415; x_wconf 79' lang='lat' dir='ltr'>regno</span> <span class='ocrx_word' id='word_1_69' title='bbox 765 1342 874 1396; x_wconf 92' lang='lat' dir='ltr'>nostro</span> <span class='ocrx_word' id='word_1_70' title='bbox 897 1334 1047 1396; x_wconf 87' lang='lat' dir='ltr'>Croatiae</span> <span class='ocrx_word' id='word_1_71' title='bbox 1078 1335 1290 1415; x_wconf 88' lang='lat' dir='ltr'>comitatuque</span> <span class='ocrx_word' id='word_1_72' title='bbox 1323 1333 1530 1415; x_wconf 86' lang='lat' dir='ltr'>Zagrabiensi</span> <span class='ocrx_word' id='word_1_73' title='bbox 1563 1332 1651 1401; x_wconf 79' lang='lat' dir='ltr'>sitae,</span> 
     </span>
     <span class='ocr_line' id='line_1_10' title="bbox 376 1433 1653 1521; baseline -0.005 -16"><span class='ocrx_word' id='word_1_74' title='bbox 376 1444 421 1505; x_wconf 92' lang='lat' dir='ltr'>sic</span> <span class='ocrx_word' id='word_1_75' title='bbox 444 1443 517 1504; x_wconf 86' lang='lat' dir='ltr'>dicti</span> <span class='ocrx_word' id='word_1_76' title='bbox 541 1442 662 1503; x_wconf 91' lang='lat' dir='ltr'>comitis</span> <span class='ocrx_word' id='word_1_77' title='bbox 685 1442 840 1503; x_wconf 88' lang='lat' dir='ltr'>terrestris</span> <span class='ocrx_word' id='word_1_78' title='bbox 864 1442 1005 1503; x_wconf 91' lang='lat' dir='ltr'>moderni</span> <span class='ocrx_word' id='word_1_79' title='bbox 1029 1442 1209 1503; x_wconf 87' lang='lat' dir='ltr'>instantiam</span> <span class='ocrx_word' id='word_1_80' title='bbox 1232 1450 1265 1503; x_wconf 89' lang='lat' dir='ltr'>et</span> <span class='ocrx_word' id='word_1_81' title='bbox 1296 1433 1564 1521; x_wconf 75' lang='lat' dir='ltr'>supplicationem,</span> <span class='ocrx_word' id='word_1_82' title='bbox 1597 1459 1653 1499; x_wconf 93' lang='lat' dir='ltr'>no·</span> 
     </span>
     <span class='ocr_line' id='line_1_11' title="bbox 376 1547 1654 1628; baseline -0.003 -17"><span class='ocrx_word' id='word_1_83' title='bbox 376 1550 459 1611; x_wconf 91' lang='lat' dir='ltr'>mine</span> <span class='ocrx_word' id='word_1_84' title='bbox 481 1551 576 1611; x_wconf 93' lang='lat' dir='ltr'>modo</span> <span class='ocrx_word' id='word_1_85' title='bbox 600 1549 683 1611; x_wconf 85' lang='lat' dir='ltr'>fatae</span> <span class='ocrx_word' id='word_1_86' title='bbox 707 1550 938 1611; x_wconf 86' lang='lat' dir='ltr'>communitatis</span> <span class='ocrx_word' id='word_1_87' title='bbox 960 1550 1099 1611; x_wconf 90' lang='lat' dir='ltr'>nobilum</span> <span class='ocrx_word' id='word_1_88' title='bbox 1115 1549 1229 1628; x_wconf 91' lang='lat' dir='ltr'>Campi</span> <span class='ocrx_word' id='word_1_89' title='bbox 1245 1549 1434 1628; x_wconf 87' lang='lat' dir='ltr'>Turopolya,</span> <span class='ocrx_word' id='word_1_90' title='bbox 1451 1550 1535 1628; x_wconf 93' lang='lat' dir='ltr'>apud</span> <span class='ocrx_word' id='word_1_91' title='bbox 1558 1547 1654 1607; x_wconf 88' lang='lat' dir='ltr'>maie·</span> 
     </span>
     <span class='ocr_line' id='line_1_12' title="bbox 377 1642 1673 1737; baseline -0.003 -19"><span class='ocrx_word' id='word_1_92' title='bbox 377 1666 490 1718; x_wconf 89' lang='lat' dir='ltr'>statem</span> <span class='ocrx_word' id='word_1_93' title='bbox 514 1666 653 1717; x_wconf 91' lang='lat' dir='ltr'>nostram</span> <span class='ocrx_word' id='word_1_94' title='bbox 687 1656 802 1717; x_wconf 85' lang='lat' dir='ltr'>factam</span> <span class='ocrx_word' id='word_1_95' title='bbox 827 1676 865 1717; x_wconf 92' lang='lat' dir='ltr'>ex</span> <span class='ocrx_word' id='word_1_96' title='bbox 889 1675 936 1732; x_wconf 88' lang='lat' dir='ltr'>e0,</span> <span class='ocrx_word' id='word_1_97' title='bbox 971 1657 1056 1737; x_wconf 91' lang='lat' dir='ltr'>quod</span> <span class='ocrx_word' id='word_1_98' title='bbox 1087 1658 1199 1718; x_wconf 88' lang='lat' dir='ltr'>eadem</span> <span class='ocrx_word' id='word_1_99' title='bbox 1234 1656 1452 1733; x_wconf 89' lang='lat' dir='ltr'>communitas,</span> <span class='ocrx_word' id='word_1_100' title='bbox 1487 1656 1565 1717; x_wconf 89' lang='lat' dir='ltr'>alias</span> <span class='ocrx_word' id='word_1_101' title='bbox 1601 1642 1673 1734; x_wconf 56' lang='lat' dir='ltr'>per&#39;</span> 
     </span>
     <span class='ocr_line' id='line_1_13' title="bbox 377 1762 1656 1845; baseline -0.004 -20"><span class='ocrx_word' id='word_1_102' title='bbox 377 1766 466 1825; x_wconf 91' lang='lat' dir='ltr'>divos</span> <span class='ocrx_word' id='word_1_103' title='bbox 501 1764 574 1825; x_wconf 94' lang='lat' dir='ltr'>olim</span> <span class='ocrx_word' id='word_1_104' title='bbox 610 1764 792 1844; x_wconf 84' lang='lat' dir='ltr'>Hungariae</span> <span class='ocrx_word' id='word_1_105' title='bbox 827 1783 929 1844; x_wconf 85' lang='lat' dir='ltr'>reges,</span> <span class='ocrx_word' id='word_1_106' title='bbox 966 1764 1006 1823; x_wconf 91' lang='lat' dir='ltr'>ob</span> <span class='ocrx_word' id='word_1_107' title='bbox 1041 1764 1204 1843; x_wconf 87' lang='lat' dir='ltr'>praeclara</span> <span class='ocrx_word' id='word_1_108' title='bbox 1239 1784 1297 1824; x_wconf 87' lang='lat' dir='ltr'>sua</span> <span class='ocrx_word' id='word_1_109' title='bbox 1330 1772 1424 1845; x_wconf 80' lang='lat' dir='ltr'>gesta</span> <span class='ocrx_word' id='word_1_110' title='bbox 1447 1772 1479 1824; x_wconf 90' lang='lat' dir='ltr'>et</span> <span class='ocrx_word' id='word_1_111' title='bbox 1511 1762 1656 1823; x_wconf 92' lang='lat' dir='ltr'>militaria</span> 
     </span>
     <span class='ocr_line' id='line_1_14' title="bbox 377 1871 1656 1952; baseline -0.003 -19"><span class='ocrx_word' id='word_1_112' title='bbox 377 1872 513 1944; x_wconf 90' lang='lat' dir='ltr'>servitia,</span> <span class='ocrx_word' id='word_1_113' title='bbox 538 1872 669 1932; x_wconf 89' lang='lat' dir='ltr'>diversis</span> <span class='ocrx_word' id='word_1_114' title='bbox 692 1872 864 1952; x_wconf 84' lang='lat' dir='ltr'>privilegiis</span> <span class='ocrx_word' id='word_1_115' title='bbox 887 1872 1005 1952; x_wconf 88' lang='lat' dir='ltr'>dotata,</span> <span class='ocrx_word' id='word_1_116' title='bbox 1028 1872 1120 1933; x_wconf 90' lang='lat' dir='ltr'>acin</span> <span class='ocrx_word' id='word_1_117' title='bbox 1143 1872 1257 1932; x_wconf 88' lang='lat' dir='ltr'>talibus</span> <span class='ocrx_word' id='word_1_118' title='bbox 1280 1871 1391 1952; x_wconf 88' lang='lat' dir='ltr'>vigore</span> <span class='ocrx_word' id='word_1_119' title='bbox 1414 1871 1535 1931; x_wconf 91' lang='lat' dir='ltr'>articuli</span> <span class='ocrx_word' id='word_1_120' title='bbox 1557 1888 1656 1930; x_wconf 91' lang='lat' dir='ltr'>nona·</span> 
     </span>
     <span class='ocr_line' id='line_1_15' title="bbox 378 1977 1656 2061; baseline -0.005 -20"><span class='ocrx_word' id='word_1_121' title='bbox 378 1980 490 2061; x_wconf 87' lang='lat' dir='ltr'>gesimi</span> <span class='ocrx_word' id='word_1_122' title='bbox 513 1979 643 2040; x_wconf 90' lang='lat' dir='ltr'>secundi</span> <span class='ocrx_word' id='word_1_123' title='bbox 667 1979 740 2039; x_wconf 88' lang='lat' dir='ltr'>anni</span> <span class='ocrx_word' id='word_1_124' title='bbox 765 1978 918 2039; x_wconf 90' lang='lat' dir='ltr'>millesimi</span> <span class='ocrx_word' id='word_1_125' title='bbox 943 1978 1214 2060; x_wconf 88' lang='lat' dir='ltr'>septingentesimi</span> <span class='ocrx_word' id='word_1_126' title='bbox 1239 1978 1384 2059; x_wconf 86' lang='lat' dir='ltr'>vigesimi</span> <span class='ocrx_word' id='word_1_127' title='bbox 1406 1978 1498 2052; x_wconf 85' lang='lat' dir='ltr'>tertii,</span> <span class='ocrx_word' id='word_1_128' title='bbox 1531 1977 1656 2038; x_wconf 89' lang='lat' dir='ltr'>diaetae</span> 
     </span>
     <span class='ocr_line' id='line_1_16' title="bbox 379 2085 1658 2167; baseline -0.002 -20"><span class='ocrx_word' id='word_1_129' title='bbox 379 2087 588 2161; x_wconf 88' lang='lat' dir='ltr'>Posoniensis,</span> <span class='ocrx_word' id='word_1_130' title='bbox 611 2106 668 2166; x_wconf 90' lang='lat' dir='ltr'>per</span> <span class='ocrx_word' id='word_1_131' title='bbox 691 2087 887 2147; x_wconf 92' lang='lat' dir='ltr'>maiestatem</span> <span class='ocrx_word' id='word_1_132' title='bbox 911 2106 1036 2167; x_wconf 89' lang='lat' dir='ltr'>quoque</span> <span class='ocrx_word' id='word_1_133' title='bbox 1060 2095 1199 2148; x_wconf 89' lang='lat' dir='ltr'>nostram</span> <span class='ocrx_word' id='word_1_134' title='bbox 1222 2086 1359 2167; x_wconf 86' lang='lat' dir='ltr'>benigne</span> <span class='ocrx_word' id='word_1_135' title='bbox 1391 2086 1585 2159; x_wconf 86' lang='lat' dir='ltr'>confirmata,</span> <span class='ocrx_word' id='word_1_136' title='bbox 1617 2085 1658 2144; x_wconf 92' lang='lat' dir='ltr'>ad</span> 
     </span>
    </p>

    <p class='ocr_par' dir='ltr' id='par_1_3' title="bbox 329 2192 1665 4968">
     <span class='ocr_line' id='line_1_17' title="bbox 379 2192 1658 2275; baseline -0.003 -20"><span class='ocrx_word' id='word_1_137' title='bbox 379 2195 520 2275; x_wconf 91' lang='lat' dir='ltr'>publicas</span> <span class='ocrx_word' id='word_1_138' title='bbox 544 2203 709 2274; x_wconf 88' lang='lat' dir='ltr'>praeterea</span> <span class='ocrx_word' id='word_1_139' title='bbox 733 2194 807 2255; x_wconf 89' lang='lat' dir='ltr'>dicti</span> <span class='ocrx_word' id='word_1_140' title='bbox 830 2194 928 2254; x_wconf 91' lang='lat' dir='ltr'>nostri</span> <span class='ocrx_word' id='word_1_141' title='bbox 951 2194 1043 2274; x_wconf 86' lang='lat' dir='ltr'>regni</span> <span class='ocrx_word' id='word_1_142' title='bbox 1076 2194 1225 2255; x_wconf 90' lang='lat' dir='ltr'>Croatiae</span> <span class='ocrx_word' id='word_1_143' title='bbox 1259 2192 1536 2275; x_wconf 82' lang='lat' dir='ltr'>congregationes,</span> <span class='ocrx_word' id='word_1_144' title='bbox 1566 2200 1658 2271; x_wconf 90' lang='lat' dir='ltr'>prout</span> 
     </span>
     <span class='ocr_line' id='line_1_18' title="bbox 329 2282 1656 2384; baseline -0.003 -20"><span class='ocrx_word' id='word_1_145' title='bbox 329 2282 332 2291; x_wconf 37' lang='grc' dir='ltr'>Ι</span> <span class='ocrx_word' id='word_1_146' title='bbox 380 2312 411 2364; x_wconf 90' lang='lat' dir='ltr'>et</span> <span class='ocrx_word' id='word_1_147' title='bbox 434 2304 600 2384; x_wconf 87' lang='lat' dir='ltr'>generales</span> <span class='ocrx_word' id='word_1_148' title='bbox 624 2302 713 2382; x_wconf 82' lang='lat' dir='ltr'>regni</span> <span class='ocrx_word' id='word_1_149' title='bbox 736 2301 834 2362; x_wconf 90' lang='lat' dir='ltr'>nostri</span> <span class='ocrx_word' id='word_1_150' title='bbox 858 2301 1042 2382; x_wconf 86' lang='lat' dir='ltr'>Hungariae</span> <span class='ocrx_word' id='word_1_151' title='bbox 1066 2301 1188 2362; x_wconf 90' lang='lat' dir='ltr'>diaetas</span> <span class='ocrx_word' id='word_1_152' title='bbox 1211 2321 1266 2381; x_wconf 93' lang='lat' dir='ltr'>per</span> <span class='ocrx_word' id='word_1_153' title='bbox 1290 2301 1444 2381; x_wconf 89' lang='lat' dir='ltr'>speciales</span> <span class='ocrx_word' id='word_1_154' title='bbox 1460 2302 1584 2382; x_wconf 90' lang='lat' dir='ltr'>regales</span> <span class='ocrx_word' id='word_1_155' title='bbox 1601 2319 1656 2360; x_wconf 91' lang='lat' dir='ltr'>vo·</span> 
     </span>
     <span class='ocr_line' id='line_1_19' title="bbox 379 2408 1657 2490; baseline -0.003 -20"><span class='ocrx_word' id='word_1_156' title='bbox 379 2410 444 2471; x_wconf 88' lang='lat' dir='ltr'>cari</span> <span class='ocrx_word' id='word_1_157' title='bbox 468 2410 566 2485; x_wconf 84' lang='lat' dir='ltr'>solita,</span> <span class='ocrx_word' id='word_1_158' title='bbox 590 2410 673 2471; x_wconf 92' lang='lat' dir='ltr'>nullo</span> <span class='ocrx_word' id='word_1_159' title='bbox 697 2410 849 2470; x_wconf 87' lang='lat' dir='ltr'>hactenus</span> <span class='ocrx_word' id='word_1_160' title='bbox 872 2409 1022 2489; x_wconf 88' lang='lat' dir='ltr'>peculiari</span> <span class='ocrx_word' id='word_1_161' title='bbox 1045 2410 1147 2490; x_wconf 86' lang='lat' dir='ltr'>sigillo</span> <span class='ocrx_word' id='word_1_162' title='bbox 1171 2409 1298 2487; x_wconf 89' lang='lat' dir='ltr'>provisa</span> <span class='ocrx_word' id='word_1_163' title='bbox 1322 2408 1467 2483; x_wconf 88' lang='lat' dir='ltr'>extiterit,</span> <span class='ocrx_word' id='word_1_164' title='bbox 1493 2428 1603 2468; x_wconf 88' lang='lat' dir='ltr'>verum</span> <span class='ocrx_word' id='word_1_165' title='bbox 1625 2408 1657 2467; x_wconf 92' lang='lat' dir='ltr'>in</span> 
     </span>
     <span class='ocr_line' id='line_1_20' title="bbox 378 2516 1658 2597; baseline -0.002 -19"><span class='ocrx_word' id='word_1_166' title='bbox 378 2517 533 2579; x_wconf 87' lang='lat' dir='ltr'>universis</span> <span class='ocrx_word' id='word_1_167' title='bbox 557 2517 660 2579; x_wconf 93' lang='lat' dir='ltr'>causis</span> <span class='ocrx_word' id='word_1_168' title='bbox 685 2518 742 2577; x_wconf 94' lang='lat' dir='ltr'>illis</span> <span class='ocrx_word' id='word_1_169' title='bbox 767 2526 798 2578; x_wconf 91' lang='lat' dir='ltr'>et</span> <span class='ocrx_word' id='word_1_170' title='bbox 822 2517 899 2577; x_wconf 89' lang='lat' dir='ltr'>actis</span> <span class='ocrx_word' id='word_1_171' title='bbox 924 2520 1016 2597; x_wconf 88' lang='lat' dir='ltr'>(quas</span> <span class='ocrx_word' id='word_1_172' title='bbox 1040 2526 1071 2577; x_wconf 92' lang='lat' dir='ltr'>et</span> <span class='ocrx_word' id='word_1_173' title='bbox 1094 2537 1176 2596; x_wconf 92' lang='lat' dir='ltr'>quae</span> <span class='ocrx_word' id='word_1_174' title='bbox 1201 2516 1314 2577; x_wconf 86' lang='lat' dir='ltr'>virtute</span> <span class='ocrx_word' id='word_1_175' title='bbox 1338 2517 1493 2597; x_wconf 86' lang='lat' dir='ltr'>privilegii</span> <span class='ocrx_word' id='word_1_176' title='bbox 1515 2536 1571 2596; x_wconf 89' lang='lat' dir='ltr'>per</span> <span class='ocrx_word' id='word_1_177' title='bbox 1586 2516 1658 2596; x_wconf 88' lang='lat' dir='ltr'>piae</span> 
     </span>
     <span class='ocr_line' id='line_1_21' title="bbox 378 2625 1658 2715; baseline -0.001 -30"><span class='ocrx_word' id='word_1_178' title='bbox 378 2626 903 2715; x_wconf 30' lang='lat' dir='ltr'>recordationis’praedecessorem</span> <span class='ocrx_word' id='word_1_179' title='bbox 927 2634 1069 2685; x_wconf 91' lang='lat' dir='ltr'>nostrum</span> <span class='ocrx_word' id='word_1_180' title='bbox 1093 2625 1315 2703; x_wconf 87' lang='lat' dir='ltr'>imperatorem</span> <span class='ocrx_word' id='word_1_181' title='bbox 1338 2634 1371 2686; x_wconf 90' lang='lat' dir='ltr'>et</span> <span class='ocrx_word' id='word_1_182' title='bbox 1402 2645 1513 2707; x_wconf 89' lang='lat' dir='ltr'>regem</span> <span class='ocrx_word' id='word_1_183' title='bbox 1545 2625 1658 2685; x_wconf 90' lang='lat' dir='ltr'>Rudol·</span> 
     </span>
     <span class='ocr_line' id='line_1_22' title="bbox 380 2733 1659 2816; baseline 0.001 -22"><span class='ocrx_word' id='word_1_184' title='bbox 380 2734 484 2816; x_wconf 90' lang='lat' dir='ltr'>phum‚</span> <span class='ocrx_word' id='word_1_185' title='bbox 523 2752 605 2796; x_wconf 89' lang='lat' dir='ltr'>anno</span> <span class='ocrx_word' id='word_1_186' title='bbox 637 2733 801 2795; x_wconf 91' lang='lat' dir='ltr'>millesimo</span> <span class='ocrx_word' id='word_1_187' title='bbox 825 2733 1077 2814; x_wconf 85' lang='lat' dir='ltr'>quingentesimo</span> <span class='ocrx_word' id='word_1_188' title='bbox 1110 2734 1309 2816; x_wconf 85' lang='lat' dir='ltr'>sexagesimo</span> <span class='ocrx_word' id='word_1_189' title='bbox 1343 2734 1489 2809; x_wconf 81' lang='lat' dir='ltr'>emanati,</span> <span class='ocrx_word' id='word_1_190' title='bbox 1520 2752 1659 2815; x_wconf 89' lang='lat' dir='ltr'>ususque</span> 
     </span>
     <span class='ocr_line' id='line_1_23' title="bbox 381 2841 1659 2921; baseline 0 -19"><span class='ocrx_word' id='word_1_191' title='bbox 381 2861 504 2921; x_wconf 89' lang='lat' dir='ltr'>semper</span> <span class='ocrx_word' id='word_1_192' title='bbox 527 2841 700 2921; x_wconf 89' lang='lat' dir='ltr'>praehabiti</span> <span class='ocrx_word' id='word_1_193' title='bbox 724 2841 839 2903; x_wconf 92' lang='lat' dir='ltr'>iudicat</span> <span class='ocrx_word' id='word_1_194' title='bbox 863 2860 902 2900; x_wconf 87' lang='lat' dir='ltr'>ex</span> <span class='ocrx_word' id='word_1_195' title='bbox 925 2841 1062 2920; x_wconf 84' lang='lat' dir='ltr'>expedit)</span> <span class='ocrx_word' id='word_1_196' title='bbox 1086 2841 1209 2920; x_wconf 87' lang='lat' dir='ltr'>privata</span> <span class='ocrx_word' id='word_1_197' title='bbox 1242 2843 1393 2903; x_wconf 85' lang='lat' dir='ltr'>duntaxat</span> <span class='ocrx_word' id='word_1_198' title='bbox 1426 2843 1574 2902; x_wconf 91' lang='lat' dir='ltr'>comitum</span> <span class='ocrx_word' id='word_1_199' title='bbox 1599 2851 1659 2903; x_wconf 91' lang='lat' dir='ltr'>ter·</span> 
     </span>
     <span class='ocr_line' id='line_1_24' title="bbox 380 2949 1660 3031; baseline 0.002 -23"><span class='ocrx_word' id='word_1_200' title='bbox 380 2949 524 3010; x_wconf 88' lang='lat' dir='ltr'>restrium</span> <span class='ocrx_word' id='word_1_201' title='bbox 549 2950 612 3029; x_wconf 89' lang='lat' dir='ltr'>(qui</span> <span class='ocrx_word' id='word_1_202' title='bbox 636 2949 681 3008; x_wconf 94' lang='lat' dir='ltr'>sic</span> <span class='ocrx_word' id='word_1_203' title='bbox 704 2949 778 3010; x_wconf 93' lang='lat' dir='ltr'>dicti</span> <span class='ocrx_word' id='word_1_204' title='bbox 801 2949 933 3030; x_wconf 85' lang='lat' dir='ltr'>singulis</span> <span class='ocrx_word' id='word_1_205' title='bbox 957 2950 1048 3009; x_wconf 93' lang='lat' dir='ltr'>annis</span> <span class='ocrx_word' id='word_1_206' title='bbox 1072 2950 1163 3009; x_wconf 88' lang='lat' dir='ltr'>electi</span> <span class='ocrx_word' id='word_1_207' title='bbox 1186 2949 1245 3029; x_wconf 92' lang='lat' dir='ltr'>ipsi</span> <span class='ocrx_word' id='word_1_208' title='bbox 1269 2951 1484 3011; x_wconf 88' lang='lat' dir='ltr'>communitati</span> <span class='ocrx_word' id='word_1_209' title='bbox 1510 2950 1660 3031; x_wconf 88' lang='lat' dir='ltr'>praefecti</span> 
     </span>
     <span class='ocr_line' id='line_1_25' title="bbox 381 3056 1659 3136; baseline 0.001 -20"><span class='ocrx_word' id='word_1_210' title='bbox 381 3056 512 3127; x_wconf 85' lang='lat' dir='ltr'>fuerant,</span> <span class='ocrx_word' id='word_1_211' title='bbox 537 3063 671 3135; x_wconf 87' lang='lat' dir='ltr'>actuque</span> <span class='ocrx_word' id='word_1_212' title='bbox 695 3056 927 3136; x_wconf 71' lang='lat' dir='ltr'>praeficiuntur)</span> <span class='ocrx_word' id='word_1_213' title='bbox 952 3056 1055 3136; x_wconf 87' lang='lat' dir='ltr'>sigilla</span> <span class='ocrx_word' id='word_1_214' title='bbox 1080 3057 1241 3136; x_wconf 89' lang='lat' dir='ltr'>hucusque</span> <span class='ocrx_word' id='word_1_215' title='bbox 1265 3058 1416 3118; x_wconf 90' lang='lat' dir='ltr'>adhibere</span> <span class='ocrx_word' id='word_1_216' title='bbox 1445 3058 1659 3132; x_wconf 80' lang='lat' dir='ltr'>consueverit3</span> 
     </span>
     <span class='ocr_line' id='line_1_26' title="bbox 382 3163 1660 3246; baseline 0.002 -22"><span class='ocrx_word' id='word_1_217' title='bbox 382 3183 420 3224; x_wconf 85' lang='lat' dir='ltr'>ex</span> <span class='ocrx_word' id='word_1_218' title='bbox 445 3182 576 3242; x_wconf 92' lang='lat' dir='ltr'>quorum</span> <span class='ocrx_word' id='word_1_219' title='bbox 600 3163 771 3244; x_wconf 87' lang='lat' dir='ltr'>sigillorum</span> <span class='ocrx_word' id='word_1_220' title='bbox 796 3163 976 3224; x_wconf 89' lang='lat' dir='ltr'>diversitate</span> <span class='ocrx_word' id='word_1_221' title='bbox 1001 3172 1033 3224; x_wconf 90' lang='lat' dir='ltr'>et</span> <span class='ocrx_word' id='word_1_222' title='bbox 1056 3164 1311 3243; x_wconf 89' lang='lat' dir='ltr'>multiplicatione</span> <span class='ocrx_word' id='word_1_223' title='bbox 1334 3166 1426 3228; x_wconf 77' lang='lat' dir='ltr'>facile</span> <span class='ocrx_word' id='word_1_224' title='bbox 1465 3167 1554 3245; x_wconf 84' lang='lat' dir='ltr'>plura</span> <span class='ocrx_word' id='word_1_225' title='bbox 1585 3166 1660 3246; x_wconf 91' lang='lat' dir='ltr'>ipsis</span> 
     </span>
     <span class='ocr_line' id='line_1_27' title="bbox 381 3270 1661 3354; baseline 0.003 -24"><span class='ocrx_word' id='word_1_226' title='bbox 381 3271 522 3350; x_wconf 88' lang='lat' dir='ltr'>partibus</span> <span class='ocrx_word' id='word_1_227' title='bbox 546 3279 577 3330; x_wconf 91' lang='lat' dir='ltr'>et</span> <span class='ocrx_word' id='word_1_228' title='bbox 600 3271 802 3330; x_wconf 88' lang='lat' dir='ltr'>causantibus</span> <span class='ocrx_word' id='word_1_229' title='bbox 826 3270 962 3349; x_wconf 84' lang='lat' dir='ltr'>pericula</span> <span class='ocrx_word' id='word_1_230' title='bbox 995 3279 1027 3330; x_wconf 89' lang='lat' dir='ltr'>et</span> <span class='ocrx_word' id='word_1_231' title='bbox 1059 3271 1250 3350; x_wconf 89' lang='lat' dir='ltr'>praeiudicia</span> <span class='ocrx_word' id='word_1_232' title='bbox 1283 3273 1409 3334; x_wconf 88' lang='lat' dir='ltr'>evenire</span> <span class='ocrx_word' id='word_1_233' title='bbox 1446 3281 1585 3354; x_wconf 90' lang='lat' dir='ltr'>possent,</span> <span class='ocrx_word' id='word_1_234' title='bbox 1620 3274 1661 3334; x_wconf 93' lang='lat' dir='ltr'>ad</span> 
     </span>
     <span class='ocr_line' id='line_1_28' title="bbox 382 3377 1659 3461; baseline 0.003 -23"><span class='ocrx_word' id='word_1_235' title='bbox 382 3397 463 3458; x_wconf 90' lang='lat' dir='ltr'>quae</span> <span class='ocrx_word' id='word_1_236' title='bbox 488 3378 582 3439; x_wconf 90' lang='lat' dir='ltr'>etiam</span> <span class='ocrx_word' id='word_1_237' title='bbox 607 3379 826 3456; x_wconf 86' lang='lat' dir='ltr'>praecavenda</span> <span class='ocrx_word' id='word_1_238' title='bbox 851 3397 907 3438; x_wconf 90' lang='lat' dir='ltr'>nos</span> <span class='ocrx_word' id='word_1_239' title='bbox 932 3377 1034 3439; x_wconf 89' lang='lat' dir='ltr'>eidem</span> <span class='ocrx_word' id='word_1_240' title='bbox 1058 3379 1272 3440; x_wconf 91' lang='lat' dir='ltr'>communitati</span> <span class='ocrx_word' id='word_1_241' title='bbox 1297 3381 1494 3459; x_wconf 86' lang='lat' dir='ltr'>supplicanti,</span> <span class='ocrx_word' id='word_1_242' title='bbox 1518 3401 1557 3442; x_wconf 88' lang='lat' dir='ltr'>ex</span> <span class='ocrx_word' id='word_1_243' title='bbox 1590 3401 1659 3461; x_wconf 91' lang='lat' dir='ltr'>spe·</span> 
     </span>
     <span class='ocr_line' id='line_1_29' title="bbox 383 3470 1660 3567; baseline 0.001 -21"><span class='ocrx_word' id='word_1_244' title='bbox 383 3486 453 3546; x_wconf 91' lang='lat' dir='ltr'>ciali</span> <span class='ocrx_word' id='word_1_245' title='bbox 476 3504 626 3545; x_wconf 88' lang='lat' dir='ltr'>caesareo</span> <span class='ocrx_word' id='word_1_246' title='bbox 651 3484 739 3565; x_wconf 86' lang='lat' dir='ltr'>regia</span> <span class='ocrx_word' id='word_1_247' title='bbox 763 3485 865 3565; x_wconf 87' lang='lat' dir='ltr'>gratia</span> <span class='ocrx_word' id='word_1_248' title='bbox 889 3494 1005 3560; x_wconf 86' lang='lat' dir='ltr'>nostra,</span> <span class='ocrx_word' id='word_1_249' title='bbox 1038 3486 1141 3565; x_wconf 92' lang='lat' dir='ltr'>deque</span> <span class='ocrx_word' id='word_1_250' title='bbox 1173 3470 1338 3565; x_wconf 80' lang='lat' dir='ltr'>potestatis</span> <span class='ocrx_word' id='word_1_251' title='bbox 1372 3496 1497 3548; x_wconf 89' lang='lat' dir='ltr'>nostrae</span> <span class='ocrx_word' id='word_1_252' title='bbox 1530 3488 1660 3567; x_wconf 89' lang='lat' dir='ltr'>plenitu-</span> 
     </span>
     <span class='ocr_line' id='line_1_30' title="bbox 384 3593 1661 3676; baseline 0.003 -23"><span class='ocrx_word' id='word_1_253' title='bbox 384 3593 465 3666; x_wconf 89' lang='lat' dir='ltr'>dine,</span> <span class='ocrx_word' id='word_1_254' title='bbox 488 3593 724 3673; x_wconf 88' lang='lat' dir='ltr'>indulgendum,</span> <span class='ocrx_word' id='word_1_255' title='bbox 758 3594 958 3654; x_wconf 87' lang='lat' dir='ltr'>annuendum</span> <span class='ocrx_word' id='word_1_256' title='bbox 983 3600 1015 3654; x_wconf 92' lang='lat' dir='ltr'>et</span> <span class='ocrx_word' id='word_1_257' title='bbox 1037 3595 1273 3654; x_wconf 89' lang='lat' dir='ltr'>concedendum</span> <span class='ocrx_word' id='word_1_258' title='bbox 1297 3614 1369 3656; x_wconf 88' lang='lat' dir='ltr'>esse</span> <span class='ocrx_word' id='word_1_259' title='bbox 1401 3597 1554 3672; x_wconf 86' lang='lat' dir='ltr'>duximus,</span> <span class='ocrx_word' id='word_1_260' title='bbox 1585 3616 1661 3676; x_wconf 88' lang='lat' dir='ltr'>qua·</span> 
     </span>
     <span class='ocr_line' id='line_1_31' title="bbox 383 3701 1660 3786; baseline 0.002 -24"><span class='ocrx_word' id='word_1_261' title='bbox 383 3709 476 3767; x_wconf 88' lang='lat' dir='ltr'>tenus</span> <span class='ocrx_word' id='word_1_262' title='bbox 499 3703 611 3762; x_wconf 89' lang='lat' dir='ltr'>eadem</span> <span class='ocrx_word' id='word_1_263' title='bbox 634 3701 841 3762; x_wconf 90' lang='lat' dir='ltr'>communitas</span> <span class='ocrx_word' id='word_1_264' title='bbox 866 3701 1014 3763; x_wconf 91' lang='lat' dir='ltr'>nobilium</span> <span class='ocrx_word' id='word_1_265' title='bbox 1037 3702 1151 3781; x_wconf 89' lang='lat' dir='ltr'>Campi</span> <span class='ocrx_word' id='word_1_266' title='bbox 1174 3703 1355 3782; x_wconf 89' lang='lat' dir='ltr'>Turopolya</span> <span class='ocrx_word' id='word_1_267' title='bbox 1371 3705 1508 3783; x_wconf 90' lang='lat' dir='ltr'>speciale</span> <span class='ocrx_word' id='word_1_268' title='bbox 1525 3705 1660 3786; x_wconf 87' lang='lat' dir='ltr'>sigillum</span> 
     </span>
     <span class='ocr_line' id='line_1_32' title="bbox 385 3809 1662 3892; baseline 0.001 -22"><span class='ocrx_word' id='word_1_269' title='bbox 385 3829 441 3889; x_wconf 90' lang='lat' dir='ltr'>pro</span> <span class='ocrx_word' id='word_1_270' title='bbox 464 3809 638 3889; x_wconf 87' lang='lat' dir='ltr'>praemisso</span> <span class='ocrx_word' id='word_1_271' title='bbox 662 3829 720 3870; x_wconf 92' lang='lat' dir='ltr'>usn</span> <span class='ocrx_word' id='word_1_272' title='bbox 737 3809 911 3870; x_wconf 86' lang='lat' dir='ltr'>confectum</span> <span class='ocrx_word' id='word_1_273' title='bbox 928 3810 1055 3886; x_wconf 89' lang='lat' dir='ltr'>habere,</span> <span class='ocrx_word' id='word_1_274' title='bbox 1071 3828 1171 3889; x_wconf 89' lang='lat' dir='ltr'>eoque</span> <span class='ocrx_word' id='word_1_275' title='bbox 1189 3809 1220 3869; x_wconf 89' lang='lat' dir='ltr'>in</span> <span class='ocrx_word' id='word_1_276' title='bbox 1236 3811 1413 3891; x_wconf 89' lang='lat' dir='ltr'>signatione</span> <span class='ocrx_word' id='word_1_277' title='bbox 1430 3811 1662 3892; x_wconf 85' lang='lat' dir='ltr'>expeditionum</span> 
     </span>
     <span class='ocr_line' id='line_1_33' title="bbox 385 3917 1664 3998; baseline 0.002 -20"><span class='ocrx_word' id='word_1_278' title='bbox 385 3936 511 3978; x_wconf 89' lang='lat' dir='ltr'>suarum</span> <span class='ocrx_word' id='word_1_279' title='bbox 537 3917 633 3978; x_wconf 89' lang='lat' dir='ltr'>instar</span> <span class='ocrx_word' id='word_1_280' title='bbox 668 3917 798 3978; x_wconf 88' lang='lat' dir='ltr'>aliarum</span> <span class='ocrx_word' id='word_1_281' title='bbox 833 3917 1011 3978; x_wconf 90' lang='lat' dir='ltr'>huiusmodi</span> <span class='ocrx_word' id='word_1_282' title='bbox 1045 3917 1311 3992; x_wconf 87' lang='lat' dir='ltr'>communitatum,</span> <span class='ocrx_word' id='word_1_283' title='bbox 1342 3919 1607 3998; x_wconf 90' lang='lat' dir='ltr'>quemadmodum</span> <span class='ocrx_word' id='word_1_284' title='bbox 1631 3929 1664 3980; x_wconf 87' lang='lat' dir='ltr'>et</span> 
     </span>
     <span class='ocr_line' id='line_1_34' title="bbox 386 4024 1662 4106; baseline 0.002 -21"><span class='ocrx_word' id='word_1_285' title='bbox 386 4044 460 4086; x_wconf 86' lang='lat' dir='ltr'>cera</span> <span class='ocrx_word' id='word_1_286' title='bbox 491 4025 584 4084; x_wconf 91' lang='lat' dir='ltr'>rubra</span> <span class='ocrx_word' id='word_1_287' title='bbox 616 4024 659 4083; x_wconf 90' lang='lat' dir='ltr'>uti</span> <span class='ocrx_word' id='word_1_288' title='bbox 691 4025 790 4102; x_wconf 90' lang='lat' dir='ltr'>possit</span> <span class='ocrx_word' id='word_1_289' title='bbox 825 4044 862 4085; x_wconf 92' lang='lat' dir='ltr'>ac</span> <span class='ocrx_word' id='word_1_290' title='bbox 887 4026 999 4087; x_wconf 89' lang='lat' dir='ltr'>valeat.</span> <span class='ocrx_word' id='word_1_291' title='bbox 1035 4025 1134 4085; x_wconf 89' lang='lat' dir='ltr'>Cuius</span> <span class='ocrx_word' id='word_1_292' title='bbox 1157 4026 1284 4105; x_wconf 91' lang='lat' dir='ltr'>quidem</span> <span class='ocrx_word' id='word_1_293' title='bbox 1308 4025 1401 4106; x_wconf 89' lang='lat' dir='ltr'>sigilli</span> <span class='ocrx_word' id='word_1_294' title='bbox 1426 4045 1515 4087; x_wconf 90' lang='lat' dir='ltr'>arma</span> <span class='ocrx_word' id='word_1_295' title='bbox 1537 4046 1593 4088; x_wconf 91' lang='lat' dir='ltr'>seu</span> <span class='ocrx_word' id='word_1_296' title='bbox 1617 4028 1662 4087; x_wconf 91' lang='lat' dir='ltr'>in·</span> 
     </span>
     <span class='ocr_line' id='line_1_35' title="bbox 386 4133 1662 4213; baseline 0.002 -20"><span class='ocrx_word' id='word_1_297' title='bbox 386 4133 489 4213; x_wconf 85' lang='lat' dir='ltr'>signia</span> <span class='ocrx_word' id='word_1_298' title='bbox 512 4133 675 4212; x_wconf 87' lang='lat' dir='ltr'>sequentia</span> <span class='ocrx_word' id='word_1_299' title='bbox 699 4141 819 4193; x_wconf 88' lang='lat' dir='ltr'>essent:</span> <span class='ocrx_word' id='word_1_300' title='bbox 843 4141 964 4193; x_wconf 91' lang='lat' dir='ltr'>scutum</span> <span class='ocrx_word' id='word_1_301' title='bbox 990 4133 1135 4194; x_wconf 88' lang='lat' dir='ltr'>videlicet</span> <span class='ocrx_word' id='word_1_302' title='bbox 1150 4141 1287 4194; x_wconf 88' lang='lat' dir='ltr'>erectum</span> <span class='ocrx_word' id='word_1_303' title='bbox 1308 4135 1496 4210; x_wconf 89' lang='lat' dir='ltr'>caeruleum,</span> <span class='ocrx_word' id='word_1_304' title='bbox 1512 4135 1662 4196; x_wconf 86' lang='lat' dir='ltr'>exhibens</span> 
     </span>
     <span class='ocr_line' id='line_1_36' title="bbox 385 4239 1663 4320; baseline 0.002 -18"><span class='ocrx_word' id='word_1_305' title='bbox 385 4241 416 4302; x_wconf 92' lang='lat' dir='ltr'>in</span> <span class='ocrx_word' id='word_1_306' title='bbox 441 4239 601 4320; x_wconf 88' lang='lat' dir='ltr'>principali</span> <span class='ocrx_word' id='word_1_307' title='bbox 626 4241 694 4300; x_wconf 92' lang='lat' dir='ltr'>loco</span> <span class='ocrx_word' id='word_1_308' title='bbox 718 4249 750 4301; x_wconf 88' lang='lat' dir='ltr'>et</span> <span class='ocrx_word' id='word_1_309' title='bbox 773 4240 941 4302; x_wconf 87' lang='lat' dir='ltr'>residentia</span> <span class='ocrx_word' id='word_1_310' title='bbox 964 4241 1068 4302; x_wconf 90' lang='lat' dir='ltr'>dictae</span> <span class='ocrx_word' id='word_1_311' title='bbox 1091 4241 1322 4302; x_wconf 88' lang='lat' dir='ltr'>communitatis</span> <span class='ocrx_word' id='word_1_312' title='bbox 1340 4242 1508 4302; x_wconf 82' lang='lat' dir='ltr'>Lulravecz</span> <span class='ocrx_word' id='word_1_313' title='bbox 1523 4243 1663 4304; x_wconf 88' lang='lat' dir='ltr'>habitam</span> 
     </span>
     <span class='ocr_line' id='line_1_37' title="bbox 386 4347 1663 4428; baseline 0 -18"><span class='ocrx_word' id='word_1_314' title='bbox 386 4349 495 4410; x_wconf 89' lang='lat' dir='ltr'>turrim</span> <span class='ocrx_word' id='word_1_315' title='bbox 513 4355 695 4428; x_wconf 85' lang='lat' dir='ltr'>argenteam</span> <span class='ocrx_word' id='word_1_316' title='bbox 713 4347 882 4426; x_wconf 84' lang='lat' dir='ltr'>pinnatam,</span> <span class='ocrx_word' id='word_1_317' title='bbox 906 4357 989 4409; x_wconf 88' lang='lat' dir='ltr'>tecto</span> <span class='ocrx_word' id='word_1_318' title='bbox 1004 4349 1102 4409; x_wconf 89' lang='lat' dir='ltr'>rubeo</span> <span class='ocrx_word' id='word_1_319' title='bbox 1119 4349 1208 4409; x_wconf 88' lang='lat' dir='ltr'>cuius</span> <span class='ocrx_word' id='word_1_320' title='bbox 1222 4347 1344 4428; x_wconf 91' lang='lat' dir='ltr'>cuspidi</span> <span class='ocrx_word' id='word_1_321' title='bbox 1359 4348 1487 4410; x_wconf 79' lang='lat' dir='ltr'>affixum</span> <span class='ocrx_word' id='word_1_322' title='bbox 1502 4349 1663 4411; x_wconf 88' lang='lat' dir='ltr'>brachium</span> 
     </span>
     <span class='ocr_line' id='line_1_38' title="bbox 387 4454 1664 4534; baseline 0.002 -18"><span class='ocrx_word' id='word_1_323' title='bbox 387 4463 542 4516; x_wconf 87' lang='lat' dir='ltr'>armatum</span> <span class='ocrx_word' id='word_1_324' title='bbox 565 4454 704 4516; x_wconf 90' lang='lat' dir='ltr'>districta</span> <span class='ocrx_word' id='word_1_325' title='bbox 729 4455 858 4516; x_wconf 80' lang='lat' dir='ltr'>tramea.</span> <span class='ocrx_word' id='word_1_326' title='bbox 884 4456 995 4516; x_wconf 89' lang='lat' dir='ltr'>Turris</span> <span class='ocrx_word' id='word_1_327' title='bbox 1018 4464 1123 4516; x_wconf 90' lang='lat' dir='ltr'>autem</span> <span class='ocrx_word' id='word_1_328' title='bbox 1140 4456 1198 4516; x_wconf 91' lang='lat' dir='ltr'>sita</span> <span class='ocrx_word' id='word_1_329' title='bbox 1215 4463 1264 4517; x_wconf 91' lang='lat' dir='ltr'>est</span> <span class='ocrx_word' id='word_1_330' title='bbox 1279 4455 1311 4515; x_wconf 92' lang='lat' dir='ltr'>in</span> <span class='ocrx_word' id='word_1_331' title='bbox 1330 4463 1421 4534; x_wconf 91' lang='lat' dir='ltr'>prato</span> <span class='ocrx_word' id='word_1_332' title='bbox 1434 4457 1533 4534; x_wconf 86' lang='lat' dir='ltr'>viridi,</span> <span class='ocrx_word' id='word_1_333' title='bbox 1550 4458 1664 4518; x_wconf 91' lang='lat' dir='ltr'>clausis</span> 
     </span>
     <span class='ocr_line' id='line_1_39' title="bbox 388 4563 1664 4644; baseline 0.003 -22"><span class='ocrx_word' id='word_1_334' title='bbox 388 4563 495 4638; x_wconf 86' lang='lat' dir='ltr'>valvis,</span> <span class='ocrx_word' id='word_1_335' title='bbox 520 4581 557 4622; x_wconf 90' lang='lat' dir='ltr'>ac</span> <span class='ocrx_word' id='word_1_336' title='bbox 580 4571 711 4623; x_wconf 90' lang='lat' dir='ltr'>extenso</span> <span class='ocrx_word' id='word_1_337' title='bbox 734 4571 828 4640; x_wconf 90' lang='lat' dir='ltr'>ponte</span> <span class='ocrx_word' id='word_1_338' title='bbox 852 4563 957 4644; x_wconf 88' lang='lat' dir='ltr'>ligneo</span> <span class='ocrx_word' id='word_1_339' title='bbox 993 4582 1087 4643; x_wconf 91' lang='lat' dir='ltr'>super</span> <span class='ocrx_word' id='word_1_340' title='bbox 1122 4563 1250 4636; x_wconf 90' lang='lat' dir='ltr'>lossam,</span> <span class='ocrx_word' id='word_1_341' title='bbox 1284 4572 1316 4623; x_wconf 90' lang='lat' dir='ltr'>et</span> <span class='ocrx_word' id='word_1_342' title='bbox 1352 4572 1487 4642; x_wconf 89' lang='lat' dir='ltr'>quatuor</span> <span class='ocrx_word' id='word_1_343' title='bbox 1519 4565 1664 4627; x_wconf 82' lang='lat' dir='ltr'>fenestris</span> 
     </span>
     <span class='ocr_line' id='line_1_40' title="bbox 387 4669 1664 4750; baseline 0.003 -20"><span class='ocrx_word' id='word_1_344' title='bbox 387 4670 610 4731; x_wconf 87' lang='lat' dir='ltr'>orbicularibus</span> <span class='ocrx_word' id='word_1_345' title='bbox 633 4669 793 4743; x_wconf 88' lang='lat' dir='ltr'>instructa,</span> <span class='ocrx_word' id='word_1_346' title='bbox 817 4689 834 4731; x_wconf 92' lang='lat' dir='ltr'>e</span> <span class='ocrx_word' id='word_1_347' title='bbox 858 4689 990 4750; x_wconf 92' lang='lat' dir='ltr'>quarum</span> <span class='ocrx_word' id='word_1_348' title='bbox 1013 4670 1136 4731; x_wconf 91' lang='lat' dir='ltr'>duabus</span> <span class='ocrx_word' id='word_1_349' title='bbox 1168 4669 1380 4749; x_wconf 89' lang='lat' dir='ltr'>superioribus</span> <span class='ocrx_word' id='word_1_350' title='bbox 1404 4671 1578 4734; x_wconf 92' lang='lat' dir='ltr'>minitantia</span> <span class='ocrx_word' id='word_1_351' title='bbox 1600 4673 1664 4734; x_wconf 92' lang='lat' dir='ltr'>duo</span> 
     </span>
     <span class='ocr_line' id='line_1_41' title="bbox 388 4777 1663 4856; baseline 0.001 -16"><span class='ocrx_word' id='word_1_352' title='bbox 388 4798 487 4840; x_wconf 88' lang='lat' dir='ltr'>aenea</span> <span class='ocrx_word' id='word_1_353' title='bbox 511 4786 665 4838; x_wconf 88' lang='lat' dir='ltr'>tormenta</span> <span class='ocrx_word' id='word_1_354' title='bbox 689 4777 799 4838; x_wconf 89' lang='lat' dir='ltr'>bellica</span> <span class='ocrx_word' id='word_1_355' title='bbox 823 4787 1008 4851; x_wconf 88' lang='lat' dir='ltr'>cernuntur;</span> <span class='ocrx_word' id='word_1_356' title='bbox 1032 4779 1141 4838; x_wconf 89' lang='lat' dir='ltr'>turrim</span> <span class='ocrx_word' id='word_1_357' title='bbox 1166 4778 1267 4856; x_wconf 90' lang='lat' dir='ltr'>ipsam</span> <span class='ocrx_word' id='word_1_358' title='bbox 1302 4778 1419 4856; x_wconf 92' lang='lat' dir='ltr'>stipant</span> <span class='ocrx_word' id='word_1_359' title='bbox 1455 4779 1517 4840; x_wconf 91' lang='lat' dir='ltr'>duo</span> <span class='ocrx_word' id='word_1_360' title='bbox 1552 4781 1663 4841; x_wconf 88' lang='lat' dir='ltr'>armati</span> 
     </span>
     <span class='ocr_line' id='line_1_42' title="bbox 387 4885 1665 4968; baseline 0.001 -20"><span class='ocrx_word' id='word_1_361' title='bbox 387 4885 536 4948; x_wconf 89' lang='lat' dir='ltr'>satellites</span> <span class='ocrx_word' id='word_1_362' title='bbox 573 4885 688 4946; x_wconf 91' lang='lat' dir='ltr'>amictu</span> <span class='ocrx_word' id='word_1_363' title='bbox 712 4886 818 4962; x_wconf 89' lang='lat' dir='ltr'>rubeo,</span> <span class='ocrx_word' id='word_1_364' title='bbox 852 4887 978 4968; x_wconf 82' lang='lat' dir='ltr'>cingulo</span> <span class='ocrx_word' id='word_1_365' title='bbox 1014 4894 1045 4946; x_wconf 88' lang='lat' dir='ltr'>et</span> <span class='ocrx_word' id='word_1_366' title='bbox 1079 4886 1180 4946; x_wconf 85' lang='lat' dir='ltr'>ocreis</span> <span class='ocrx_word' id='word_1_367' title='bbox 1215 4885 1328 4961; x_wconf 90' lang='lat' dir='ltr'>aureis,</span> <span class='ocrx_word' id='word_1_368' title='bbox 1353 4887 1585 4966; x_wconf 89' lang='lat' dir='ltr'>paludamentis</span> <span class='ocrx_word' id='word_1_369' title='bbox 1608 4907 1665 4948; x_wconf 91' lang='lat' dir='ltr'>seu</span> 
     </span>
    </p>
   </div>
   <div class='ocr_carea' id='block_1_3' title="bbox 0 0 1991 5550">
    <p class='ocr_par' dir='ltr' id='par_1_4' title="bbox 0 0 1991 5550">
     <span class='ocr_line' id='line_1_43' title="bbox 0 0 1991 5550; baseline 0 0"><span class='ocrx_word' id='word_1_370' title='bbox 0 0 1991 5550; x_wconf 95' lang='lat' dir='ltr'> </span> 
     </span>
    </p>
   </div>
  </div>
 </body>
</html>
