3934 5550
1541 364 1607 438 359

322 587 519 670 indigentem
543 589 616 650 item
640 587 735 650 haras
759 589 902 650 adduas
926 587 1089 650 clausuras
1111 590 1229 663 bonas3
1252 591 1327 651 item
1353 611 1512 652 cameram
1538 592 1600 650 fru-

320 697 490 756 mentalem
513 697 627 756 bonam
652 697 779 756 basibus
802 697 1005 777 indigentem,
1028 697 1188 757 fornacem
1211 702 1381 776 pistoream
1413 719 1470 778 per
1502 699 1602 780 negli-

326 803 466 882 gentiam
502 804 584 863 bono
620 811 703 864 tecto
738 813 914 878 carentem,
951 806 1078 864 domum
1113 804 1253 865 fabrilem
1290 806 1487 883 reparatione
1521 806 1599 866 indi-

323 919 461 990 gentem.

428 1018 456 1079 5.
490 1019 647 1099 Georgius
682 1018 868 1079 Nunlrovich
900 1019 996 1079 habet
1030 1019 1157 1079 domum
1193 1020 1354 1098 antiquam
1398 1021 1597 1099 reparatione

321 1143 438 1205 magna
474 1126 684 1206 indigentem3
716 1127 790 1186 item
825 1127 918 1186 haras
943 1127 982 1186 ad
1008 1128 1169 1186 clausuras
1201 1125 1222 1186 4
1252 1129 1432 1206 pavimento
1464 1127 1600 1187 inferiori

322 1241 354 1293 et
376 1233 504 1292 basibus
528 1233 724 1312 indigentes;
749 1234 823 1293 item
847 1253 990 1294 cameras
1015 1234 1055 1293 ad
1079 1233 1159 1294 duas
1193 1243 1349 1308 externas,
1381 1243 1413 1294 et
1444 1235 1601 1295 internam

320 1359 416 1399 unam
440 1341 617 1400 clausuram
641 1341 768 1401 basibus
793 1341 994 1420 indigentem,
1025 1342 1173 1401 horreum
1207 1342 1323 1401 bonum
1358 1342 1487 1402 basibus
1520 1342 1598 1402 indi·

318 1467 414 1527 gens;
439 1448 513 1508 item
536 1468 695 1508 cameram
720 1449 901 1528 contiguam
924 1449 1039 1520 domui,
1075 1448 1169 1508 etiam
1204 1451 1332 1509 basibus
1366 1459 1397 1510 et
1411 1458 1495 1510 tecto
1512 1469 1597 1509 asse-

318 1556 393 1615 ricio
416 1556 617 1634 indigentem,
641 1555 799 1616 fornacem
818 1557 978 1636 antiquam
992 1575 1048 1635 per
1064 1556 1222 1637 pigritiam
1234 1565 1317 1616 tecto
1332 1557 1416 1617 bono
1430 1565 1597 1617 carentem.

882 1733 1034 1820 **※

423 1879 500 1938 Item
524 1880 573 1938 die
603 1879 649 1941 ll.
672 1879 820 1940 februarii
844 1898 927 1940 anno
954 1877 1047 1940 1796.
1070 1881 1102 1939 in
1126 1880 1325 1958 possessione
1349 1879 1508 1940 Mraczlin.

427 1987 452 2046 l.
477 1987 597 2046 Nobilis
621 1989 757 2048 Mathias
780 1988 967 2048 Birekovich
990 1989 1085 2048 habet
1109 1989 1237 2048 domum
1252 2008 1369 2049 novam
1383 1988 1508 2063 bonam,
1524 1988 1594 2048 hor·

316 2113 403 2154 reum
427 2093 587 2174 antiquum
612 2096 809 2174 reparatione
833 2096 987 2176 indigens,
1022 2097 1117 2156 haras
1151 2097 1251 2156 bonas
1274 2096 1419 2155 omnibus
1442 2097 1594 2174 provisas,

315 2221 473 2261 cameram
496 2202 713 2264 frumentalem
737 2205 768 2263 in
792 2205 874 2264 bono
898 2213 997 2277 statu3
1021 2205 1095 2264 item
1118 2204 1213 2264 haras
1236 2204 1403 2277 manlium,
1435 2211 1467 2263 et
1496 2223 1595 2283 penes

315 2328 472 2369 cameram
486 2311 544 2369 sub
557 2331 619 2370 uno
642 2319 725 2370 tecto
738 2313 921 2390 mediocres
936 2312 1097 2372 fornacem
1111 2311 1281 2391 pistoream
1297 2331 1352 2390 per
1368 2311 1594 2391 negligentiam

315 2417 398 2476 bono
422 2425 505 2477 tecto
529 2427 698 2478 carentem.

422 2523 450 2585 2.
474 2525 594 2585 Nobilis
618 2526 762 2587 Andreas
787 2525 1012 2586 Mathanovich
1036 2526 1165 2586 domum
1188 2526 1285 2586 habet
1310 2543 1427 2585 novam
1442 2525 1591 2585 assericio

311 2638 395 2690 tecto
418 2631 501 2691 bono
524 2633 691 2711 provisam,
715 2633 862 2693 horreum
885 2632 1051 2706 mediocre,
1075 2634 1170 2692 haras
1194 2632 1273 2692 ad5
1298 2633 1458 2692 clausuras
1482 2632 1591 2706 bonas,

311 2739 404 2800 haras
429 2740 587 2801 maialium
611 2742 652 2802 ad
676 2761 769 2801 unam
794 2742 969 2802 clausuram
1006 2741 1112 2820 quoad
1146 2740 1260 2802 robora
1293 2739 1402 2815 bonas,
1432 2758 1591 2800 cameram

310 2846 527 2907 frumentalem
552 2849 591 2908 ad
615 2850 694 2909 duas
719 2850 880 2909 clausuras
903 2849 1034 2922 bonam3
1058 2849 1133 2908 item
1150 2849 1243 2908 aliam
1259 2867 1418 2907 cameram
1435 2848 1475 2907 ad
1496 2867 1591 2909 unam

309 2954 485 3014 clausuram
518 2956 549 3014 in
580 2956 663 3016 bono
694 2965 786 3032 statu,
816 2956 976 3016 fornacem
1009 2956 1179 3034 pistoream
1208 2964 1292 3015 tecto
1316 2955 1399 3014 bono
1422 2962 1591 3015 carentem.

415 3059 444 3121 3.
468 3062 589 3122 Nobilis
611 3064 750 3123 Mathias
781 3063 964 3137 szetnich,
999 3063 1147 3123 emeritus
1179 3064 1306 3137 iuratus,
1338 3064 1434 3122 habet
1463 3062 1588 3121 domum
1620 3070 1624 3075 '

310 3169 514 3247 posteriorem
538 3189 663 3247 novam,
679 3171 813 3250 priorem
836 3179 939 3231 autern
957 3171 1154 3249 reparatione
1181 3170 1402 3231 necessariam.
1434 3170 1591 3229 Horreum

311 3275 437 3349 bonum,
473 3294 631 3337 cameram
668 3278 708 3337 ad
741 3287 806 3338 tres
842 3278 1003 3338 clausuras
1034 3278 1158 3352 bonam,
1181 3278 1275 3337 haras
1299 3277 1340 3336 ad
1370 3274 1391 3335 3
1427 3276 1589 3335 clausuras

311 3384 455 3463 antiquas
472 3385 612 3462 proxime
636 3394 790 3461 corruent,
814 3406 876 3446 uno
895 3387 991 3446 verbo
1006 3387 1036 3446 in
1052 3386 1189 3464 pessimo
1211 3392 1304 3460 statu,
1320 3385 1414 3443 haras
1431 3383 1588 3443 maialium

310 3491 350 3549 ad
375 3510 469 3551 unam
494 3500 615 3570 portam
631 3493 771 3572 inceptas
788 3494 961 3567 ellaborari,
975 3494 1135 3553 fornacem
1155 3493 1325 3572 pistoream
1342 3492 1504 3569 antiquam
1522 3491 1589 3550 sine

312 3597 394 3659 bono
418 3607 501 3659 tecto
524 3619 580 3677 per
604 3600 760 3659 miseriam
785 3609 952 3662 carentem.

420 3705 450 3767 4.
482 3707 602 3767 Nobilis
636 3709 775 3767 Thomas
807 3708 980 3770 szetnich
1011 3710 1106 3769 habet
1137 3709 1264 3769 domum
1295 3716 1345 3767 sat
1374 3708 1499 3780 bonam,
1532 3707 1589 3766 sed

309 3824 391 3873 tecto
415 3833 478 3874 non
502 3816 584 3874 bono
608 3834 663 3892 per
687 3816 912 3895 negligentiam
936 3816 1105 3894 provisam,
1129 3816 1275 3875 borreum
1310 3816 1426 3874 bonum
1459 3812 1589 3873 basibus

308 3929 413 3981 tamen
438 3922 565 4003 indiget.
602 3924 704 3983 Haras
729 3924 872 4002 antiquas
904 3924 995 3983 valde
1027 3932 1180 4003 angustas
1212 3923 1408 4001 reparatione
1438 3940 1583 3981 necessa-

308 4029 380 4105 riae,
397 4048 555 4090 cameram
573 4030 733 4109 antiquam
757 4032 797 4091 ad
821 4039 885 4090 tres
901 4012 1064 4091 clausuras
1080 4022 1226 4109 antiquas
1242 4029 1370 4089 basibus
1385 4029 1588 4108 indigentem,

308 4142 391 4196 tecto
415 4137 572 4197 assericeo
594 4138 677 4199 bono
701 4157 763 4197 non
787 4138 954 4217 provisam,
978 4139 1034 4198 sed
1059 4158 1184 4199 asseres
1215 4137 1310 4197 habet
1342 4137 1383 4196 ad
1406 4134 1480 4197 500.
1511 4135 1588 4194 Item

309 4262 467 4303 cameram
491 4245 646 4323 inceptam
670 4246 793 4305 novitus
818 4246 922 4325 errigi,
946 4266 1041 4325 quam
1065 4247 1105 4305 ad
1138 4246 1247 4305 vineas
1278 4263 1352 4304 suas
1383 4244 1415 4302 in
1443 4261 1587 4322 promon-

306 4350 408 4409 thorio
431 4352 621 4427 Erdbdyano
643 4353 776 4427 habitas,
808 4361 900 4431 prout
931 4361 963 4413 et
994 4372 1117 4413 asseres
1150 4371 1335 4431 promovere
1368 4351 1486 4427 volunt,
1509 4368 1588 4428 quas

307 4476 439 4533 asseres,
463 4468 494 4519 et
518 4478 675 4518 cameram
699 4480 737 4519 ex
761 4459 981 4519 Mraczlinensi
997 4460 1077 4519 silva
1093 4460 1298 4519 ellaboratam
1315 4465 1468 4529 asserunt,
1490 4455 1585 4533 pisto·

306 4582 393 4625 ream
417 4565 576 4626 fornacem
600 4568 759 4645 antiquam
782 4586 839 4645 per
862 4568 1088 4647 negligentiam
1111 4568 1142 4627 in
1165 4569 1248 4627 malo
1272 4575 1364 4629 statu.

413 4674 442 4734 5.
468 4673 588 4739 Nobilis
619 4674 734 4735 Paulus
764 4675 886 4735 Stuban
920 4675 1015 4736 habet
1049 4676 1177 4736 domum
1212 4676 1372 4754 antiquam
1408 4680 1588 4753 angustam,

310 4799 403 4857 quam
429 4780 454 4838 si
479 4800 592 4840 novam
617 4780 733 4855 fecerit,
757 4801 794 4840 ex
820 4783 947 4861 antiqua
970 4790 1077 4861 posset
1101 4783 1185 4843 aliud
1209 4782 1383 4843 aedificium
1414 4761 1588 4853 ellaborari,¹

306 4888 451 4959 horreum
476 4890 635 4968 antiquum
660 4889 788 4949 basibus
812 4890 965 4965 indigens,
1000 4891 1095 4949 haras
1119 4892 1159 4950 ad
1182 4891 1263 4951 duas
1295 4891 1455 4949 clausuras
1486 4906 1586 4946 novas
