3934 5550
389 382 454 445 402

387 600 446 659 sub
471 618 533 659 uno
556 607 639 659 tecto
663 598 831 657 obductum
857 618 894 657 ex
920 597 1078 657 asseribus
1108 597 1241 656 molibus
1266 597 1398 677 szvigfin
1422 596 1523 671 dictis,
1558 606 1673 675 puteus

389 727 498 778 novus,
521 707 579 767 sed
602 726 640 765 ex
666 706 800 785 antiquis
831 704 995 766 roboribus
1018 714 1204 778 exstructus,
1228 715 1299 783 post
1323 706 1442 785 aliquot
1465 725 1565 767 annos
1588 725 1672 766 novo

389 815 466 876 item
490 813 651 894 indigebit.

497 1101 555 1161 Die
580 1100 691 1161 eodem
716 1098 767 1158 22.
791 1098 947 1159 februarii.
971 1099 1006 1158 In
1029 1099 1230 1177 possessione
1253 1092 1412 1176 Superiori
1437 1098 1613 1159 Lomnicza.

502 1224 527 1287 l.
551 1225 708 1285 Fabianus
734 1224 834 1298 Piber,
861 1226 991 1284 colonus
1014 1225 1159 1284 dominae
1178 1224 1290 1284 viduae
1305 1224 1390 1283 Petri
1405 1224 1562 1298 Sirerlecz,
1576 1226 1672 1286 habet

390 1336 517 1395 domum
540 1333 572 1393 in
596 1332 710 1392 misero
741 1339 833 1407 statu,
863 1332 1011 1392 horreum
1035 1330 1183 1411 antiqum,
1206 1351 1268 1393 non
1294 1330 1325 1391 in
1349 1332 1432 1393 bono
1456 1339 1549 1406 statu,
1572 1352 1670 1411 penes

390 1442 531 1501 harulam
556 1440 696 1501 similem.

498 1546 526 1606 2.
551 1546 708 1627 Georgius
724 1546 831 1621 Mihin,
859 1547 988 1607 colonus
1005 1546 1047 1606 uti
1071 1546 1163 1626 prior,
1179 1546 1274 1606 habet
1297 1546 1425 1606 domum
1441 1547 1600 1628 antiquam
1622 1568 1672 1609 re·

391 1654 552 1735 paratione
577 1661 732 1735 egentem,
755 1655 900 1720 horreum
925 1654 1087 1732 antiquum
1119 1653 1186 1714 sine
1210 1662 1301 1732 porta
1324 1662 1356 1713 et
1378 1654 1448 1714 basi
1481 1674 1554 1731 una,
1576 1655 1671 1717 haras

392 1784 462 1825 cum
487 1780 613 1823 camera
646 1763 685 1821 ad
710 1758 731 1821 3
754 1772 861 1840 portas
892 1763 1021 1822 basibus
1046 1764 1156 1823 saitem
1182 1762 1369 1843 indigentes,
1392 1762 1552 1824 fornacem
1576 1764 1670 1842 pisto·

392 1890 478 1932 ream
502 1870 569 1931 sine
593 1870 676 1930 bono
699 1876 783 1930 tecto
806 1889 862 1948 per
887 1869 1044 1930 miserIam
1069 1869 1236 1949 provisam.

498 1975 528 2037 3.
551 1975 705 2037 Providus
728 1977 878 2055 Iosephus
894 1976 1067 2050 Vukovich,
1083 1978 1214 2037 colonus
1229 1976 1273 2037 uti
1289 1976 1418 2055 priores,
1433 1977 1528 2038 habet
1543 1978 1670 2038 domum

391 2086 551 2165 antiquam
574 2084 773 2163 reparatione
796 2092 943 2164 egentem
966 2093 999 2144 et
1021 2085 1090 2164 plus
1113 2084 1196 2145 nihii.

498 2190 527 2251 4.
552 2191 706 2251 Providus
729 2191 866 2252 Michael
889 2192 1059 2252 LaztovIch
1083 2191 1179 2253 habet
1202 2192 1330 2252 domum
1351 2193 1455 2269 taiem,
1472 2200 1506 2252 ut
1529 2193 1671 2273 amplius,

391 2302 417 2361 si
442 2300 531 2361 nives
561 2298 693 2359 fuissent
723 2318 779 2378 pro
811 2298 1002 2359 habitatione
1026 2317 1089 2358 non
1119 2298 1238 2373 fuisset,
1267 2300 1363 2359 haras
1395 2318 1433 2358 ex
1465 2298 1592 2379 antiqua
1617 2299 1670 2359 ali·

391 2408 479 2469 cuius
511 2406 644 2467 valentis
675 2407 800 2467 deserta
830 2405 934 2481 habet,
971 2424 1053 2485 quae
1088 2406 1182 2466 etiam
1217 2425 1328 2485 parum
1360 2407 1474 2481 valent,
1510 2407 1669 2467 fornacem

392 2516 562 2595 pistoream
585 2534 641 2594 per
664 2512 823 2575 miseriam
848 2514 915 2573 sine
939 2521 1031 2573 tecto,

499 2622 528 2687 5.
550 2620 704 2682 Providus
740 2620 894 2681 Antonius
929 2620 1072 2681 Kuchich
1106 2621 1232 2680 domum
1269 2620 1429 2701 antiquam
1460 2620 1490 2681 in
1521 2621 1670 2682 mediocri

392 2739 484 2805 statu,
506 2731 602 2791 haras
626 2729 666 2790 ad
690 2729 769 2789 duas
792 2730 954 2790 clausuras
978 2727 1123 2808 antiquas
1146 2727 1214 2788 sine
1237 2727 1328 2789 bonis
1350 2728 1488 2805 basibus,
1510 2729 1669 2791 fornacem

392 2839 561 2918 pistoream
594 2856 709 2897 novam
740 2836 865 2910 bonam,
896 2835 1099 2916 foenilegium
1131 2835 1292 2914 antiquum
1325 2837 1365 2896 ad
1396 2834 1418 2895 4
1450 2837 1612 2898 columnas
1643 2838 1675 2897 in

392 2947 507 3007 misero
531 2954 623 3006 statu.

498 3050 528 3112 6.
552 3052 709 3132 Georgius
734 3052 940 3130 Hervachich‚
968 3053 1106 3128 colono,
1137 3054 1233 3113 habet
1255 3054 1383 3113 domum
1405 3053 1522 3121 bonam
1545 3073 1669 3128 novam,

391 3180 448 3240 pro
483 3159 601 3220 ambitu
632 3158 754 3239 indiget
785 3159 928 3219 omnibus
960 3159 1156 3236 necessariis,
1186 3161 1332 3220 horreum
1364 3159 1525 3240 antiquum
1557 3179 1676 3241 magna

392 3267 592 3347 reparatione
616 3267 770 3347 indigens,
793 3267 888 3326 haras
912 3266 1057 3345 antiquas
1081 3268 1121 3326 ad
1145 3268 1224 3327 duas
1247 3268 1409 3327 clausuras
1431 3267 1559 3327 basibus
1583 3265 1674 3329 bunis

391 3384 544 3449 carentes,
568 3393 725 3435 cameram
751 3375 792 3434 ad
815 3393 909 3434 unam
927 3376 1104 3434 clausuram
1118 3375 1187 3434 basi
1203 3382 1233 3434 et
1247 3375 1445 3453 reparatione
1470 3375 1671 3456 indigentem,

392 3485 551 3544 fornacem
576 3481 736 3561 antiquam
752 3479 820 3541 sine
843 3482 926 3541 hono
942 3489 1035 3557 tecto,
1056 3481 1136 3541 haec
1150 3499 1260 3541 omnes
1277 3482 1389 3541 domus
1411 3481 1529 3541 habent
1543 3490 1671 3560 puteum

391 3591 423 3650 in
447 3589 529 3665 villa,
552 3595 624 3668 post
646 3608 741 3648 unum
763 3607 878 3648 annum
903 3588 942 3648 de
965 3607 1049 3648 novo
1072 3587 1140 3648 fieri
1164 3588 1298 3649 debebit.

500 3694 528 3756 7.
553 3694 707 3756 Providus
739 3695 876 3755 Mathias
907 3695 1073 3756 Vukovich
1104 3697 1200 3755 habet
1231 3697 1360 3756 domum
1390 3695 1546 3772 miseram,
1576 3697 1671 3757 haras

392 3809 537 3886 antiquar
560 3803 718 3882 proximas
742 3803 859 3878 ruinae,
883 3805 1043 3863 clausuras
1067 3804 1146 3864 duas
1170 3823 1210 3868 ex
1233 3805 1379 3885 vepribus
1402 3805 1511 3864 factas.

498 3909 528 3972 8.
551 3911 705 3971 Providus
729 3910 880 3990 Iosephus
903 3911 1143 3971 Michaiinchich
1167 3911 1262 3972 habet
1286 3913 1414 3973 domum
1430 3912 1590 3992 antiquam
1605 3920 1671 3972 tota

390 4019 589 4100 reparatione
620 4018 825 4098 indigentem,
856 4019 1002 4078 horreum
1030 4019 1192 4098 antiquum
1215 4021 1309 4080 etiam
1333 4039 1451 4100 magna
1473 4020 1671 4099 reparatione

391 4129 544 4209 indigens,
569 4126 642 4206 quia
667 4126 707 4185 ad
730 4146 825 4185 unam
849 4134 972 4206 portam
997 4125 1060 4186 iam
1083 4127 1192 4189 ruinae
1223 4128 1407 4207 proximum,
1431 4128 1525 4188 haras
1550 4128 1671 4188 anima·

389 4235 463 4295 lium
496 4235 536 4294 ad
565 4234 646 4294 duas
679 4235 840 4294 clausuras
865 4234 895 4294 in
919 4234 1069 4294 mediocri
1093 4243 1175 4295 statu
1200 4235 1268 4296 sine
1292 4246 1397 4296 tamen
1420 4235 1512 4296 bonis
1534 4236 1671 4312 basibus,

390 4349 421 4402 et
445 4342 634 4420 pavimento,
657 4341 815 4400 fornacem
840 4341 964 4418 bonam,
987 4350 1100 4420 puteus
1123 4341 1252 4402 dirutus.

497 4445 526 4512 9.
550 4449 704 4509 Providus
728 4450 879 4528 Iosephus
901 4447 1087 4528 Biskupecz,
1115 4451 1253 4526 colonus,
1284 4451 1381 4510 habet
1403 4451 1530 4510 domum
1554 4451 1670 4511 bonam

390 4556 534 4617 omnibus
557 4555 734 4635 provisam;
765 4557 838 4617 item
872 4575 1030 4618 cameram
1055 4559 1096 4619 ad
1119 4559 1198 4618 duas
1222 4559 1384 4619 clausuras
1407 4558 1439 4617 in
1459 4566 1544 4618 statu
1576 4559 1670 4632 bono,

389 4665 531 4724 harulam
549 4663 728 4724 animalium
752 4665 793 4725 ad
816 4684 910 4724 unam
934 4667 1112 4726 clausuram
1135 4685 1174 4725 ex
1190 4665 1332 4746 virgultis
1356 4674 1508 4744 saeptam,
1527 4667 1670 4726 haruIam

391 4771 550 4832 maialium
575 4791 611 4832 ex
638 4771 772 4850 antiquis
795 4771 958 4831 roboribus
983 4772 1013 4831 in
1037 4780 1121 4832 statu
1144 4773 1236 4850 malo,
1251 4773 1411 4833 iomacem
1428 4771 1587 4850 antiquam
1603 4772 1670 4831 sine

386 4882 470 4943 bono
493 4888 586 4942 tecto.
