3934 5550
398 406 459 481 l68

495 630 640 703 Originale
658 630 848 697 chartaceum,
867 624 976 700 absque
995 594 1096 701 sigillo.
1114 624 1146 683 ln
1165 624 1281 684 archivo
1300 642 1442 684 commun.
1471 624 1537 684 nob.
1556 625 1594 685 de
1613 625 1671 685 Tu·

391 719 508 789 ropolje.

980 1004 1085 1078 110.

498 1223 590 1283 Anno
619 1219 711 1283 1684.
735 1220 787 1281 24.
812 1221 884 1281 iulii.
907 1221 1014 1282 Selini.

391 1432 558 1499 lllicolaus
591 1432 759 1519 Erdeody,
790 1432 911 1512 denuc,
943 1432 1062 1497 comiti
1092 1435 1172 1497 terr.
1206 1430 1331 1516 Campi
1363 1432 1395 1499 T
1392 1430 1548 1518 uropolia
1582 1453 1671 1497 com-

393 1542 500 1606 mittit
531 1544 572 1606 ui
594 1561 673 1605 cum
685 1538 855 1605 nobilibus
866 1540 1018 1605 eiusdem
1044 1538 1167 1624 Campi
1187 1539 1234 1603 ad
1248 1539 1534 1604 insurrectionem
1550 1543 1671 1604 contra

907 1647 1040 1712 Turcas
1061 1650 1166 1715 cecat.

606 1883 767 1945 Generose
791 1883 917 1945 domine
940 1883 1041 1943 amice
1063 1883 1154 1943 nobis
1177 1883 1384 1945 observande.

500 2029 617 2089 Notum
640 2036 903 2107 perspectumque
928 2046 999 2088 esse
1023 2028 1167 2088 omnibus
1190 2026 1265 2087 nulli
1297 2028 1485 2103 dubitamus,
1516 2029 1674 2107 quomodo

394 2136 459 2200 iam
483 2156 502 2197 a
525 2136 630 2197 multis
654 2135 816 2197 retroactis
844 2136 934 2195 annis
957 2144 990 2196 et
1012 2136 1214 2214 temporibus,
1245 2136 1390 2196 immanis
1419 2136 1589 2197 Christiani
1620 2155 1674 2196 no·

393 2244 487 2305 minis
511 2244 609 2304 hostis
640 2244 753 2317 anca,
785 2243 939 2303 domicilia
971 2242 1230 2321 Christianorum,
1255 2244 1359 2322 ampla
1381 2243 1544 2303 latifundia
1567 2252 1598 2303 et
1622 2243 1675 2302 do·

392 2353 498 2429 minia,
521 2351 686 2413 barbarica
708 2359 888 2412 tumescens
920 2350 1042 2412 feritate
1074 2351 1284 2430 occupaverit,
1314 2370 1377 2411 non
1409 2350 1522 2412 minori
1552 2350 1676 2410 feritate

394 2461 425 2521 in
448 2461 572 2521 dulcem
604 2460 686 2519 hanc
709 2478 833 2539 quoque
862 2458 996 2539 patriam
1018 2468 1159 2520 nostram
1183 2459 1444 2533 debacchabatur,
1469 2458 1558 2519 cuius
1581 2458 1677 2519 etiam

393 2567 546 2647 potiorem
576 2575 698 2645 partem
729 2566 874 2627 insuam
898 2566 1094 2643 tyrannicam
1117 2567 1240 2648 redegit
1263 2575 1295 2627 et
1321 2567 1453 2627 subiecit
1476 2575 1674 2646 potestatem.

395 2676 487 2734 Nunc
511 2682 624 2741 autem,
648 2692 719 2733 cum
742 2674 821 2734 deus
843 2674 979 2753 optimus
999 2674 1154 2735 maximus
1177 2694 1234 2753 per
1255 2675 1442 2735 immensam
1459 2674 1584 2735 divinae
1601 2693 1678 2735 suae

395 2781 544 2842 bonitatis
568 2782 812 2860 dispositionem,
836 2783 1020 2843 modernam
1052 2782 1260 2861 occasionem,
1282 2802 1377 2863 quam
1401 2801 1477 2862 prae
1501 2784 1599 2843 oculis
1623 2801 1677 2843 no·

398 2889 470 2950 stris
506 2888 675 2968 expetitam
706 2897 737 2949 et
769 2890 979 2950 desideratam
1015 2891 1175 2952 consecuti
1207 2911 1324 2967 sumus,
1358 2909 1396 2950 ac
1427 2890 1557 2969 proinde
1585 2909 1678 2951 unus·

400 2996 533 3076 quisque
556 2995 658 3056 tidelis
681 2996 801 3075 patriae
825 2997 902 3064 civis
933 2997 1014 3058 bene
1043 3017 1151 3058 secum
1181 2998 1444 3078 praeconsideret,
1474 3006 1539 3057 tam
1571 2997 1680 3076 singu·

396 3108 493 3166 larem
518 3105 569 3165 dei
587 3105 799 3184 praepotentis
816 3105 916 3182 (cuius
930 3114 1007 3168 nutu
1023 3114 1136 3168 cuncta
1150 3115 1303 3188 reguntur
1326 3116 1357 3168 et
1379 3106 1596 3185 disponuntur)
1613 3126 1680 3165 mu-

394 3212 583 3274 nificentiam
608 3231 702 3291 quam
729 3213 894 3273 cordialius
925 3215 1171 3293 apprehendere,
1193 3215 1225 3275 in
1249 3215 1343 3295 idque
1362 3214 1550 3275 unanimiter
1567 3214 1680 3289 animo,

395 3327 509 3394 mente,
532 3318 652 3398 opibus,
676 3319 810 3400 denique
835 3321 978 3381 omnibus
995 3321 1113 3382 viribus
1128 3322 1243 3382 nostris
1266 3322 1446 3383 incumbere
1470 3321 1680 3399 adnita[mu]r,

396 3436 430 3486 ut
452 3445 509 3505 pro
541 3426 603 3486 aris
635 3436 666 3486 et
697 3426 775 3486 tocis
807 3427 905 3487 dulcis
935 3429 1057 3507 patriae
1090 3438 1218 3490 nostrae
1248 3429 1400 3508 imprimis
1423 3427 1529 3488 divino
1552 3429 1679 3488 numine

397 3536 551 3608 invocato,
576 3534 689 3595 deinde
713 3535 876 3595 adinstar
910 3537 1122 3618 m[agno]rum
1151 3538 1282 3597 heroum
1312 3537 1592 3615 praedecessorum
1624 3555 1678 3595 no-

400 3653 543 3719 strorum,
567 3643 620 3723 qui
644 3643 826 3723 postpositis
849 3644 995 3705 omnibus
1014 3644 1216 3706 facultatibus
1238 3645 1312 3718 suis,
1335 3654 1460 3724 gratam
1476 3645 1573 3704 vitam
1589 3662 1679 3704 suam

397 3771 470 3811 cum
493 3758 593 3811 morte
625 3759 819 3812 commutare
842 3771 905 3812 non
929 3751 1148 3830 extimuerunt,
1179 3752 1355 3832 exindeque
1378 3753 1522 3830 exemplo
1545 3770 1603 3812 suo
1625 3752 1679 3810 he·

396 3856 490 3931 roico,
521 3875 586 3937 quo
617 3857 799 3918 immortalis
832 3857 884 3918 illa
915 3859 1053 3938 gloriosa
1088 3859 1334 3919 incontaminata
1356 3867 1388 3919 et
1411 3859 1575 3939 divulgata
1596 3858 1679 3918 bona

397 3965 482 4026 tama
505 3973 537 4026 et
560 3964 674 4044 opinio,
705 3967 745 4026 de
777 3966 904 4028 natione
936 3976 1044 4028 nostra
1070 3967 1206 4041 heroica,
1230 3968 1300 4042 deo,
1322 3967 1385 4028 fide
1408 3975 1442 4027 et
1464 3968 1591 4048 regibus
1614 3966 1680 4026 suis

396 4072 629 4155 gloriosissimis
663 4092 787 4153 semper
821 4075 904 4136 fideli
935 4084 968 4134 et
997 4076 1152 4136 constanti
1180 4075 1371 4150 continuata,
1394 4095 1451 4154 per
1474 4095 1532 4135 nos
1553 4093 1679 4154 quoque

396 4199 492 4260 opere
516 4181 701 4242 confirmata
735 4200 920 4260 permanere
949 4183 1062 4244 valeat
1086 4183 1184 4243 Arma
1207 4191 1314 4245 nostra
1338 4184 1482 4244 militaria
1506 4185 1678 4262 apprehen-

397 4288 472 4350 dere
496 4296 528 4348 et
551 4289 734 4370 astringere,
759 4288 866 4369 sicque
894 4289 1067 4352 coniunctis
1091 4290 1237 4351 roborum
1260 4291 1499 4365 tortitudinibus,
1523 4291 1678 4369 operatio·

396 4395 487 4456 nibus
520 4394 582 4456 iam
614 4397 655 4456 ad
686 4396 907 4458 Virouiticzam
940 4396 1088 4458 institutis
1118 4406 1151 4459 et
1180 4398 1299 4477 positis,
1331 4418 1371 4460 eo
1401 4418 1460 4461 nos
1494 4417 1558 4478 quo
1589 4397 1680 4458 citius

397 4503 507 4564 sistere
542 4503 726 4566 arllaborare
757 4514 911 4584 oportere,
942 4505 1070 4566 omnino
1103 4513 1227 4585 tempus
1259 4515 1289 4566 et
1320 4507 1519 4586 inexpectata
1553 4505 1679 4566 occasio

397 4611 476 4671 fines
507 4611 606 4672 dulcis
637 4612 759 4691 patriae
790 4613 1006 4692 recuperandi,
1039 4613 1210 4692 ampliandi
1233 4621 1265 4674 et
1288 4613 1439 4675 dilatandi
1469 4614 1594 4689 tribuat,
1617 4633 1680 4694 quo

398 4719 517 4779 dudum
539 4718 570 4779 in
594 4718 773 4780 barbariem
796 4738 958 4794 conversa,
990 4721 1022 4780 in
1053 4721 1248 4799 palmiferam
1280 4720 1469 4802 virginitatis
1498 4722 1602 4783 oleam
1632 4739 1680 4781 re·

398 4827 513 4887 ducere
535 4827 706 4887 valeamus.
730 4828 763 4887 ln
788 4845 880 4907 quem
905 4828 999 4888 finem
1023 4827 1095 4888 licet
1111 4828 1205 4888 etiam
1229 4829 1315 4888 iuxta
1331 4829 1495 4889 articulum
1513 4829 1612 4909 regni,
1634 4827 1680 4887 in·

400 4934 624 4996 surrectionem
648 4934 816 5016 regnicolis
840 4935 974 4996 antehac
1006 4935 1228 5011 indixeramus,
1252 4936 1465 4997 existimantes
1489 4955 1548 4996 nos
1570 4953 1680 5018 opera·
