3934 5550
400 449 465 509 222

400 666 537 725 eandem
556 665 799 725 dominationem
816 664 956 723 lo'elicem
974 664 1175 743 supervivere
1192 675 1385 742 exoptamus.
1400 665 1514 723 Datum
1531 666 1672 726 Viennae

404 770 453 833 18.
479 772 585 851 aprilis
613 768 703 831 1696.

501 900 651 959 Eiusdem
675 898 895 959 dominationis
919 908 1044 959 vestrae
1067 899 1239 959 benevolus

855 1040 973 1101 Comes
996 1042 1139 1101 Adamus
1163 1042 1202 1102 de
1226 1042 1392 1119 Batthyan,
1416 1044 1518 1102 banus
1542 1063 1580 1102 m.
1605 1063 1634 1122 p.

504 1190 538 1249 P.
556 1190 593 1251 ·S.
617 1188 674 1249 His
699 1188 793 1247 finitis
816 1206 902 1247 nova
924 1206 1001 1247 suae
1024 1186 1198 1247 maiestatis
1221 1187 1307 1247 iussa
1330 1195 1540 1261 accesserunt,
1557 1200 1591 1246 ut
1606 1187 1673 1247 uni·

395 1296 478 1357 versi
501 1296 617 1357 domini
642 1296 820 1376 regnicolae
844 1313 901 1374 pro
924 1314 1008 1355 nona
1030 1294 1124 1354 futuri
1146 1295 1263 1355 mensis
1280 1295 1394 1373 aprilis,
1416 1303 1505 1355 trans
1530 1294 1675 1373 Colapim

398 1405 528 1465 fluvium
552 1404 635 1465 circa
659 1403 913 1464 Moscheniczam
936 1404 1064 1464 indilate
1087 1422 1122 1463 se
1146 1403 1272 1478 sistant3
1296 1404 1381 1483 quod
1411 1403 1515 1481 ipsum
1544 1403 1674 1481 proinde

395 1532 554 1595 generosa
582 1512 753 1573 dominatio
777 1520 882 1572 vestra
906 1511 1015 1571 ordine
1039 1519 1071 1571 et
1093 1511 1193 1571 forma
1224 1511 1404 1589 praemissis
1436 1511 1680 1591 diligentissime

396 1620 556 1701 publicare
580 1620 710 1681 noverit
1115 1617 1121 1627 '

493 1730 543 1797 ,ln
568 1729 707 1789 dorso:
731 1728 894 1787 Generoso
918 1727 1045 1787 domino
1078 1727 1173 1787 Petro
1186 1727 1324 1800 Valicza,
1340 1726 1551 1787 universitatis
1567 1726 1681 1805 Campi

395 1836 564 1914 Turopolia
587 1834 692 1895 comiti
721 1834 860 1895 terrestri
884 1843 951 1907 etc,
975 1834 1067 1893 nobis
1097 1834 1304 1896 observando.
1326 1834 1512 1915 Zagrabiae.

500 2458 645 2530 Originalc
665 2461 853 2526 chartaceum,
873 2477 889 2512 a
908 2468 990 2530 tergo
1009 2476 1176 2527 appressum
1196 2467 1241 2512 est
1259 2459 1390 2529 sigillum,
1409 2476 1467 2528 quo
1487 2459 1568 2512 litera
1580 2459 1676 2512 clausa

393 2554 461 2601 erat.
483 2548 511 2601 ln
532 2548 646 2603 archivo
666 2564 809 2603 commun.
829 2550 894 2602 nob.
915 2550 951 2603 de
971 2548 1134 2617 Turopolje.

988 2871 1092 2940 1⁷4.

498 3070 591 3129 Anno
620 3067 713 3130 1697.
739 3069 791 3132 27.
814 3071 896 3130 maii.
921 3072 954 3130 ln
979 3069 1108 3130 Chiche.

392 3281 551 3345 Adamas
573 3280 614 3346 de
637 3280 821 3366 Ballhyan,
845 3282 965 3360 banus,
989 3283 1108 3347 comiti
1130 3287 1210 3348 terr.
1237 3283 1359 3368 Compi
1379 3282 1563 3367 Turopolia
1577 3289 1674 3367 prae-

396 3387 488 3474 cipit,
516 3391 695 3476 uigentes
717 3389 803 3454 dicti
829 3390 951 3476 Compi
982 3391 1039 3455 die
1069 3407 1094 3456 1.
1125 3391 1222 3455 iunii
1255 3391 1291 3455 in
1325 3390 1437 3454 oratis
1467 3390 1676 3455 Hrusztovi·

877 3496 1059 3564 czensibus
1080 3499 1190 3564 sistat.

610 3733 772 3794 Generose
795 3736 921 3796 domine
944 3734 1035 3796 nobis
1058 3737 1265 3797 observande.

500 3881 641 3942 Salutem
664 3879 901 3959 officiorumque
925 3888 1103 3940 nostrorum
1126 3881 1439 3943 commendationem.

501 3989 547 4048 Ex
572 4006 635 4066 quo
658 3985 773 4064 inclyta
797 3987 950 4067 regimina
974 3987 1165 4048 Germanica
1188 3989 1250 4048 iam
1274 3985 1539 4066 pertransissent¹,
1564 4007 1670 4048 conse·

394 4105 587 4176 quenterque
623 4095 794 4154 secundum
830 4095 966 4174 prionrm
1004 4095 1277 4174 publicatoriarum
1313 4105 1490 4156 nostrarum
1526 4107 1675 4170 tenorem,

394 4212 505 4284 gentes
529 4221 654 4282 quoque
678 4201 792 4281 Campi
816 4203 1040 4282 Turopolensis
1064 4222 1102 4263 eo
1124 4203 1288 4282 trequenti,
1312 4221 1374 4282 quo
1405 4211 1586 4263 tenerentur
1619 4223 1674 4262 nu-

395 4330 481 4372 mero
505 4328 632 4370 movere
649 4310 814 4384 deberent3
838 4311 986 4389 quocirca
1009 4311 1212 4370 dominationi
1229 4319 1353 4370 vestrae
1372 4330 1548 4390 generosae
1565 4312 1675 4370 autho-

394 4418 483 4478 ritate
508 4427 614 4476 nostra
638 4416 743 4476 banali
767 4417 1022 4477 committendum
1038 4437 1108 4477 esse
1125 4418 1278 4492 duximus,
1294 4429 1448 4498 quatenus
1464 4419 1547 4478 circa
1562 4428 1674 4498 gentes

394 4525 543 4604 praetacti
568 4523 680 4604 Campi
706 4525 939 4603 Turopollensis
963 4545 1020 4585 eas
1052 4535 1192 4586 actutum
1223 4527 1318 4586 laciat
1349 4526 1578 4605 dispositiones
1611 4545 1674 4605 quo

392 4634 527 4694 ulteriori
560 4633 668 4693 ordine
702 4634 891 4712 peramplius
926 4655 989 4693 non
1025 4643 1197 4713 expectato
1231 4635 1274 4694 ita
1308 4654 1436 4695 movere
1472 4635 1601 4713 possint,
1637 4646 1671 4694 ut

392 4741 526 4801 affutura
550 4742 599 4801 die
624 4741 778 4814 sabbathi,
802 4742 831 4800 id
857 4752 904 4800 est
928 4743 1029 4820 prima
1046 4743 1136 4817 iunii,
1160 4743 1192 4802 in
1215 4743 1313 4822 pratis
1337 4744 1671 4806 Hrasztoviczensibus

392 4849 454 4924 (ubi
480 4849 657 4910 immediate
682 4850 825 4928 sequenti
841 4851 891 4909 die
908 4847 1081 4910 dominico²
1097 4852 1196 4911 lustra
1211 4851 1315 4910 lutura
1332 4853 1390 4923 est)
1407 4862 1509 4911 semet
1525 4852 1672 4924 sistendo

392 4956 465 5015 inibi
489 4956 529 5016 ab
553 4957 750 5016 ulterioribus
774 4967 904 5017 eatenus
918 4957 1174 5036 dispositionibus
1189 4958 1304 5018 nostris
1322 4960 1507 5036 praestolari
1525 4961 1670 5033 debeant,
