3934 5550
400 396 465 463 526

397 618 533 679 munitas
549 617 665 677 nullum
683 623 882 676 exstraneum
906 614 1018 676 eadem
1039 617 1123 676 bona
1138 633 1242 677 emere
1258 613 1423 695 permittet
1439 613 1675 694 Superindeque

396 745 503 786 curam
534 725 650 806 agendi
681 723 808 784 confidit
839 724 965 784 domino
997 724 1101 784 comiti
1128 723 1231 785 loanni
1256 724 1388 804 Vagich‚
1412 723 1553 804 Georgio
1577 725 1669 785 Suaz·

393 835 530 912 to[uich],
553 835 638 906 fisco,
672 831 819 892 Michaeli
848 831 973 905 Mixich,
999 829 1158 911 Stephano
1183 832 1338 910 Pepelich,
1364 832 1494 911 aliisque
1519 833 1674 893 iratribus.

1146 993 1289 1053 Andreas
1306 993 1561 1072 Chednekouich,

1103 1121 1208 1161 comes
1243 1109 1274 1160 et
1310 1101 1447 1161 notarius
1483 1121 1522 1166 rn.
1560 1121 1589 1180 p.

969 1299 984 1330 a
1093 1297 1106 1324 ιι

1031 1341 1045 1374 *

510 1519 593 1583 1633
627 1521 677 1581 die
705 1519 752 1580 ll.
777 1519 894 1579 mensis
917 1519 990 1596 iulii,
1014 1519 1044 1579 in
1069 1520 1196 1579 castello
1225 1520 1401 1594 Lukauecz,
1425 1520 1509 1581 lacta
1533 1531 1581 1581 est
1605 1542 1676 1583 con-

396 1630 541 1710 gregatio
565 1627 722 1710 generalis
747 1625 957 1686 universitatis
980 1626 1128 1685 nobilium
1154 1625 1267 1704 Campi
1289 1627 1522 1707 Zagrabiensis.

508 1754 533 1816 l.
557 1756 619 1814 Pro
642 1753 732 1814 bonis
756 1754 797 1812 ad
821 1751 1021 1812 vendendum
1045 1752 1193 1831 expositis
1228 1752 1347 1832 egregii
1365 1751 1495 1834 Georgii
1520 1755 1677 1814 Malenich

397 1863 574 1941 ubicunque
597 1863 627 1922 in
659 1862 720 1921 hoc
750 1859 873 1939 Campo
904 1859 1112 1939 Zagrabiensi
1138 1859 1260 1930 habitis,
1293 1879 1362 1919 cum
1396 1861 1506 1920 eodem
1539 1861 1678 1941 Georgio

399 1971 553 2031 Malenich
588 1970 707 2030 ratione
735 1969 829 2048 precii
855 1969 1026 2028 eorundem
1062 1967 1215 2028 bonorum
1239 1968 1393 2027 tractandi
1417 1976 1448 2027 et
1472 1969 1676 2028 concludendi

396 2079 571 2160 eliguntur:
607 2077 752 2138 domiuus
787 2095 901 2149 comes,
933 2076 1037 2150 liscuS,
1062 2075 1253 2152 capitaneus,
1287 2075 1420 2134 loannes
1444 2075 1586 2154 Vagych‚
1610 2076 1678 2134 Ste-

395 2187 517 2265 phanus
540 2185 698 2263 Pepelyeh
723 2192 754 2243 et
779 2184 838 2244 alii.

1301 2291 1387 2350 Idem
1412 2309 1518 2350 comes
1541 2311 1580 2350 m.
1605 2311 1633 2369 p.

969 2402 985 2438 *
1094 2402 1110 2438 *

1030 2453 1046 2488 *

506 2617 599 2683 1633.
622 2619 782 2680 Sabbatho
814 2619 955 2698 proximo
978 2627 1050 2696 post
1073 2618 1186 2678 lestum
1218 2619 1302 2679 beati
1335 2620 1502 2700 Augustini
1534 2619 1671 2698 episcopi

398 2739 429 2792 et
453 2722 612 2804 doctoris,⁵
631 2727 662 2787 in
693 2727 806 2790 Maiori
830 2727 963 2787 Goricza
987 2725 1071 2787 lacta
1094 2734 1142 2787 est
1165 2727 1322 2807 generalis
1347 2727 1562 2788 conventicula
1588 2727 1673 2787 nobi·

399 2838 473 2898 lium
496 2836 610 2915 Campi
640 2835 870 2915 Zagrabiensis.

509 2963 534 3025 l.
556 2963 605 3021 Ex
629 2980 691 3040 quo
716 2961 865 3021 Matthias
898 2960 1031 3037 Milsych
1056 2962 1095 3020 de
1118 2960 1212 3039 Nagh
1237 2960 1353 3036 Mlaka,
1377 2970 1485 3021 contra
1510 2960 1675 3040 egregium

396 3072 593 3132 Matthaeum
616 3069 797 3148 Pogledycb
814 3070 853 3129 de
869 3067 1046 3141 Kuriloucz,
1073 3067 1167 3125 veluti
1184 3067 1382 3145 capitaneum
1398 3068 1547 3127 nobilium
1564 3048 1679 3145 Campi

396 3177 627 3260 Zagrabiensis,
662 3177 780 3236 ratione
813 3175 976 3235 cuiusdam
1008 3174 1127 3255 negotii
1161 3173 1273 3249 furtivi,
1304 3175 1348 3233 uti
1378 3175 1600 3253 praetenditur,
1636 3175 1676 3235 ad

398 3295 535 3347 castrum
567 3283 731 3344 Zredichki
765 3284 796 3343 in
828 3281 969 3343 confiniis
1001 3281 1242 3361 Colapiensibus
1265 3282 1387 3361 patrati,
1412 3283 1545 3360 primum
1569 3301 1676 3342 coram

397 3394 523 3455 domino
548 3392 661 3451 comite
687 3392 759 3451 dicti
784 3390 896 3468 Campi
921 3390 1155 3471 Zagrabiensis,
1173 3396 1285 3468 postea
1308 3409 1383 3449 vero
1408 3404 1514 3449 coram
1537 3389 1675 3449 illustris-

398 3502 477 3562 simo
501 3501 626 3560 domino
658 3499 770 3559 comite
795 3507 826 3558 et
848 3498 932 3559 bano
955 3498 1158 3578 Sigismundo
1181 3498 1318 3557 Erdeodi
1342 3499 1500 3576 quandam
1524 3498 1676 3576 querimo-

398 3610 483 3669 niam
505 3608 640 3681 fecisset,
672 3608 755 3685 quod
778 3606 922 3667 nimirum
946 3606 1105 3685 praelatus
1129 3606 1281 3666 Matthias
1306 3606 1438 3683 Milsych
1464 3626 1518 3685 per
1543 3607 1677 3667 eundern

398 3716 595 3796 capitaneum
618 3714 650 3774 in
674 3713 815 3775 confiniis
851 3714 996 3788 existens,
1032 3714 1215 3775 iudicialiter
1245 3722 1354 3774 contra
1386 3722 1488 3774 certos
1524 3734 1676 3793 personas

396 3825 428 3883 in
450 3822 599 3903 homagio
632 3840 689 3881 suo
720 3820 793 3880 vivo
825 3822 987 3881 convictus
1011 3831 1042 3881 et
1066 3830 1260 3902 aggravatus
1285 3821 1454 3898 extitisset;
1487 3828 1676 3900 quapropter

398 3932 572 4009 stat[ut]um
589 3937 645 4004 est,
668 3938 703 3989 ut
721 3928 869 4007 deinceps
892 3929 1074 4008 capitaneus
1097 3928 1285 4009 ubicumque
1309 3929 1401 3989 fuerit
1425 3936 1513 3989 extra
1537 3928 1675 3989 iurisdic-

396 4038 513 4099 tionem
545 4037 618 4097 dicti
651 4036 764 4115 Campi
795 4036 1027 4117 Zagrabiensis,
1057 4037 1137 4097 tales
1167 4055 1320 4114 personas
1351 4036 1534 4097 iudicialiter
1562 4055 1676 4116 aggra-

398 4165 472 4207 vare
504 4166 567 4206 non
600 4152 790 4223 praesumat,
822 4146 878 4204 sed
910 4145 1000 4205 solito
1032 4154 1063 4205 et
1096 4145 1369 4205 consvetudinario
1400 4164 1496 4219 more,
1526 4164 1679 4223 personas

397 4254 455 4315 sub
479 4253 678 4332 capitaneatu
702 4272 759 4312 suo
783 4252 951 4313 existentes
979 4253 1095 4331 puniat,
1130 4253 1275 4313 videlicet
1305 4253 1336 4313 in
1367 4254 1537 4313 maioribus
1569 4272 1676 4313 exces-

397 4362 483 4423 sibus
501 4361 600 4421 tribus
631 4359 845 4435 rhenensibus,
881 4361 912 4420 in
942 4361 1112 4421 minoribus
1136 4380 1211 4421 vero
1243 4380 1305 4421 uno
1329 4362 1448 4421 floreno
1472 4361 1674 4442 hungaricali,

396 4469 440 4531 ita
463 4478 576 4546 tamen,
601 4477 635 4527 ut
658 4467 825 4546 appellatio
861 4468 932 4527 dicti
968 4468 1123 4547 capitanei
1159 4470 1199 4529 ad
1235 4470 1446 4547 praesentiam
1481 4468 1598 4529 domini
1622 4488 1675 4529 co·

396 4577 479 4637 mitis
503 4575 616 4654 Campi
640 4574 863 4654 Zagrabiensis
886 4583 1082 4653 provocetur.

503 4701 531 4764 2.
555 4702 718 4761 Haeredes
748 4700 860 4760 nobilis
891 4700 964 4759 olim
997 4701 1143 4761 Andreae
1174 4702 1381 4779 Franethych,
1414 4722 1452 4761 ex
1483 4719 1545 4782 quo
1570 4709 1675 4763 essent

396 4810 527 4888 orphani
550 4817 581 4869 et
604 4809 635 4868 in
660 4817 763 4868 aetate
788 4809 925 4867 nondum
957 4820 1076 4880 exacta,
1101 4830 1120 4869 a
1143 4810 1304 4888 quibusvis
1329 4808 1577 4887 expeditionibus
1602 4828 1674 4869 con·

396 4916 522 4976 finiariis
546 4915 721 4975 eximuntur
745 4926 776 4975 et
799 4916 995 4977 eliberantur.
