3934 5550
1523 430 1565 493 29

286 637 430 717 dominus
461 649 567 699 noster
597 639 854 719 gratiosissimus,
884 641 974 702 nobis
1007 643 1161 704 universis
1193 646 1327 707 statibus
1351 655 1383 707 et
1405 648 1565 708 ordinibus

285 766 454 825 regnorum
472 746 637 825 ,Croatiae,
673 756 704 807 et
737 748 942 825 Sclauoniae,
980 751 1124 811 fidelibus
1165 753 1296 813 subditis
1335 755 1565 815 sacratissimae

285 873 455 921 caesareae
479 864 510 915 et
534 855 641 933 regiae
670 855 852 930 maiestatis,
876 858 992 917 domini
1018 868 1047 918 et
1071 860 1157 939 regis
1189 862 1287 921 nostri
1319 864 1470 935 naturalis
1504 864 1564 923 cle-

286 962 480 1035 mentissimi,
504 963 589 1021 iuxta
614 963 719 1023 literas
751 983 828 1025 suae
861 966 1039 1040 serenitatis
1071 968 1327 1045 credentionales,
1359 991 1415 1049 per
1445 972 1565 1051 magni-

285 1069 380 1148 licum
396 1069 555 1149 domiuum
581 1070 685 1129 Vitum
712 1067 751 1140 ab
775 1072 897 1147 Hallek,
921 1073 1131 1134 consiliarium
1156 1084 1188 1135 et
1210 1096 1390 1156 supremum
1414 1093 1492 1140 suae
1516 1054 1564 1138 se-

285 1166 427 1249 renitatis
457 1177 701 1257 vicegerentem,
731 1178 763 1237 in
796 1179 938 1239 confiniis
973 1180 1065 1240 huius
1088 1182 1178 1261 regni
1201 1184 1388 1263 Sclauoniae
1410 1184 1565 1244 commis·

286 1286 402 1348 sarium
434 1294 466 1350 et
497 1286 637 1365 legatum
670 1304 747 1345 suae
779 1286 965 1360 serenitatis,
998 1288 1029 1350 iu
1056 1288 1179 1367 scriptis
1203 1300 1305 1351 certos
1330 1290 1477 1353 articulos
1511 1311 1567 1369 per

287 1393 463 1473 praelatum
488 1393 647 1453 dominum
663 1392 770 1451 Vitum
794 1393 835 1453 ab
858 1395 981 1470 Hallelr‚
1005 1396 1214 1483 personaliter
1233 1398 1264 1457 in
1288 1398 1446 1476 praesenti
1470 1418 1565 1479 gene

285 1500 343 1562 rali
365 1508 522 1560 conventu
553 1509 669 1575 nostro,
700 1500 827 1561 domino
861 1509 967 1561 nostro
1003 1503 1094 1575 bano,
1130 1504 1324 1584 statibusque
1349 1514 1380 1566 et
1403 1506 1563 1581 ordinibus

287 1609 449 1686 universis,
472 1608 522 1669 hic
546 1609 638 1668 simul
661 1609 872 1689 congregatis,
899 1611 1036 1671 exhiberi
1061 1620 1093 1671 et
1115 1614 1310 1691 praesentari
1333 1632 1391 1673 sua
1415 1614 1567 1675 serenitas

287 1716 497 1779 demandavit,
522 1715 644 1793 Quibus
672 1716 809 1776 articulis
832 1737 899 1792 nos,
923 1737 1047 1777 summa
1071 1740 1140 1779 cum
1173 1720 1359 1795 obedientia,
1384 1742 1401 1781 a
1426 1722 1566 1801 praelato

286 1825 412 1905 domino
444 1826 517 1884 Vito
549 1824 588 1884 ab
619 1824 741 1896 Hallek,
772 1824 899 1883 nomine
922 1844 1000 1885 suae
1024 1826 1201 1887 serenitatis
1225 1829 1315 1889 nobis
1340 1830 1491 1903 exhibitis
1516 1850 1565 1889 ac·

286 1934 384 2013 ceptis
401 1934 470 2012 ⁴de·
493 1931 674 2011 eisdemque
710 1939 833 1991 maturo
862 1933 991 1993 consilio
1021 1943 1051 1993 et
1087 1936 1310 1996 deliberatione
1353 1938 1566 2013 tractavimus,

285 2060 425 2121 suaeque
449 2040 618 2113 serenitati,
633 2048 783 2118 tanquam
808 2040 934 2099 domiuo
958 2050 990 2099 et
1013 2042 1144 2121 principi
1168 2043 1405 2122 gratiosissimo,
1430 2046 1469 2105 ad
1494 2064 1566 2103 con-

286 2158 373 2209 tenta
397 2148 609 2228 praefatorum
626 2147 837 2235 articulorum,
860 2148 954 2208 modo
977 2148 1058 2209 infra
1079 2151 1231 2210 denotato
1247 2150 1386 2211 seriatim
1407 2151 1566 2233 humilime

287 2258 476 2337 respondere
499 2256 656 2336 volumus
1157 2324 1160 2332 Α
1492 2330 1497 2339 ἱ

289 2426 292 2429 ⁴
393 2366 474 2424 Cum
509 2383 568 2423 sua
602 2363 764 2441 serenitas,
800 2364 861 2423 deo
898 2364 1018 2442 optimo
1054 2366 1190 2426 maximo
1226 2367 1393 2426 auxiliante
1430 2376 1461 2426 et
1496 2387 1566 2426 coa-

286 2474 444 2548 diuvaute‚
468 2480 589 2552 mature
620 2471 850 2548 deliberaverit,
873 2482 907 2532 ut
923 2474 963 2532 ad
987 2473 1101 2533 festum
1125 2475 1210 2535 beati
1240 2475 1399 2536 Laurentii
1431 2476 1566 2545 martiris

286 2600 396 2663 usque,
429 2580 600 2640 exercitum
632 2579 866 2655 validissimum,
890 2590 955 2641 tam
979 2590 1167 2661 equestrem,
1191 2603 1292 2662 quam,
1309 2584 1496 2662 pedestrem,
1519 2584 1564 2645 di-

287 2709 448 2767 versarum
478 2688 648 2762 nationum,
679 2687 710 2747 iu
741 2688 882 2766 partibus
918 2689 985 2748 istis
1021 2708 1227 2771 congregare,
1260 2700 1291 2751 et
1323 2691 1353 2750 in
1385 2702 1489 2752 castra
1521 2694 1562 2751 lo·

286 2818 358 2864 care
391 2797 553 2877 proposuit
587 2805 618 2857 et
648 2797 796 2873 decrevit,
826 2797 1027 2856 certificando
1058 2818 1116 2857 nos
1147 2799 1256 2858 fideles
1289 2809 1388 2860 status
1420 2810 1450 2860 et
1481 2802 1562 2860 ordi-

286 2928 342 2972 nes
373 2925 484 2967 sacrae
515 2923 684 2966 caesareae
718 2913 749 2964 et
780 2904 893 2984 regiae
919 2905 1093 2965 maiestatis
1123 2907 1233 2966 horum
1265 2927 1432 2988 regnorum
1463 2909 1561 2980 Croa-

286 3017 349 3080 tiae
381 3023 412 3075 et
441 3013 638 3089 Sclauoniae,
670 3013 717 3087 de
740 3013 832 3072 certis
853 3013 987 3072 decretis
1014 3032 1091 3073 suae
1115 2999 1300 3092 serenitatis,
1324 3025 1430 3075 contra
1455 3017 1561 3075 hostes

285 3125 357 3186 fidei
382 3123 582 3183 Christianae
606 3123 728 3182 Turcas
747 3122 963 3200 experiendos,
980 3131 1012 3182 et
1028 3123 1121 3183 certis
1138 3125 1213 3184 locis
1229 3125 1366 3184 finitimis
1391 3125 1562 3204 erigendis;

286 3234 326 3294 ob
350 3251 445 3312 quam
469 3231 621 3290 rationem
651 3229 805 3290 serenitas
829 3248 887 3289 sua
907 3232 1076 3291 clementer
1101 3232 1185 3310 cupit
1209 3243 1239 3292 et
1263 3234 1338 3306 vult,
1362 3242 1396 3291 ut
1419 3233 1562 3291 dominus

286 3343 387 3402 banus
409 3339 501 3399 huius
523 3339 623 3419 regni,
647 3358 719 3398 cum
743 3339 807 3397 suis
831 3338 987 3414 militibus,
1019 3359 1077 3398 nos
1110 3360 1235 3419 quoque
1259 3349 1358 3418 status
1383 3351 1414 3399 et
1437 3340 1562 3415 ordines

286 3448 515 3529 praedictorum
547 3465 716 3526 regnorum
749 3445 907 3520 Croatiae,
938 3447 1018 3506 bene
1054 3447 1148 3506 armis
1173 3448 1303 3508 accincti
1339 3468 1375 3508 ac
1411 3447 1562 3526 apparati,

286 3558 352 3623 sine
376 3556 513 3615 ulteriori
548 3566 644 3627 mora,
668 3555 700 3613 in
723 3563 827 3614 castra
850 3575 909 3614 nos
933 3555 1074 3616 conferre
1099 3556 1293 3628 deberemus
1318 3566 1350 3614 ut
1375 3565 1446 3615 ante
1471 3575 1560 3632 prae-

284 3673 402 3726 tactum
426 3664 540 3724 festum
563 3661 648 3722 beati
672 3662 829 3722 Laurentii
854 3662 998 3739 martiris,
1016 3681 1062 3735 e0,
1078 3682 1139 3740 quo
1157 3683 1232 3722 suae
1258 3663 1417 3722 serenitati
1441 3664 1557 3722 libitum

282 3773 383 3848 luerit,
407 3773 438 3831 in
461 3770 699 3850 expeditionem,
724 3770 908 3848 praesertim
933 3789 1008 3830 vero
1033 3771 1223 3846 Croatieam,
1244 3779 1364 3854 mature
1389 3773 1559 3849 procedere

283 3900 392 3942 omues
419 3879 623 3950 deberemus;
648 3878 845 3937 admonendo
866 3897 924 3936 nos
950 3886 1050 3936 status
1076 3887 1106 3936 et
1130 3879 1255 3936 ordines
1286 3879 1383 3958 regui,
1409 3881 1447 3938 de
1472 3899 1560 3957 prrae-

284 3989 396 4050 stando
425 3995 511 4046 certo
543 4005 672 4044 numero
708 3985 895 4057 victualium,
928 3985 1039 4044 maiori
1071 3996 1177 4044 tamen
1210 3995 1297 4064 parte
1331 3988 1449 4064 absque
1479 3989 1560 4046 solu·

284 4098 376 4166 tioue,
408 4094 477 4154 aliis
507 4102 611 4153 autem
642 4092 794 4152 tolerabili
818 4102 848 4151 et
872 4093 1061 4171 competenti
1092 4095 1211 4172 praetio
1244 4096 1441 4172 praestando,
1465 4097 1557 4154 etde

286 4216 413 4265 rectura
445 4222 579 4282 quoque,
603 4221 641 4261 eo
665 4221 727 4280 quo
750 4203 923 4262 necessitas
954 4211 1082 4281 urgeret
1107 4211 1137 4261 et
1161 4213 1351 4280 exposceret,
1377 4225 1446 4263 cum
1480 4206 1557 4264 haec

284 4312 439 4390 expeditio
464 4328 541 4370 suae
565 4309 741 4369 serenitatis
765 4311 877 4382 lutura,
902 4309 931 4368 in
956 4329 1105 4389 maguum
1130 4310 1343 4370 defensionem
1374 4311 1559 4386 libertatum,

283 4432 314 4481 et
337 4429 462 4480 nostrae
488 4417 690 4477 charissimae
714 4417 843 4494 patriae,
868 4437 905 4475 ac
929 4426 1106 4476 nostrorum
1130 4418 1267 4476 oxnnium
1293 4427 1445 4496 vergeret.

391 4529 441 4587 hd
458 4547 552 4606 quem
568 4526 701 4604 primum
726 4525 887 4584 articulum
906 4535 937 4584 et
953 4525 1203 4603 postulationem,
1220 4544 1276 4584 nos
1300 4525 1437 4584 universi
1461 4534 1561 4584 status

283 4647 313 4698 et
337 4636 461 4696 ordines
486 4653 653 4714 reguortuu
679 4632 827 4692 Croatiae
852 4642 883 4692 et
905 4633 1101 4706 Scluuoniue,
1119 4653 1195 4692 suae
1219 4633 1377 4692 serenitati
1402 4633 1559 4692 humilime

283 4744 535 4823 respondendum
558 4761 629 4801 esse
647 4741 799 4814 duximus,
815 4742 899 4819 quod
916 4741 1060 4800 dominus
1077 4750 1181 4801 noster
1198 4750 1229 4800 et
1244 4759 1413 4819 regnorum
1431 4740 1559 4800 istorum

281 4853 391 4924 banus,
423 4869 485 4909 una
517 4849 680 4908 nobiscum
711 4849 854 4908 fidelibus
887 4849 1019 4908 statibus
1052 4859 1083 4908 et
1115 4849 1274 4908 ordinibus
1309 4867 1418 4908 sacrae
1452 4867 1559 4908 caesar

284 4979 357 5029 reae
379 4959 488 5039 regiae
512 4956 695 5034 maiestatis,
718 4955 835 5020 domini
860 4965 891 5020 et
914 4956 1000 5040 regis
1024 4956 1122 5016 nostri
1143 4956 1292 5018 naturalis
1317 4955 1559 5032 clementissimi,
