3934 5550
1491 342 1532 407 25

253 557 342 623 dislai
367 558 599 640 Bwlrowachlry
623 558 662 623 de
687 560 906 639 Bwlrowyeza,
930 558 1019 643 regui
1044 560 1210 622 Sclauonie
1236 560 1386 633 vicebaui
1420 580 1456 620 ac
1480 580 1530 621 co-

253 672 419 730 mitatuum
443 671 665 750 Zagrabiensis
689 680 721 730 et
744 670 912 730 Crisieusis
936 670 1066 743 comitis,
1090 670 1248 749 quandam
1266 677 1380 729 terram
1394 668 1532 747 ipsorum

253 779 403 839 arabilem
428 780 694 858 Bregodemycza
717 787 874 851 vocatam,
899 778 939 837 ad
963 785 1110 857 quattuor
1125 778 1236 857 iugera
1251 796 1286 836 se
1303 776 1522 836 extendentem

252 886 439 966 empticiam,
463 886 513 945 cui
537 887 577 946 ab
601 886 743 945 orientali
766 896 851 945 terra
875 885 1002 945 arabilis
1027 885 1227 963 providorum
1252 883 1388 944 Simonis
1414 882 1532 958 Polyalr

253 1003 284 1054 et
306 996 428 1054 Thome
452 994 634 1071 Doychych,
658 994 837 1054 colonorum
863 993 960 1072 ipsius
985 992 1121 1053 Ladislai
1155 992 1390 1067 Bwlrowachky
1422 998 1453 1049 et
1476 1010 1530 1070 ge·

251 1121 364 1161 nerose
387 1102 513 1163 domine
537 1101 707 1162 Catherine
733 1102 927 1177 Kyssewych
953 1102 992 1160 de
1027 1099 1187 1177 Superiori
1216 1100 1427 1176 Lornpnycza,
1458 1118 1531 1157 con·

252 1209 344 1269 sortis
368 1209 518 1281 eiusdem,
543 1228 561 1267 a
585 1208 780 1268 meridionali
805 1208 853 1267 via
879 1208 1002 1285 publica
1028 1227 1066 1266 ex
1082 1214 1219 1267 torrente
1244 1206 1331 1265 Odra
1348 1225 1458 1267 versus
1474 1206 1531 1263 flu·

252 1316 336 1375 vium
361 1318 562 1394 Lompnycza
584 1318 726 1391 tendens,
742 1317 781 1376 ab
805 1316 991 1376 occidentali
1014 1324 1098 1374 terra
1122 1314 1247 1374 arabilis
1270 1314 1392 1393 egregii
1416 1312 1532 1376 domiui

255 1424 389 1484 Matthei
410 1424 524 1485 literati
540 1425 746 1500 Zalathnoky,
762 1424 867 1483 fratris
883 1432 915 1482 et
929 1422 1050 1483 comitis
1069 1421 1165 1481 nostri
1182 1422 1345 1495 terrestris,
1363 1442 1381 1479 a
1397 1431 1531 1499 septem·

254 1532 376 1591 trionali
399 1532 553 1611 siquidem
577 1532 717 1612 partibus
742 1531 842 1591 dictus
867 1541 988 1590 torrens
1012 1530 1100 1589 Odra
1132 1530 1315 1605 vicinantur,
1343 1528 1469 1588 omuino
1502 1528 1532 1587 in

252 1639 406 1698 territorio
430 1658 485 1699 seu
509 1659 622 1717 campo
646 1638 855 1717 possessionis
879 1638 1050 1698 eorundem
1075 1636 1222 1696 nobilium
1246 1636 1394 1713 Superior
1419 1635 1531 1693 kaa-

254 1766 350 1821 wecz,
375 1767 412 1805 ac
436 1746 559 1825 Campo
584 1756 614 1807 et
639 1746 786 1805 comitatu
811 1744 1018 1825 Zagrabiensi
1042 1744 1226 1803 existentem
1261 1743 1407 1817 habitam,
1439 1743 1530 1803 simul

253 1874 324 1913 cum
349 1854 468 1913 cunctis
492 1854 632 1914 eiusdem
656 1861 738 1913 terre
764 1853 953 1925 utilitatibus,
977 1852 1106 1911 iamfato
1131 1852 1256 1910 domiuo
1281 1851 1427 1911 Ladislao
1462 1852 1531 1909 Bw·

252 1962 437 2037 kowachlry,
461 1962 613 2021 vicebano
637 1972 669 2022 et
692 1961 806 2037 comiti,
838 1970 868 2020 et
897 1960 1065 2020 heredibus
1098 1959 1238 2019 eiusdem
1276 1958 1429 2018 universis
1466 1959 1531 2019 iure

209 2054 214 2064 ¹
252 2076 402 2147 perpetuo
426 2068 563 2130 donavit.

357 2191 547 2245 Protocollum
576 2208 763 2259 processuum
789 2199 818 2245 et
842 2192 1009 2245 iudiciorum
1037 2190 1103 2243 nob.
1129 2188 1228 2257 Campi
1255 2188 1332 2260 Zagr.
1359 2205 1385 2257 p.
1414 2187 1472 2243 165.
1499 2189 1530 2241 ln

252 2282 368 2335 archivo
387 2298 531 2337 commun.
550 2283 617 2336 noh.
637 2283 674 2335 de
693 2282 855 2352 Turopolje.

859 2565 929 2635 10.

357 2766 450 2828 Anno
477 2763 570 2829 ¹572.
595 2766 624 2829 2.
648 2766 723 2827 iunii
746 2759 929 2849 Zagrabiae.

252 2962 378 3028 Coram
396 2961 571 3026 Malthace
586 2961 808 3047 Zalutlmoky,
825 2963 947 3026 comite
959 2961 1118 3027 terrestri
1132 2957 1259 3047 'Campi
1274 2961 1529 3048 Zugrabiensis,

249 3070 379 3136 nobiles
406 3067 607 3152 Gerdenyclt
628 3068 669 3132 de
700 3067 870 3154 [arehych
901 3069 1103 3134 Michaelern
1143 3068 1334 3155 Walwnych
1365 3069 1405 3134 de
1436 3069 1528 3134 Kra-

720 3177 860 3241 wurzka
882 3176 1057 3262 adoptant.

356 3380 423 3439 Nos
446 3379 608 3438 Mattheus
631 3377 770 3436 literatus
795 3377 991 3452 Zalathnolry
1015 3377 1054 3436 de
1079 3377 1262 3450 Zalathnolr,
1295 3397 1401 3438 comes
1433 3387 1527 3437 terre·

251 3488 321 3547 stris
345 3487 494 3547 nobilium
518 3485 631 3562 Campi
655 3484 878 3564 Zagrabiensis
895 3485 1044 3544 memorie
1062 3486 1318 3544 commendamus
1333 3493 1441 3544 tenore
1459 3505 1527 3563 pre·

249 3591 389 3651 sericium
413 3592 627 3671 significantes
650 3592 762 3671 quibus
795 3591 920 3670 expedit
953 3592 1116 3666 universiS,
1151 3592 1234 3670 quod
1269 3593 1390 3652 nobiles
1424 3593 1528 3652 senior

248 3701 426 3778 Stephanus
462 3700 650 3776 Gerdenych
685 3701 725 3759 de
760 3700 920 3775 larebych,
955 3699 1105 3775 Quirinus
1140 3699 1222 3760 idem
1260 3701 1299 3760 de
1334 3701 1455 3777 eadem,
1492 3721 1527 3760 ac

249 3808 412 3883 lohannes,
433 3807 511 3867 alter
533 3807 712 3885 Stephanus
736 3807 835 3866 iunior
859 3815 890 3866 et
912 3807 1021 3866 Simon
1046 3805 1184 3866 similiter
1212 3807 1400 3882 Gerdenych
1425 3807 1526 3867 vocati

251 3915 293 3974 de
317 3914 429 3974 eadem
453 3915 613 3992 larebych,
636 3933 693 3993 pro
716 3934 751 3974 se
775 3915 850 3992 ipsis
874 3913 1087 3992 personaliter,
1113 3933 1149 3973 ac
1183 3913 1301 3973 eisdem
1330 3932 1386 3992 pro
1416 3915 1527 3974 ceteris

247 4022 395 4082 fratribus
418 4023 556 4099 ipsorum
581 4022 759 4083 carnalibus
784 4031 815 4081 et
846 4021 974 4080 uterinis
1006 4029 1100 4099 atque
1133 4020 1428 4080 condivisionalibus
1459 4021 1526 4080 sine

248 4129 344 4190 literis
367 4107 600 4207 procuratoriis,
623 4130 770 4188 oneribus
794 4137 825 4188 et
857 4128 1045 4207 quibuslibet
1076 4128 1311 4208 gravaminibus
1347 4129 1526 4200 eorundem,

249 4257 286 4297 ac
323 4236 454 4296 aliorum
488 4236 704 4296 universorum
742 4245 772 4295 et
803 4236 1011 4314 quorumlibet
1041 4236 1179 4308 fratrum,
1212 4235 1526 4314 consangvineorum,

249 4344 470 4423 proximorum,
493 4343 688 4422 proliumque
713 4355 743 4403 et
767 4342 906 4402 affinium
931 4361 1067 4418 suorum,
1084 4362 1162 4422 quos
1179 4343 1408 4421 infrascriptum
1425 4343 1526 4422 tangit

249 4473 305 4513 seu
329 4462 461 4533 tangere
484 4461 592 4530 posset
615 4452 781 4531 negocium
805 4452 953 4530 quolquo]
979 4453 1073 4511 modo
1097 4452 1126 4511 in
1151 4452 1296 4525 futurum,
1329 4451 1354 4511 si
1378 4452 1471 4511 iidem
1495 4451 1526 4510 in

248 4560 450 4639 infrascriptis
474 4569 649 4638 temporum
672 4560 704 4619 in
727 4578 877 4637 processu
900 4559 1067 4636 persistere
1092 4560 1215 4632 nollent,
1240 4559 1270 4618 in
1304 4579 1338 4618 se
1362 4559 1446 4636 ipsos
1470 4578 1526 4637 per

249 4669 353 4729 omnia
378 4668 547 4748 assumptis
571 4676 602 4728 et
625 4668 745 4747 levatis,
769 4686 874 4728 curam
907 4667 997 4726 nobis
1029 4667 1196 4740 constituti,
1229 4675 1339 4744 sponte
1370 4675 1401 4725 et
1429 4665 1524 4726 libere

248 4795 304 4856 per
335 4777 464 4836 eosdem
494 4777 649 4836 seniorem
682 4776 876 4853 Stephanum
913 4795 950 4833 ac
983 4775 1156 4850 Quirinum,
1193 4775 1370 4848 Iohannem,
1395 4775 1524 4834 alterum

248 4884 442 4962 Stephanum
466 4883 629 4959 iuniorum,
653 4903 690 4942 ac
722 4884 881 4942 Simonem
914 4882 1111 4958 Gerdenych,
1145 4883 1173 4941 in
1205 4883 1270 4942 suis
1301 4903 1339 4941 ac
1370 4883 1522 4942 dictorum
