3934 5550
1477 487 1536 549 591

265 715 419 764 moratam
443 705 472 763 in
498 723 627 763 causam
652 711 816 762 attractam
841 703 871 760 in
897 701 944 760 ius
961 710 992 760 et
1009 719 1136 760 causam
1152 701 1330 776 convenire,
1346 702 1541 782 eandemque

265 812 360 873 veluti
388 812 481 871 modo
511 809 640 890 praevio
670 829 790 890 sagam,
822 810 863 868 ad
893 809 1079 869 revelandos
1103 808 1270 886 complices
1305 818 1336 868 et
1360 810 1538 890 detegenda
1585 841 1594 853 ·

265 923 419 980 scelerata
431 939 488 979 sua
500 919 583 978 facta
595 919 695 997 primo
707 926 846 977 torturae
863 917 981 991 subiici,
996 925 1105 995 expost
1115 936 1189 976 vero
1202 918 1242 977 ad
1252 917 1396 978 horribile
1412 919 1539 979 aliorum

265 1030 440 1107 exemplum
457 1046 535 1108 rogo
551 1028 655 1086 vivam
673 1027 944 1099 concremandam,
967 1009 1019 1084 vel
1038 1034 1129 1104 prout
1153 1024 1210 1084 iuri
1234 1035 1265 1085 et
1288 1026 1423 1086 iustitiae
1440 1027 1540 1086 visum

264 1137 356 1196 suerit
379 1136 470 1196 morti
493 1135 812 1196 adiudicariDatum
836 1133 912 1193 Also
929 1133 1104 1206 Lukavecz,
1128 1133 1178 1192 die
1207 1130 1254 1194 12.
1268 1133 1384 1193 mensis
1401 1133 1542 1209 ianuarii,

266 1263 348 1304 anno
377 1241 468 1303 1734.

762 1331 847 1391 ldern
871 1329 1021 1389 Matthias
1046 1329 1170 1403 Mixich,
1195 1330 1380 1390 substitutus
1403 1351 1443 1391 m.
1467 1351 1496 1409 p.

371 1495 416 1552 ln
451 1494 605 1553 dorso:
631 1528 670 1536 —
698 1493 734 1553 D.
761 1526 801 1535 -
827 1490 989 1570 Originale
1015 1490 1145 1549 actionis
1169 1489 1348 1550 intronotati
1372 1491 1487 1550 fiscalis
1511 1501 1542 1552 et

266 1602 388 1674 actoris,
413 1608 521 1660 contra
552 1608 584 1660 et
615 1599 768 1659 adversus
802 1598 1037 1679 Margaretham
1073 1596 1205 1656 Wchich
1240 1597 1369 1678 Georgii
1404 1599 1542 1658 Skvorcz

265 1717 451 1783 consortem,
483 1708 577 1767 veluti
609 1708 703 1767 modo
727 1707 915 1766 intronotato
948 1723 1059 1786 sagam
1090 1713 1121 1764 et
1152 1705 1182 1764 in
1217 1723 1343 1764 causam
1369 1713 1542 1768 attractam.

193 1887 200 1896 .
265 1817 431 1876 Terminus
462 1815 620 1894 praefixus
650 1815 680 1874 in
713 1814 841 1874 castello
874 1813 1041 1872 Lulrauecz
1074 1830 1130 1890 pro
1166 1811 1215 1871 die
1251 1809 1301 1871 26.
1331 1813 1447 1872 mensis
1475 1833 1541 1873 cur·

264 1925 362 1984 rentis
387 1923 519 1985 ianuarii
547 1920 639 1982 1734.
729 2003 732 2007 1

938 2011 999 2069 Per
1023 2010 1156 2068 eundem
1180 2008 1380 2069 substitutum
1404 2031 1443 2070 m.
1467 2031 1516 2092 p„

835 2156 850 2188 ss
958 2155 972 2186 ’.ἕ

896 2199 911 2230 ιιι

371 2317 461 2376 Actio
485 2315 632 2396 generosi
656 2315 808 2375 Matthiae
833 2313 970 2388 Mudich‚
994 2331 1056 2392 qua
1080 2313 1214 2388 inclytae
1235 2313 1404 2374 nobilitatis
1429 2313 1543 2396 Campi

265 2423 434 2501 Turopolia
465 2423 582 2482 fiscalis
606 2432 637 2483 et
661 2423 785 2497 actoris,
817 2428 926 2481 contra
950 2429 981 2480 et
1006 2421 1157 2480 adversus
1188 2421 1323 2481 nobilem
1347 2423 1545 2486 ‚Dorotheam

266 2531 478 2605 Trumbetass,
502 2527 614 2590 nobilis
637 2530 709 2591 olim
734 2529 863 2610 Georgii
887 2528 1016 2588 Mudich
1040 2528 1178 2588 relictam
1202 2529 1337 2604 viduam,
1361 2528 1456 2590 veluti
1479 2550 1544 2590 mo·

266 2639 393 2698 dalitate
425 2638 620 2716 infrascripta
652 2657 764 2718 sagam
790 2645 820 2698 et
844 2637 874 2696 in
899 2655 1028 2696 causam
1055 2643 1220 2695 attractam
1252 2652 1355 2698 coram
1388 2657 1439 2698 me
1462 2640 1545 2698 Mat-

265 2746 331 2807 thia
362 2747 488 2825 Mixich,
520 2747 675 2807 antelatae
708 2743 918 2805 universitatis
951 2742 1100 2804 nobilium
1133 2741 1246 2822 Campi
1270 2727 1438 2825 suropolia
1473 2747 1545 2806 snb·

266 2854 372 2913 stituto
406 2848 519 2915 comite
554 2854 692 2914 terrestri
728 2862 759 2913 et
790 2853 881 2913 simul
913 2853 1086 2931 capitane0,
1120 2851 1313 2929 caeterisque
1345 2852 1419 2912 iuris
1444 2872 1545 2913 asses-

267 2962 389 3021 soribus
413 2970 443 3021 et
466 2962 540 3021 iuris
567 2961 674 3040 peritis
699 2960 781 3037 viris,
813 2961 978 3020 occasione
1010 2968 1040 3019 et
1072 2968 1234 3037 praetextu
1266 2960 1459 3020 diversorum
1496 2980 1546 3021 ac·

266 3077 352 3127 tuum
388 3066 582 3149 magicorum
616 3088 672 3146 per
703 3068 837 3127 eandem
871 3086 945 3127 vero
978 3066 1010 3125 in
1043 3084 1171 3126 causam
1196 3073 1360 3125 attractam
1384 3076 1545 3147 perpetra-

267 3185 367 3235 tarum
392 3183 423 3236 et
446 3176 525 3235 infra
548 3176 673 3235 uberius
698 3176 953 3255 exponendorum
978 3182 1065 3233 motu
1091 3182 1121 3233 et
1145 3182 1258 3233 erecta.

374 3284 516 3359 Qualiter
549 3284 693 3343 nimirum
716 3284 987 3361 praementionata
1010 3282 1040 3343 in
1065 3300 1192 3340 causam
1217 3288 1358 3356 attracta,
1383 3283 1545 3363 ignoratur

268 3390 351 3449 unde
375 3398 469 3464 mota,
494 3409 595 3470 quove
620 3390 774 3450 diabolico
798 3399 830 3450 et
852 3389 991 3469 maligno
1016 3387 1124 3467 spiritu
1150 3389 1189 3447 ad
1213 3388 1244 3447 id
1268 3388 1394 3449 inducta
1418 3397 1450 3451 et
1473 3410 1545 3452 con-

271 3497 375 3570 citata,
406 3495 581 3576 postposito
613 3498 664 3556 dei
687 3497 910 3575 hominumque
933 3497 1053 3572 timore,
1079 3495 1276 3574 iustitiaeque
1309 3515 1345 3557 ac
1364 3499 1469 3578 legum
1492 3518 1545 3579 pa·

270 3604 399 3664 triarum
416 3604 528 3684 rigore,
552 3605 716 3665 immemor
737 3604 882 3684 imaginis
907 3612 938 3664 et
961 3603 1080 3663 lormae
1105 3604 1238 3678 divinae,
1262 3605 1303 3663 ad
1330 3606 1419 3671 cuius
1442 3606 1546 3666 simili-

271 3712 410 3771 tudinem
447 3730 570 3797 quoque
600 3714 710 3772 eadem
744 3713 775 3771 in
807 3731 935 3771 causam
968 3719 1101 3771 attracta
1133 3720 1239 3770 creata
1272 3719 1364 3787 esset,
1397 3712 1548 3792 yilipenso
1593 3720 1596 3727 ’

269 3818 489 3896 preciosissimi
521 3820 685 3879 salvatoris
717 3820 814 3879 nostri
846 3818 999 3899 sangvine
1040 3837 1096 3896 pro
1138 3819 1238 3878 salute
1271 3826 1301 3877 et
1334 3820 1547 3899 redemptione

269 3926 395 3986 humani
431 3928 557 4006 generis
579 3928 714 4006 profuso,
737 3926 935 4004 foederisque
958 3927 991 3985 in
1014 3944 1104 3985 sacro
1128 3926 1326 4003 baptismatis
1356 3926 1441 3986 tonte
1473 3946 1544 3986 cum

270 4043 409 4093 creatore
441 4054 498 4095 suo
529 4036 602 4108 initi,
630 4044 695 4094 tum
727 4054 808 4094 anno
831 4020 934 4093 ,modo
958 4033 1094 4093 currenti
1117 4032 1323 4113 intrascripto,
1355 4054 1426 4094 cum
1451 4035 1545 4095 etiam

270 4141 408 4218 pluribus
432 4142 494 4201 iam
518 4142 651 4203 evolutis
683 4143 772 4202 annis
796 4149 827 4201 et
851 4141 1051 4219 temporibus,
1075 4140 1169 4220 idque
1194 4142 1325 4201 diversis
1350 4142 1425 4201 locis
1450 4151 1481 4201 et
1504 4144 1547 4201 vi·

270 4248 365 4325 cibus,
395 4249 502 4308 relicto
531 4269 593 4308 uno
627 4268 701 4308 vero
733 4258 764 4307 et
795 4248 984 4327 sempiterno
1018 4249 1086 4320 deu,
1117 4248 1219 4326 ipsum
1243 4248 1340 4307 tilium
1366 4248 1415 4307 dei
1439 4250 1546 4308 vivum

270 4356 463 4436 unigenitum
494 4364 668 4417 memorata
700 4356 731 4415 in
763 4376 890 4416 causam
924 4364 1057 4415 attracta
1090 4357 1289 4435 abnegasset,
1321 4356 1425 4416 omnia
1460 4354 1547 4415 Chri·

270 4464 390 4523 stianae
421 4464 494 4524 fidei
525 4464 711 4524 documenta
742 4464 940 4539 deseruisset,
964 4472 1163 4523 sacramenta
1187 4463 1339 4523 ecclesiae
1364 4483 1420 4543 per
1443 4464 1545 4542 ipsum

271 4569 429 4630 Christum
465 4571 605 4631 instituta
635 4571 857 4649 vilipendisset,
889 4590 1004 4630 nomen
1037 4571 1096 4647 dei,
1126 4571 1160 4630 B.
1193 4570 1228 4631 V.
1262 4570 1391 4643 Mariae,
1418 4571 1479 4630 imo
1503 4572 1548 4649 ip·
1584 4612 1589 4619 -

269 4678 399 4739 siusmet
431 4678 646 4739 sanctissimae
677 4677 837 4740 Trinitatis
869 4698 906 4738 ac
938 4688 1117 4739 sanctorum
1148 4678 1198 4737 dei
1222 4663 1393 4739 blasfemiis
1417 4688 1448 4738 et
1471 4698 1538 4739 con·

269 4786 356 4845 viciis
379 4787 541 4847 horrendis
565 4786 744 4865 sprevisset,
763 4785 895 4865 tahsqne
919 4785 1068 4847 salvatori
1092 4803 1148 4845 suo
1172 4785 1295 4846 rebellis
1318 4785 1402 4847 tacta
1424 4786 1543 4862 fuisset,

267 4912 381 4954 nomen
397 4914 487 4954 suurn
503 4894 628 4954 demoni
643 4894 859 4973 inscripsisset,
878 4892 1041 4972 eidemque
1066 4901 1249 4972 perpetuam
1272 4893 1367 4953 fidem
1383 4913 1473 4954 suam
1499 4895 1546 4954 iu··

270 5010 380 5075 rasset,
416 5003 478 5061 imo
510 5011 541 5061 et
570 5003 610 5062 ad
642 5003 880 5062 contestandam
916 4999 1018 5061 eidem
1052 5000 1231 5061 fidelitatem
1256 5001 1391 5081 sigillum
1422 5002 1550 5063 diaboli·
