3934 5550
1509 445 1563 507 161

395 658 531 726 Stephani
541 658 700 724 lellachicb‚
719 658 858 725 nicaeeni,
877 658 905 712 d.
924 658 951 713 d
969 657 1134 729 Zagrabiae‚
1146 658 1190 714 23.
1204 659 1297 712 martii
1316 656 1393 712 1098.
1407 658 1500 712 eidem
1513 675 1571 727 quo

287 764 375 817 supra
393 747 490 801 comiti
510 754 576 803 terr.
602 748 736 815 directae,
757 748 793 800 ad
812 747 912 801 sedem
925 746 1010 800 iudic.
1031 746 1071 800 14.
1091 748 1187 814 aprilis
1199 747 1352 819 Zagrabiae
1364 746 1572 801 celebrandam.

394 838 507 891 loannis
526 836 632 903 Rauen,
652 837 679 890 d.
705 836 731 889 d.
752 836 911 907 Zagrabiae‚
935 836 960 891 2.
987 836 1079 890 martii
1099 852 1123 890 a
1144 838 1222 891 1747.
1246 838 1344 893 comiti
1363 844 1428 891 terr.
1446 835 1571 907 Georgio

285 926 440 997 Pogledicb
467 927 594 981 directae
619 926 797 982 invitatoriae
826 926 863 981 ad
888 926 988 981 sedem
1013 926 1129 982 iudicar.
1155 926 1318 1000 Zagrabiae‚
1346 925 1389 982 17.
1413 942 1471 997 apr.
1497 925 1570 982 cele·

285 1016 433 1073 brendam.

878 1301 983 1378 100.

394 1503 487 1563 Anno
516 1499 608 1565 1683.
633 1501 684 1565 28.
709 1502 792 1564 iunii.
815 1502 930 1565 Sellini.

289 1694 411 1761 Bonus
434 1694 601 1761 Nicolaus
623 1695 781 1782 Erdeody
805 1695 926 1760 comiti
949 1699 1031 1763 terr.
1057 1695 1180 1781 Campi
1207 1674 1394 1782 Turopolia
1416 1697 1569 1778 intimat,

427 1807 467 1868 ut
490 1800 648 1869 hornines
669 1824 752 1869 suos
774 1803 813 1869 in
837 1810 999 1889 campum
1021 1803 1115 1868 exire
1134 1807 1279 1889 paratos
1303 1806 1422 1869 terreat.

501 2003 664 2065 Generose
688 2004 813 2063 domine
837 2004 937 2064 amice
961 2003 1255 2064 observandissime.
1278 2018 1282 2023 ’

395 2149 477 2210 Cum
501 2150 563 2210 iarn
587 2149 741 2211 iudicibus
764 2149 912 2211 nobilium
936 2152 967 2212 in
992 2152 1149 2212 mandatis
1173 2152 1361 2228 dederimus,
1377 2160 1412 2211 ut
1431 2170 1568 2212 commu·

245 2336 249 2344 Ι
291 2258 404 2318 nitates
428 2258 471 2317 ita
493 2258 662 2337 dispositos
685 2258 831 2333 habeant,
854 2266 888 2318 ut
912 2259 953 2319 ad
976 2259 1110 2337 primam
1134 2260 1407 2321 demandationem
1429 2268 1569 2320 nostram

289 2366 402 2444 promti
427 2374 458 2425 et
480 2366 590 2445 parati,
614 2366 771 2446 armisque
795 2366 875 2427 bene
898 2366 1039 2427 instructi
1062 2368 1094 2427 in
1117 2388 1263 2448 campum
1287 2368 1411 2447 prodire
1434 2369 1569 2445 valeant,

290 2461 321 2533 id
345 2473 447 2552 ipsum
474 2474 568 2534 etiam
592 2482 717 2534 vestrae
742 2474 945 2535 dominationi
969 2494 1146 2555 generosae
1177 2476 1381 2536 intimandum
1415 2476 1568 2551 duximus,

289 2589 445 2659 quatenus
468 2580 611 2642 homines
635 2600 710 2643 suos
734 2582 773 2641 ad
798 2583 1014 2661 prodeundum
1038 2591 1165 2662 paratos
1188 2583 1313 2658 habeat,
1337 2592 1371 2643 ut
1394 2582 1569 2664 postposita

290 2688 375 2749 omni
398 2710 470 2749 curn
494 2684 692 2750 cunctatione
722 2709 769 2764 eo,
800 2710 863 2769 quo
887 2690 1126 2751 demandabitur
1149 2700 1360 2771 compareant.
1390 2692 1424 2751 ln
1448 2692 1569 2770 reliquo

288 2817 453 2859 manemus
477 2819 507 2879 g.
532 2799 551 2859 d
584 2806 709 2859 vestrae
733 2799 852 2859 amicus
875 2807 1004 2880 paratus

396 2942 522 3020 Selliny,
547 2939 599 3004 28.
622 2942 699 3002 iunii
727 2940 818 3004 1683.

943 3049 1062 3111 Comes
1086 3050 1236 3110 Nicotaus
1259 3050 1406 3127 Erdeody
1430 3069 1470 3109 m
1494 3069 1523 3127 p.

395 3192 436 3251 In
461 3192 597 3252 dorso:
622 3193 785 3253 Generoso
802 3194 928 3253 domino
942 3193 1037 3252 Petro
1053 3192 1195 3251 Walicza
1211 3191 1300 3251 aliter
1311 3191 1569 3269 Saenkouachlry,

288 3298 499 3360 universitatis
523 3300 671 3360 nobilium
696 3300 810 3379 Campi
840 3299 1064 3380 Zagrabiensis
1087 3298 1256 3377 Turopolia
1280 3298 1354 3358 dicti
1377 3297 1482 3358 comiti
1508 3307 1568 3359 ter·

288 3407 378 3466 restri
403 3414 470 3480 etc„
494 3406 596 3466 amico
619 3407 913 3468 observandissimo.

393 3529 539 3599 Originale
567 3531 757 3598 chartaceum,
786 3547 802 3584 a
830 3537 912 3601 tergo
941 3547 1108 3598 appressum
1128 3529 1259 3599 sigillum,
1283 3544 1341 3598 quo
1366 3529 1448 3582 litera
1473 3528 1568 3583 clausa

287 3625 355 3672 erat.
375 3619 407 3670 ln
426 3619 540 3672 archivo
560 3634 702 3674 commun.
723 3620 788 3674 nob.
808 3621 844 3674 de
863 3620 1028 3690 TuropoIJe.

880 3903 983 3974 10⁷.

397 4105 487 4164 Anno
515 4101 609 4164 1683,
635 4102 664 4162 4.
688 4103 759 4164 iulii.
783 4104 898 4164 Sellini.

284 4295 453 4361 Nicotaus
469 4296 635 4382 Erdeody,
651 4295 772 4375 banus,
790 4295 909 4360 conniti
923 4299 1004 4361 terr.
1022 4295 1145 4382 &mpi
1176 4297 1364 4383 Turopoiia
1379 4297 1565 4362 committit

400 4407 441 4467 ui
466 4404 655 4488 terminum
679 4403 954 4469 insurrectionis
977 4403 1267 4470 larebz'chemium
1290 4407 1458 4492 proroget.

499 4603 665 4664 Generose
689 4601 815 4662 domine
839 4601 939 4662 amice
963 4602 1255 4668 observandissime.

394 4748 532 4825 Quando
563 4748 689 4826 quidem
712 4747 773 4825 ipsi
795 4747 845 4806 die
877 4747 1013 4807 crastina
1037 4747 1078 4806 ad
1110 4756 1214 4808 castra
1244 4748 1357 4809 moturi
1390 4769 1507 4826 sumus,
1540 4758 1572 4810 et

285 4854 427 4914 militiam
452 4855 545 4914 etiarn
569 4855 732 4914 nobiscum
755 4854 869 4914 ducere
893 4853 1074 4928 debeamus,
1098 4853 1129 4913 in
1152 4873 1215 4933 qua
1238 4855 1331 4915 etiam
1363 4856 1501 4916 nonnulli
1532 4858 1571 4917 de

285 4962 494 5040 generatione
518 4961 668 5036 larebich,
692 4970 723 5021 et
745 4960 870 5042 quidem
902 4959 1041 5038 potiores
1064 4970 1275 5036 censerentur,
1306 4962 1359 5040 qui
1389 4962 1483 5022 etiarn
1515 4983 1569 5023 no·

1461 5083 1493 5137 11
