<?xml version="1.0" encoding="UTF-8"?>
<!DOCTYPE html PUBLIC "-//W3C//DTD XHTML 1.0 Transitional//EN"
    "http://www.w3.org/TR/xhtml1/DTD/xhtml1-transitional.dtd">
<html xmlns="http://www.w3.org/1999/xhtml" xml:lang="en" lang="en">
 <head>
  <title>
</title>
<meta http-equiv="Content-Type" content="text/html;charset=utf-8" />
  <meta name='ocr-system' content='tesseract 3.04.00' />
  <meta name='ocr-capabilities' content='ocr_page ocr_carea ocr_par ocr_line ocrx_word'/>
</head>
<body>
  <div class='ocr_page' id='page_1' title='image "./povjesnispomeni00laszgoog_0135.png"; bbox 0 0 3934 5550; ppageno 0'>
   <div class='ocr_carea' id='block_1_1' title="bbox 387 411 451 474">
    <p class='ocr_par' dir='ltr' id='par_1_1' title="bbox 387 411 451 474">
     <span class='ocr_line' id='line_1_1' title="bbox 387 411 451 474; baseline 0 -1"><span class='ocrx_word' id='word_1_1' title='bbox 387 411 451 474; x_wconf 87' lang='grc'>102</span> 
     </span>
    </p>
   </div>
   <div class='ocr_carea' id='block_1_2' title="bbox 383 626 1669 3712">
    <p class='ocr_par' dir='ltr' id='par_1_2' title="bbox 383 626 1669 3712">
     <span class='ocr_line' id='line_1_2' title="bbox 384 626 1661 707; baseline -0.001 -20"><span class='ocrx_word' id='word_1_2' title='bbox 384 628 517 705; x_wconf 87' lang='lat' dir='ltr'>firmata,</span> <span class='ocrx_word' id='word_1_3' title='bbox 547 648 610 689; x_wconf 91' lang='lat' dir='ltr'>non</span> <span class='ocrx_word' id='word_1_4' title='bbox 634 630 782 690; x_wconf 85' lang='lat' dir='ltr'>deessent</span> <span class='ocrx_word' id='word_1_5' title='bbox 804 638 911 690; x_wconf 91' lang='lat' dir='ltr'>tamen</span> <span class='ocrx_word' id='word_1_6' title='bbox 934 629 1081 701; x_wconf 86' lang='lat' dir='ltr'>nonnulli,</span> <span class='ocrx_word' id='word_1_7' title='bbox 1106 628 1158 707; x_wconf 91' lang='lat' dir='ltr'>qui</span> <span class='ocrx_word' id='word_1_8' title='bbox 1182 628 1294 688; x_wconf 89' lang='lat' dir='ltr'>eadem</span> <span class='ocrx_word' id='word_1_9' title='bbox 1318 629 1387 705; x_wconf 91' lang='lat' dir='ltr'>ipsa</span> <span class='ocrx_word' id='word_1_10' title='bbox 1409 626 1574 707; x_wconf 84' lang='lat' dir='ltr'>privilegia</span> <span class='ocrx_word' id='word_1_11' title='bbox 1598 646 1661 687; x_wconf 92' lang='lat' dir='ltr'>non</span> 
     </span>
     <span class='ocr_line' id='line_1_3' title="bbox 385 733 1662 814; baseline -0.001 -21"><span class='ocrx_word' id='word_1_12' title='bbox 385 735 479 795; x_wconf 92' lang='lat' dir='ltr'>modo</span> <span class='ocrx_word' id='word_1_13' title='bbox 502 754 565 795; x_wconf 89' lang='lat' dir='ltr'>non</span> <span class='ocrx_word' id='word_1_14' title='bbox 588 737 802 809; x_wconf 83' lang='lat' dir='ltr'>observarent,</span> <span class='ocrx_word' id='word_1_15' title='bbox 827 737 882 796; x_wconf 90' lang='lat' dir='ltr'>sed</span> <span class='ocrx_word' id='word_1_16' title='bbox 906 736 1010 814; x_wconf 91' lang='lat' dir='ltr'>potius</span> <span class='ocrx_word' id='word_1_17' title='bbox 1034 735 1163 795; x_wconf 90' lang='lat' dir='ltr'>eosdem</span> <span class='ocrx_word' id='word_1_18' title='bbox 1187 742 1295 794; x_wconf 89' lang='lat' dir='ltr'>contra</span> <span class='ocrx_word' id='word_1_19' title='bbox 1319 734 1430 794; x_wconf 88' lang='lat' dir='ltr'>eadem</span> <span class='ocrx_word' id='word_1_20' title='bbox 1455 734 1486 792; x_wconf 95' lang='lat' dir='ltr'>in</span> <span class='ocrx_word' id='word_1_21' title='bbox 1518 733 1662 793; x_wconf 83' lang='lat' dir='ltr'>domibus</span> 
     </span>
     <span class='ocr_line' id='line_1_4' title="bbox 384 838 1664 921; baseline -0.001 -21"><span class='ocrx_word' id='word_1_22' title='bbox 384 860 441 900; x_wconf 90' lang='lat' dir='ltr'>seu</span> <span class='ocrx_word' id='word_1_23' title='bbox 464 842 557 902; x_wconf 89' lang='lat' dir='ltr'>curiis</span> <span class='ocrx_word' id='word_1_24' title='bbox 581 843 721 921; x_wconf 91' lang='lat' dir='ltr'>ipsorum</span> <span class='ocrx_word' id='word_1_25' title='bbox 743 843 848 903; x_wconf 89' lang='lat' dir='ltr'>multis</span> <span class='ocrx_word' id='word_1_26' title='bbox 871 842 1003 914; x_wconf 91' lang='lat' dir='ltr'>damnis,</span> <span class='ocrx_word' id='word_1_27' title='bbox 1026 842 1149 901; x_wconf 91' lang='lat' dir='ltr'>iniuriis.</span> <span class='ocrx_word' id='word_1_28' title='bbox 1168 848 1200 901; x_wconf 90' lang='lat' dir='ltr'>et</span> <span class='ocrx_word' id='word_1_29' title='bbox 1215 840 1469 920; x_wconf 82' lang='lat' dir='ltr'>oppressionibus</span> <span class='ocrx_word' id='word_1_30' title='bbox 1493 838 1664 914; x_wconf 86' lang='lat' dir='ltr'>afficerent,</span> 
     </span>
     <span class='ocr_line' id='line_1_5' title="bbox 383 947 1659 1029; baseline -0.002 -21"><span class='ocrx_word' id='word_1_31' title='bbox 383 948 414 1008; x_wconf 93' lang='lat' dir='ltr'>in</span> <span class='ocrx_word' id='word_1_32' title='bbox 439 967 538 1028; x_wconf 83' lang='lat' dir='ltr'>grave</span> <span class='ocrx_word' id='word_1_33' title='bbox 561 950 786 1029; x_wconf 90' lang='lat' dir='ltr'>praeiudicium</span> <span class='ocrx_word' id='word_1_34' title='bbox 809 949 922 1010; x_wconf 89' lang='lat' dir='ltr'>iurium</span> <span class='ocrx_word' id='word_1_35' title='bbox 946 958 977 1009; x_wconf 92' lang='lat' dir='ltr'>et</span> <span class='ocrx_word' id='word_1_36' title='bbox 1009 948 1159 1009; x_wconf 82' lang='lat' dir='ltr'>libertatis</span> <span class='ocrx_word' id='word_1_37' title='bbox 1184 949 1364 1021; x_wconf 90' lang='lat' dir='ltr'>eorundem,</span> <span class='ocrx_word' id='word_1_38' title='bbox 1397 966 1435 1007; x_wconf 87' lang='lat' dir='ltr'>ac</span> <span class='ocrx_word' id='word_1_39' title='bbox 1467 947 1659 1027; x_wconf 89' lang='lat' dir='ltr'>derogamen</span> 
     </span>
     <span class='ocr_line' id='line_1_6' title="bbox 386 1054 1663 1136; baseline -0.001 -22"><span class='ocrx_word' id='word_1_40' title='bbox 386 1055 596 1131; x_wconf 85' lang='lat' dir='ltr'>manifestum,</span> <span class='ocrx_word' id='word_1_41' title='bbox 619 1057 810 1136; x_wconf 89' lang='lat' dir='ltr'>suplicantes</span> <span class='ocrx_word' id='word_1_42' title='bbox 834 1056 991 1117; x_wconf 88' lang='lat' dir='ltr'>maiestati</span> <span class='ocrx_word' id='word_1_43' title='bbox 1013 1064 1140 1116; x_wconf 89' lang='lat' dir='ltr'>nostrae</span> <span class='ocrx_word' id='word_1_44' title='bbox 1164 1055 1332 1133; x_wconf 89' lang='lat' dir='ltr'>huinilime,</span> <span class='ocrx_word' id='word_1_45' title='bbox 1356 1055 1559 1136; x_wconf 90' lang='lat' dir='ltr'>dignaremur</span> <span class='ocrx_word' id='word_1_46' title='bbox 1582 1054 1663 1132; x_wconf 89' lang='lat' dir='ltr'>ipso-</span> 
     </span>
     <span class='ocr_line' id='line_1_7' title="bbox 387 1161 1665 1245; baseline -0.002 -23"><span class='ocrx_word' id='word_1_47' title='bbox 387 1182 455 1222; x_wconf 88' lang='lat' dir='ltr'>mm</span> <span class='ocrx_word' id='word_1_48' title='bbox 479 1163 539 1224; x_wconf 89' lang='lat' dir='ltr'>hac</span> <span class='ocrx_word' id='word_1_49' title='bbox 562 1164 595 1223; x_wconf 92' lang='lat' dir='ltr'>in</span> <span class='ocrx_word' id='word_1_50' title='bbox 617 1173 706 1243; x_wconf 89' lang='lat' dir='ltr'>parte</span> <span class='ocrx_word' id='word_1_51' title='bbox 730 1163 924 1224; x_wconf 84' lang='lat' dir='ltr'>indemnitati</span> <span class='ocrx_word' id='word_1_52' title='bbox 947 1163 1087 1245; x_wconf 83' lang='lat' dir='ltr'>gratiose</span> <span class='ocrx_word' id='word_1_53' title='bbox 1110 1163 1284 1241; x_wconf 88' lang='lat' dir='ltr'>providere,</span> <span class='ocrx_word' id='word_1_54' title='bbox 1308 1180 1410 1241; x_wconf 90' lang='lat' dir='ltr'>neque</span> <span class='ocrx_word' id='word_1_55' title='bbox 1434 1162 1508 1241; x_wconf 86' lang='lat' dir='ltr'>pati,</span> <span class='ocrx_word' id='word_1_56' title='bbox 1532 1161 1665 1221; x_wconf 87' lang='lat' dir='ltr'>utnulla</span> 
     </span>
     <span class='ocr_line' id='line_1_8' title="bbox 389 1269 1663 1348; baseline -0.001 -20"><span class='ocrx_word' id='word_1_57' title='bbox 389 1269 514 1347; x_wconf 90' lang='lat' dir='ltr'>penitus</span> <span class='ocrx_word' id='word_1_58' title='bbox 538 1270 674 1331; x_wconf 86' lang='lat' dir='ltr'>fidelium</span> <span class='ocrx_word' id='word_1_59' title='bbox 698 1290 826 1331; x_wconf 91' lang='lat' dir='ltr'>suorum</span> <span class='ocrx_word' id='word_1_60' title='bbox 862 1270 1068 1345; x_wconf 90' lang='lat' dir='ltr'>servitiorum,</span> <span class='ocrx_word' id='word_1_61' title='bbox 1091 1270 1349 1348; x_wconf 86' lang='lat' dir='ltr'>miseriarumque</span> <span class='ocrx_word' id='word_1_62' title='bbox 1385 1278 1415 1329; x_wconf 90' lang='lat' dir='ltr'>et</span> <span class='ocrx_word' id='word_1_63' title='bbox 1451 1269 1663 1328; x_wconf 83' lang='lat' dir='ltr'>calamitatum</span> 
     </span>
     <span class='ocr_line' id='line_1_9' title="bbox 387 1376 1664 1456; baseline 0 -21"><span class='ocrx_word' id='word_1_64' title='bbox 387 1395 609 1455; x_wconf 89' lang='lat' dir='ltr'>perpessarum</span> <span class='ocrx_word' id='word_1_65' title='bbox 643 1378 904 1452; x_wconf 84' lang='lat' dir='ltr'>habitatatione,</span> <span class='ocrx_word' id='word_1_66' title='bbox 927 1379 971 1438; x_wconf 92' lang='lat' dir='ltr'>ita</span> <span class='ocrx_word' id='word_1_67' title='bbox 995 1377 1131 1437; x_wconf 91' lang='lat' dir='ltr'>indebite</span> <span class='ocrx_word' id='word_1_68' title='bbox 1156 1396 1175 1437; x_wconf 91' lang='lat' dir='ltr'>a</span> <span class='ocrx_word' id='word_1_69' title='bbox 1198 1376 1359 1456; x_wconf 89' lang='lat' dir='ltr'>quibusvis</span> <span class='ocrx_word' id='word_1_70' title='bbox 1391 1376 1539 1455; x_wconf 87' lang='lat' dir='ltr'>deinceps</span> <span class='ocrx_word' id='word_1_71' title='bbox 1571 1394 1664 1435; x_wconf 88' lang='lat' dir='ltr'>vexa·</span> 
     </span>
     <span class='ocr_line' id='line_1_10' title="bbox 389 1483 1666 1566; baseline -0.001 -24"><span class='ocrx_word' id='word_1_72' title='bbox 389 1493 502 1558; x_wconf 89' lang='lat' dir='ltr'>rentur,</span> <span class='ocrx_word' id='word_1_73' title='bbox 527 1494 581 1545; x_wconf 93' lang='lat' dir='ltr'>aut</span> <span class='ocrx_word' id='word_1_74' title='bbox 604 1505 642 1545; x_wconf 93' lang='lat' dir='ltr'>eo</span> <span class='ocrx_word' id='word_1_75' title='bbox 657 1494 749 1564; x_wconf 90' lang='lat' dir='ltr'>pacto</span> <span class='ocrx_word' id='word_1_76' title='bbox 766 1485 930 1566; x_wconf 90' lang='lat' dir='ltr'>privilegia</span> <span class='ocrx_word' id='word_1_77' title='bbox 953 1486 1093 1563; x_wconf 90' lang='lat' dir='ltr'>ipsorum</span> <span class='ocrx_word' id='word_1_78' title='bbox 1110 1484 1382 1547; x_wconf 82' lang='lat' dir='ltr'>labefactarentur.</span> <span class='ocrx_word' id='word_1_79' title='bbox 1406 1485 1555 1544; x_wconf 88' lang='lat' dir='ltr'>Volentes</span> <span class='ocrx_word' id='word_1_80' title='bbox 1571 1483 1666 1564; x_wconf 84' lang='lat' dir='ltr'>igitur</span> 
     </span>
     <span class='ocr_line' id='line_1_11' title="bbox 386 1590 1663 1670; baseline -0.001 -20"><span class='ocrx_word' id='word_1_81' title='bbox 386 1592 577 1670; x_wconf 91' lang='lat' dir='ltr'>praelibatos</span> <span class='ocrx_word' id='word_1_82' title='bbox 599 1592 719 1653; x_wconf 89' lang='lat' dir='ltr'>nobiles</span> <span class='ocrx_word' id='word_1_83' title='bbox 742 1593 783 1653; x_wconf 91' lang='lat' dir='ltr'>de</span> <span class='ocrx_word' id='word_1_84' title='bbox 806 1592 984 1653; x_wconf 89' lang='lat' dir='ltr'>huiusmodi</span> <span class='ocrx_word' id='word_1_85' title='bbox 1017 1592 1082 1652; x_wconf 91' lang='lat' dir='ltr'>suis</span> <span class='ocrx_word' id='word_1_86' title='bbox 1113 1592 1246 1652; x_wconf 88' lang='lat' dir='ltr'>miseriis</span> <span class='ocrx_word' id='word_1_87' title='bbox 1278 1600 1309 1651; x_wconf 91' lang='lat' dir='ltr'>et</span> <span class='ocrx_word' id='word_1_88' title='bbox 1340 1591 1568 1652; x_wconf 82' lang='lat' dir='ltr'>calamitatibus</span> <span class='ocrx_word' id='word_1_89' title='bbox 1603 1590 1663 1650; x_wconf 93' lang='lat' dir='ltr'>cle·</span> 
     </span>
     <span class='ocr_line' id='line_1_12' title="bbox 385 1698 1666 1781; baseline 0 -24"><span class='ocrx_word' id='word_1_90' title='bbox 385 1706 506 1758; x_wconf 90' lang='lat' dir='ltr'>menter</span> <span class='ocrx_word' id='word_1_91' title='bbox 529 1699 703 1773; x_wconf 91' lang='lat' dir='ltr'>sublevare,</span> <span class='ocrx_word' id='word_1_92' title='bbox 727 1709 928 1780; x_wconf 88' lang='lat' dir='ltr'>nostramque</span> <span class='ocrx_word' id='word_1_93' title='bbox 942 1719 1021 1781; x_wconf 88' lang='lat' dir='ltr'>erga</span> <span class='ocrx_word' id='word_1_94' title='bbox 1036 1700 1122 1778; x_wconf 90' lang='lat' dir='ltr'>ipsos</span> <span class='ocrx_word' id='word_1_95' title='bbox 1142 1700 1279 1759; x_wconf 84' lang='lat' dir='ltr'>innatam</span> <span class='ocrx_word' id='word_1_96' title='bbox 1298 1717 1480 1759; x_wconf 84' lang='lat' dir='ltr'>caesaream</span> <span class='ocrx_word' id='word_1_97' title='bbox 1498 1707 1529 1758; x_wconf 90' lang='lat' dir='ltr'>et</span> <span class='ocrx_word' id='word_1_98' title='bbox 1545 1698 1666 1779; x_wconf 90' lang='lat' dir='ltr'>regiam</span> 
     </span>
     <span class='ocr_line' id='line_1_13' title="bbox 386 1805 1662 1885; baseline 0 -20"><span class='ocrx_word' id='word_1_99' title='bbox 386 1805 612 1885; x_wconf 84' lang='lat' dir='ltr'>benignitatem</span> <span class='ocrx_word' id='word_1_100' title='bbox 636 1808 807 1883; x_wconf 88' lang='lat' dir='ltr'>declarare,</span> <span class='ocrx_word' id='word_1_101' title='bbox 831 1808 959 1868; x_wconf 92' lang='lat' dir='ltr'>eosdem</span> <span class='ocrx_word' id='word_1_102' title='bbox 982 1808 1015 1869; x_wconf 92' lang='lat' dir='ltr'>in</span> <span class='ocrx_word' id='word_1_103' title='bbox 1038 1806 1175 1885; x_wconf 88' lang='lat' dir='ltr'>pristinis</span> <span class='ocrx_word' id='word_1_104' title='bbox 1198 1807 1264 1867; x_wconf 90' lang='lat' dir='ltr'>suis</span> <span class='ocrx_word' id='word_1_105' title='bbox 1287 1815 1319 1867; x_wconf 92' lang='lat' dir='ltr'>et</span> <span class='ocrx_word' id='word_1_106' title='bbox 1350 1806 1485 1884; x_wconf 90' lang='lat' dir='ltr'>antiquis</span> <span class='ocrx_word' id='word_1_107' title='bbox 1516 1806 1662 1866; x_wconf 89' lang='lat' dir='ltr'>libertati·</span> 
     </span>
     <span class='ocr_line' id='line_1_14' title="bbox 385 1914 1664 1997; baseline 0.001 -25"><span class='ocrx_word' id='word_1_108' title='bbox 385 1914 445 1973; x_wconf 92' lang='lat' dir='ltr'>bus</span> <span class='ocrx_word' id='word_1_109' title='bbox 468 1917 711 1992; x_wconf 90' lang='lat' dir='ltr'>conservandos,</span> <span class='ocrx_word' id='word_1_110' title='bbox 734 1925 766 1976; x_wconf 90' lang='lat' dir='ltr'>et</span> <span class='ocrx_word' id='word_1_111' title='bbox 789 1915 898 1997; x_wconf 90' lang='lat' dir='ltr'>vigore</span> <span class='ocrx_word' id='word_1_112' title='bbox 923 1916 1095 1976; x_wconf 91' lang='lat' dir='ltr'>earundem</span> <span class='ocrx_word' id='word_1_113' title='bbox 1130 1934 1149 1975; x_wconf 90' lang='lat' dir='ltr'>a</span> <span class='ocrx_word' id='word_1_114' title='bbox 1173 1915 1377 1975; x_wconf 89' lang='lat' dir='ltr'>solutionibus</span> <span class='ocrx_word' id='word_1_115' title='bbox 1408 1915 1545 1974; x_wconf 92' lang='lat' dir='ltr'>omnium</span> <span class='ocrx_word' id='word_1_116' title='bbox 1574 1922 1664 1973; x_wconf 88' lang='lat' dir='ltr'>taxa·</span> 
     </span>
     <span class='ocr_line' id='line_1_15' title="bbox 385 2020 1666 2103; baseline 0 -24"><span class='ocrx_word' id='word_1_117' title='bbox 385 2039 455 2081; x_wconf 90' lang='lat' dir='ltr'>rum</span> <span class='ocrx_word' id='word_1_118' title='bbox 479 2042 535 2083; x_wconf 92' lang='lat' dir='ltr'>seu</span> <span class='ocrx_word' id='word_1_119' title='bbox 558 2024 819 2084; x_wconf 90' lang='lat' dir='ltr'>contributionum</span> <span class='ocrx_word' id='word_1_120' title='bbox 843 2032 1020 2083; x_wconf 88' lang='lat' dir='ltr'>nostrarum</span> <span class='ocrx_word' id='word_1_121' title='bbox 1045 2021 1204 2103; x_wconf 84' lang='lat' dir='ltr'>regiarum</span> <span class='ocrx_word' id='word_1_122' title='bbox 1228 2021 1366 2101; x_wconf 85' lang='lat' dir='ltr'>gratiose</span> <span class='ocrx_word' id='word_1_123' title='bbox 1391 2021 1535 2081; x_wconf 91' lang='lat' dir='ltr'>duximus</span> <span class='ocrx_word' id='word_1_124' title='bbox 1559 2020 1666 2080; x_wconf 88' lang='lat' dir='ltr'>denuo</span> 
     </span>
     <span class='ocr_line' id='line_1_16' title="bbox 388 2127 1666 2210; baseline -0.002 -21"><span class='ocrx_word' id='word_1_125' title='bbox 388 2131 570 2190; x_wconf 87' lang='lat' dir='ltr'>eximendos</span> <span class='ocrx_word' id='word_1_126' title='bbox 594 2150 632 2191; x_wconf 91' lang='lat' dir='ltr'>ac</span> <span class='ocrx_word' id='word_1_127' title='bbox 656 2130 895 2210; x_wconf 88' lang='lat' dir='ltr'>supportandos.</span> <span class='ocrx_word' id='word_1_128' title='bbox 926 2130 1083 2207; x_wconf 84' lang='lat' dir='ltr'>Quocirca</span> <span class='ocrx_word' id='word_1_129' title='bbox 1114 2129 1203 2190; x_wconf 92' lang='lat' dir='ltr'>vobis</span> <span class='ocrx_word' id='word_1_130' title='bbox 1234 2128 1479 2207; x_wconf 89' lang='lat' dir='ltr'>praenominatis</span> <span class='ocrx_word' id='word_1_131' title='bbox 1512 2127 1666 2187; x_wconf 91' lang='lat' dir='ltr'>universis</span> 
     </span>
     <span class='ocr_line' id='line_1_17' title="bbox 387 2233 1668 2317; baseline -0.002 -22"><span class='ocrx_word' id='word_1_132' title='bbox 387 2238 518 2296; x_wconf 90' lang='lat' dir='ltr'>statibus</span> <span class='ocrx_word' id='word_1_133' title='bbox 545 2246 576 2297; x_wconf 90' lang='lat' dir='ltr'>et</span> <span class='ocrx_word' id='word_1_134' title='bbox 606 2238 780 2310; x_wconf 87' lang='lat' dir='ltr'>ordinibus,</span> <span class='ocrx_word' id='word_1_135' title='bbox 812 2238 1035 2317; x_wconf 87' lang='lat' dir='ltr'>signanterque</span> <span class='ocrx_word' id='word_1_136' title='bbox 1067 2233 1258 2296; x_wconf 89' lang='lat' dir='ltr'>dicatoribus</span> <span class='ocrx_word' id='word_1_137' title='bbox 1293 2245 1324 2297; x_wconf 90' lang='lat' dir='ltr'>et</span> <span class='ocrx_word' id='word_1_138' title='bbox 1357 2236 1554 2296; x_wconf 88' lang='lat' dir='ltr'>exactoribus</span> <span class='ocrx_word' id='word_1_139' title='bbox 1587 2252 1668 2313; x_wconf 88' lang='lat' dir='ltr'>qua-</span> 
     </span>
     <span class='ocr_line' id='line_1_18' title="bbox 388 2344 1665 2425; baseline -0.002 -21"><span class='ocrx_word' id='word_1_140' title='bbox 388 2363 581 2425; x_wconf 91' lang='lat' dir='ltr'>rumcunque</span> <span class='ocrx_word' id='word_1_141' title='bbox 602 2354 747 2407; x_wconf 89' lang='lat' dir='ltr'>taxarum</span> <span class='ocrx_word' id='word_1_142' title='bbox 771 2354 802 2406; x_wconf 91' lang='lat' dir='ltr'>et</span> <span class='ocrx_word' id='word_1_143' title='bbox 825 2345 1087 2405; x_wconf 90' lang='lat' dir='ltr'>contributionum</span> <span class='ocrx_word' id='word_1_144' title='bbox 1119 2351 1296 2404; x_wconf 89' lang='lat' dir='ltr'>nostrarum</span> <span class='ocrx_word' id='word_1_145' title='bbox 1328 2344 1487 2424; x_wconf 89' lang='lat' dir='ltr'>regiarum</span> <span class='ocrx_word' id='word_1_146' title='bbox 1518 2344 1550 2403; x_wconf 94' lang='lat' dir='ltr'>in</span> <span class='ocrx_word' id='word_1_147' title='bbox 1582 2344 1665 2402; x_wconf 94' lang='lat' dir='ltr'>dicto</span> 
     </span>
     <span class='ocr_line' id='line_1_19' title="bbox 392 2450 1667 2531; baseline -0.002 -20"><span class='ocrx_word' id='word_1_148' title='bbox 392 2471 492 2531; x_wconf 88' lang='lat' dir='ltr'>regno</span> <span class='ocrx_word' id='word_1_149' title='bbox 532 2462 638 2512; x_wconf 91' lang='lat' dir='ltr'>nostro</span> <span class='ocrx_word' id='word_1_150' title='bbox 676 2452 862 2513; x_wconf 87' lang='lat' dir='ltr'>Sclauoniae</span> <span class='ocrx_word' id='word_1_151' title='bbox 904 2450 1079 2511; x_wconf 89' lang='lat' dir='ltr'>constitutis</span> <span class='ocrx_word' id='word_1_152' title='bbox 1118 2459 1149 2511; x_wconf 89' lang='lat' dir='ltr'>et</span> <span class='ocrx_word' id='word_1_153' title='bbox 1188 2452 1219 2510; x_wconf 95' lang='lat' dir='ltr'>in</span> <span class='ocrx_word' id='word_1_154' title='bbox 1259 2451 1394 2511; x_wconf 88' lang='lat' dir='ltr'>futurum</span> <span class='ocrx_word' id='word_1_155' title='bbox 1434 2450 1667 2523; x_wconf 86' lang='lat' dir='ltr'>constituendis,</span> 
     </span>
     <span class='ocr_line' id='line_1_20' title="bbox 388 2558 1664 2637; baseline -0.002 -19"><span class='ocrx_word' id='word_1_156' title='bbox 388 2560 498 2619; x_wconf 90' lang='lat' dir='ltr'>harum</span> <span class='ocrx_word' id='word_1_157' title='bbox 530 2560 610 2620; x_wconf 90' lang='lat' dir='ltr'>serie</span> <span class='ocrx_word' id='word_1_158' title='bbox 642 2561 769 2621; x_wconf 89' lang='lat' dir='ltr'>firmiter</span> <span class='ocrx_word' id='word_1_159' title='bbox 805 2558 1027 2619; x_wconf 87' lang='lat' dir='ltr'>committimus</span> <span class='ocrx_word' id='word_1_160' title='bbox 1055 2566 1086 2618; x_wconf 87' lang='lat' dir='ltr'>et</span> <span class='ocrx_word' id='word_1_161' title='bbox 1113 2559 1308 2633; x_wconf 87' lang='lat' dir='ltr'>mandamus,</span> <span class='ocrx_word' id='word_1_162' title='bbox 1341 2567 1495 2637; x_wconf 87' lang='lat' dir='ltr'>quatenus</span> <span class='ocrx_word' id='word_1_163' title='bbox 1528 2578 1547 2617; x_wconf 92' lang='lat' dir='ltr'>a</span> <span class='ocrx_word' id='word_1_164' title='bbox 1570 2558 1664 2618; x_wconf 89' lang='lat' dir='ltr'>modo</span> 
     </span>
     <span class='ocr_line' id='line_1_21' title="bbox 388 2665 1667 2744; baseline 0.001 -20"><span class='ocrx_word' id='word_1_165' title='bbox 388 2665 591 2744; x_wconf 90' lang='lat' dir='ltr'>imposterum</span> <span class='ocrx_word' id='word_1_166' title='bbox 620 2668 721 2726; x_wconf 91' lang='lat' dir='ltr'>nullus</span> <span class='ocrx_word' id='word_1_167' title='bbox 744 2666 871 2727; x_wconf 93' lang='lat' dir='ltr'>omnino</span> <span class='ocrx_word' id='word_1_168' title='bbox 894 2675 1033 2725; x_wconf 90' lang='lat' dir='ltr'>vestrum</span> <span class='ocrx_word' id='word_1_169' title='bbox 1058 2684 1075 2724; x_wconf 89' lang='lat' dir='ltr'>a</span> <span class='ocrx_word' id='word_1_170' title='bbox 1102 2665 1270 2743; x_wconf 90' lang='lat' dir='ltr'>praedictis</span> <span class='ocrx_word' id='word_1_171' title='bbox 1296 2666 1450 2726; x_wconf 90' lang='lat' dir='ltr'>nobilibus</span> <span class='ocrx_word' id='word_1_172' title='bbox 1480 2666 1569 2725; x_wconf 90' lang='lat' dir='ltr'>unius</span> <span class='ocrx_word' id='word_1_173' title='bbox 1600 2684 1667 2725; x_wconf 88' lang='lat' dir='ltr'>ses-</span> 
     </span>
     <span class='ocr_line' id='line_1_22' title="bbox 389 2772 1665 2853; baseline -0.003 -20"><span class='ocrx_word' id='word_1_174' title='bbox 389 2772 486 2833; x_wconf 88' lang='lat' dir='ltr'>sionis</span> <span class='ocrx_word' id='word_1_175' title='bbox 516 2775 652 2853; x_wconf 90' lang='lat' dir='ltr'>aliquam</span> <span class='ocrx_word' id='word_1_176' title='bbox 683 2783 788 2834; x_wconf 87' lang='lat' dir='ltr'>taxam</span> <span class='ocrx_word' id='word_1_177' title='bbox 813 2793 869 2835; x_wconf 89' lang='lat' dir='ltr'>seu</span> <span class='ocrx_word' id='word_1_178' title='bbox 893 2772 1153 2834; x_wconf 91' lang='lat' dir='ltr'>contributionem</span> <span class='ocrx_word' id='word_1_179' title='bbox 1181 2772 1292 2852; x_wconf 91' lang='lat' dir='ltr'>quovis</span> <span class='ocrx_word' id='word_1_180' title='bbox 1315 2782 1455 2852; x_wconf 90' lang='lat' dir='ltr'>tempore</span> <span class='ocrx_word' id='word_1_181' title='bbox 1478 2782 1586 2852; x_wconf 90' lang='lat' dir='ltr'>petere</span> <span class='ocrx_word' id='word_1_182' title='bbox 1610 2792 1665 2832; x_wconf 90' lang='lat' dir='ltr'>sen</span> 
     </span>
     <span class='ocr_line' id='line_1_23' title="bbox 390 2881 1668 2961; baseline -0.001 -20"><span class='ocrx_word' id='word_1_183' title='bbox 390 2883 526 2961; x_wconf 84' lang='lat' dir='ltr'>exigere,</span> <span class='ocrx_word' id='word_1_184' title='bbox 549 2882 675 2961; x_wconf 89' lang='lat' dir='ltr'>petique</span> <span class='ocrx_word' id='word_1_185' title='bbox 698 2901 754 2942; x_wconf 91' lang='lat' dir='ltr'>seu</span> <span class='ocrx_word' id='word_1_186' title='bbox 786 2882 870 2960; x_wconf 83' lang='lat' dir='ltr'>exigi</span> <span class='ocrx_word' id='word_1_187' title='bbox 900 2881 1015 2956; x_wconf 87' lang='lat' dir='ltr'>facere,</span> <span class='ocrx_word' id='word_1_188' title='bbox 1050 2889 1105 2939; x_wconf 90' lang='lat' dir='ltr'>aut</span> <span class='ocrx_word' id='word_1_189' title='bbox 1131 2881 1259 2941; x_wconf 90' lang='lat' dir='ltr'>eosdem</span> <span class='ocrx_word' id='word_1_190' title='bbox 1289 2883 1408 2941; x_wconf 91' lang='lat' dir='ltr'>ratione</span> <span class='ocrx_word' id='word_1_191' title='bbox 1443 2881 1668 2941; x_wconf 91' lang='lat' dir='ltr'>nonsolutionis</span> 
     </span>
     <span class='ocr_line' id='line_1_24' title="bbox 390 2987 1667 3068; baseline 0 -20"><span class='ocrx_word' id='word_1_192' title='bbox 390 2989 562 3050; x_wconf 89' lang='lat' dir='ltr'>earundem</span> <span class='ocrx_word' id='word_1_193' title='bbox 601 2989 632 3048; x_wconf 94' lang='lat' dir='ltr'>in</span> <span class='ocrx_word' id='word_1_194' title='bbox 667 2989 818 3067; x_wconf 88' lang='lat' dir='ltr'>personis,</span> <span class='ocrx_word' id='word_1_195' title='bbox 853 2988 952 3060; x_wconf 91' lang='lat' dir='ltr'>bonis,</span> <span class='ocrx_word' id='word_1_196' title='bbox 994 2987 1149 3066; x_wconf 91' lang='lat' dir='ltr'>rebusque</span> <span class='ocrx_word' id='word_1_197' title='bbox 1185 2988 1322 3067; x_wconf 91' lang='lat' dir='ltr'>ipsorum</span> <span class='ocrx_word' id='word_1_198' title='bbox 1361 2988 1531 3068; x_wconf 78' lang='lat' dir='ltr'>quibusviS,</span> <span class='ocrx_word' id='word_1_199' title='bbox 1560 2996 1667 3048; x_wconf 92' lang='lat' dir='ltr'>contra</span> 
     </span>
     <span class='ocr_line' id='line_1_25' title="bbox 390 3095 1668 3174; baseline 0.001 -20"><span class='ocrx_word' id='word_1_200' title='bbox 390 3095 524 3155; x_wconf 85' lang='lat' dir='ltr'>lormam</span> <span class='ocrx_word' id='word_1_201' title='bbox 547 3095 740 3174; x_wconf 88' lang='lat' dir='ltr'>praemissae</span> <span class='ocrx_word' id='word_1_202' title='bbox 764 3103 890 3155; x_wconf 88' lang='lat' dir='ltr'>nostrae</span> <span class='ocrx_word' id='word_1_203' title='bbox 913 3095 1072 3174; x_wconf 82' lang='lat' dir='ltr'>gratiosae</span> <span class='ocrx_word' id='word_1_204' title='bbox 1097 3095 1312 3173; x_wconf 87' lang='lat' dir='ltr'>exemptionis,</span> <span class='ocrx_word' id='word_1_205' title='bbox 1333 3096 1469 3170; x_wconf 90' lang='lat' dir='ltr'>turbare,</span> <span class='ocrx_word' id='word_1_206' title='bbox 1492 3096 1668 3169; x_wconf 89' lang='lat' dir='ltr'>molestare,</span> 
     </span>
     <span class='ocr_line' id='line_1_26' title="bbox 391 3201 1667 3281; baseline 0 -19"><span class='ocrx_word' id='word_1_207' title='bbox 391 3211 445 3262; x_wconf 86' lang='lat' dir='ltr'>aut</span> <span class='ocrx_word' id='word_1_208' title='bbox 467 3202 579 3281; x_wconf 90' lang='lat' dir='ltr'>quovis</span> <span class='ocrx_word' id='word_1_209' title='bbox 601 3202 696 3262; x_wconf 92' lang='lat' dir='ltr'>modo</span> <span class='ocrx_word' id='word_1_210' title='bbox 720 3201 922 3261; x_wconf 89' lang='lat' dir='ltr'>damnificare</span> <span class='ocrx_word' id='word_1_211' title='bbox 938 3210 1119 3279; x_wconf 89' lang='lat' dir='ltr'>praesumat</span> <span class='ocrx_word' id='word_1_212' title='bbox 1147 3221 1205 3262; x_wconf 88' lang='lat' dir='ltr'>nec</span> <span class='ocrx_word' id='word_1_213' title='bbox 1230 3203 1270 3262; x_wconf 91' lang='lat' dir='ltr'>sit</span> <span class='ocrx_word' id='word_1_214' title='bbox 1297 3221 1393 3262; x_wconf 90' lang='lat' dir='ltr'>ausus</span> <span class='ocrx_word' id='word_1_215' title='bbox 1416 3202 1510 3262; x_wconf 94' lang='lat' dir='ltr'>modo</span> <span class='ocrx_word' id='word_1_216' title='bbox 1534 3203 1667 3281; x_wconf 89' lang='lat' dir='ltr'>aliquali,</span> 
     </span>
     <span class='ocr_line' id='line_1_27' title="bbox 392 3309 1668 3389; baseline -0.001 -19"><span class='ocrx_word' id='word_1_217' title='bbox 392 3310 449 3370; x_wconf 90' lang='lat' dir='ltr'>sed</span> <span class='ocrx_word' id='word_1_218' title='bbox 473 3311 505 3370; x_wconf 93' lang='lat' dir='ltr'>in</span> <span class='ocrx_word' id='word_1_219' title='bbox 535 3309 684 3389; x_wconf 87' lang='lat' dir='ltr'>praefatis</span> <span class='ocrx_word' id='word_1_220' title='bbox 715 3309 909 3370; x_wconf 80' lang='lat' dir='ltr'>libertatibus</span> <span class='ocrx_word' id='word_1_221' title='bbox 939 3309 1005 3368; x_wconf 91' lang='lat' dir='ltr'>suis</span> <span class='ocrx_word' id='word_1_222' title='bbox 1037 3311 1165 3370; x_wconf 87' lang='lat' dir='ltr'>eosdem</span> <span class='ocrx_word' id='word_1_223' title='bbox 1190 3329 1378 3371; x_wconf 89' lang='lat' dir='ltr'>conservare</span> <span class='ocrx_word' id='word_1_224' title='bbox 1405 3319 1436 3370; x_wconf 92' lang='lat' dir='ltr'>et</span> <span class='ocrx_word' id='word_1_225' title='bbox 1466 3318 1668 3370; x_wconf 83' lang='lat' dir='ltr'>manutenere</span> 
     </span>
     <span class='ocr_line' id='line_1_28' title="bbox 390 3416 1668 3496; baseline -0.002 -18"><span class='ocrx_word' id='word_1_226' title='bbox 390 3417 530 3478; x_wconf 88' lang='lat' dir='ltr'>debeatis</span> <span class='ocrx_word' id='word_1_227' title='bbox 564 3425 595 3476; x_wconf 88' lang='lat' dir='ltr'>et</span> <span class='ocrx_word' id='word_1_228' title='bbox 625 3417 802 3478; x_wconf 77' lang='lat' dir='ltr'>teneamini</span> <span class='ocrx_word' id='word_1_229' title='bbox 834 3417 934 3477; x_wconf 90' lang='lat' dir='ltr'>Secus</span> <span class='ocrx_word' id='word_1_230' title='bbox 965 3435 1028 3476; x_wconf 92' lang='lat' dir='ltr'>non</span> <span class='ocrx_word' id='word_1_231' title='bbox 1059 3416 1178 3480; x_wconf 83' lang='lat' dir='ltr'>lactari.</span> <span class='ocrx_word' id='word_1_232' title='bbox 1203 3417 1426 3478; x_wconf 87' lang='lat' dir='ltr'>Praesentibus</span> <span class='ocrx_word' id='word_1_233' title='bbox 1448 3417 1592 3496; x_wconf 89' lang='lat' dir='ltr'>perlectis</span> <span class='ocrx_word' id='word_1_234' title='bbox 1616 3436 1668 3476; x_wconf 90' lang='lat' dir='ltr'>ex·</span> 
     </span>
     <span class='ocr_line' id='line_1_29' title="bbox 389 3523 1669 3606; baseline -0.002 -20"><span class='ocrx_word' id='word_1_235' title='bbox 389 3525 506 3586; x_wconf 88' lang='lat' dir='ltr'>bibenti</span> <span class='ocrx_word' id='word_1_236' title='bbox 529 3523 686 3586; x_wconf 88' lang='lat' dir='ltr'>restitutis.</span> <span class='ocrx_word' id='word_1_237' title='bbox 710 3524 826 3583; x_wconf 90' lang='lat' dir='ltr'>Datum</span> <span class='ocrx_word' id='word_1_238' title='bbox 848 3524 879 3584; x_wconf 91' lang='lat' dir='ltr'>in</span> <span class='ocrx_word' id='word_1_239' title='bbox 896 3543 968 3584; x_wconf 87' lang='lat' dir='ltr'>aree</span> <span class='ocrx_word' id='word_1_240' title='bbox 992 3531 1099 3584; x_wconf 90' lang='lat' dir='ltr'>nostra</span> <span class='ocrx_word' id='word_1_241' title='bbox 1124 3525 1214 3606; x_wconf 87' lang='lat' dir='ltr'>regia</span> <span class='ocrx_word' id='word_1_242' title='bbox 1241 3524 1402 3604; x_wconf 81' lang='lat' dir='ltr'>Pragensi,</span> <span class='ocrx_word' id='word_1_243' title='bbox 1426 3524 1549 3584; x_wconf 90' lang='lat' dir='ltr'>decima</span> <span class='ocrx_word' id='word_1_244' title='bbox 1580 3533 1669 3585; x_wconf 89' lang='lat' dir='ltr'>sexta</span> 
     </span>
     <span class='ocr_line' id='line_1_30' title="bbox 391 3630 1669 3712; baseline 0.002 -19"><span class='ocrx_word' id='word_1_245' title='bbox 391 3633 442 3693; x_wconf 91' lang='lat' dir='ltr'>die</span> <span class='ocrx_word' id='word_1_246' title='bbox 472 3632 590 3692; x_wconf 90' lang='lat' dir='ltr'>mensis</span> <span class='ocrx_word' id='word_1_247' title='bbox 624 3631 764 3705; x_wconf 89' lang='lat' dir='ltr'>ianuarii,</span> <span class='ocrx_word' id='word_1_248' title='bbox 799 3650 881 3691; x_wconf 92' lang='lat' dir='ltr'>anno</span> <span class='ocrx_word' id='word_1_249' title='bbox 913 3630 1030 3690; x_wconf 92' lang='lat' dir='ltr'>domini</span> <span class='ocrx_word' id='word_1_250' title='bbox 1064 3631 1228 3692; x_wconf 89' lang='lat' dir='ltr'>millesimo</span> <span class='ocrx_word' id='word_1_251' title='bbox 1259 3631 1524 3712; x_wconf 83' lang='lat' dir='ltr'>sexingentesimo</span> <span class='ocrx_word' id='word_1_252' title='bbox 1547 3641 1669 3696; x_wconf 87' lang='lat' dir='ltr'>octavo.</span> 
     </span>
    </p>
   </div>
   <div class='ocr_carea' id='block_1_3' title="bbox 435 3775 749 3853">
    <p class='ocr_par' dir='ltr' id='par_1_3' title="bbox 435 3775 749 3853">
     <span class='ocr_line' id='line_1_31' title="bbox 435 3775 749 3853; baseline -0.003 -19"><span class='ocrx_word' id='word_1_253' title='bbox 435 3775 618 3853; x_wconf 71' lang='lat' dir='ltr'>liudolphus</span> <span class='ocrx_word' id='word_1_254' title='bbox 641 3794 681 3836; x_wconf 84' lang='lat' dir='ltr'>m</span> <span class='ocrx_word' id='word_1_255' title='bbox 704 3793 749 3852; x_wconf 91' lang='lat' dir='ltr'>pr.</span> 
     </span>
    </p>
   </div>
   <div class='ocr_carea' id='block_1_4' title="bbox 1074 3899 1625 4195">
    <p class='ocr_par' dir='ltr' id='par_1_4' title="bbox 1074 3899 1625 4195">
     <span class='ocr_line' id='line_1_32' title="bbox 1074 3899 1625 3980; baseline 0 -21"><span class='ocrx_word' id='word_1_256' title='bbox 1074 3899 1258 3960; x_wconf 90' lang='lat' dir='ltr'>Franciscus</span> <span class='ocrx_word' id='word_1_257' title='bbox 1281 3901 1435 3980; x_wconf 92' lang='lat' dir='ltr'>Forgach,</span> <span class='ocrx_word' id='word_1_258' title='bbox 1459 3899 1625 3961; x_wconf 89' lang='lat' dir='ltr'>cardinalis</span> 
     </span>
     <span class='ocr_line' id='line_1_33' title="bbox 1164 4008 1506 4090; baseline 0.006 -21"><span class='ocrx_word' id='word_1_259' title='bbox 1164 4008 1389 4090; x_wconf 86' lang='lat' dir='ltr'>Strigoniensis</span> <span class='ocrx_word' id='word_1_260' title='bbox 1413 4029 1453 4071; x_wconf 90' lang='lat' dir='ltr'>m.</span> <span class='ocrx_word' id='word_1_261' title='bbox 1475 4029 1506 4088; x_wconf 90' lang='lat' dir='ltr'>p.</span> 
     </span>
     <span class='ocr_line' id='line_1_34' title="bbox 1184 4115 1499 4195; baseline 0.013 -20"><span class='ocrx_word' id='word_1_262' title='bbox 1184 4115 1382 4194; x_wconf 88' lang='lat' dir='ltr'>Himelreich,</span> <span class='ocrx_word' id='word_1_263' title='bbox 1407 4135 1446 4176; x_wconf 93' lang='lat' dir='ltr'>rn.</span> <span class='ocrx_word' id='word_1_264' title='bbox 1470 4137 1499 4195; x_wconf 90' lang='lat' dir='ltr'>p.</span> 
     </span>
    </p>
   </div>
   <div class='ocr_carea' id='block_1_5' title="bbox 391 4255 1669 4534">
    <p class='ocr_par' dir='ltr' id='par_1_5' title="bbox 391 4255 1669 4534">
     <span class='ocr_line' id='line_1_35' title="bbox 497 4255 1668 4339; baseline 0.003 -23"><span class='ocrx_word' id='word_1_265' title='bbox 497 4256 563 4317; x_wconf 87' lang='lat' dir='ltr'>lnf</span> <span class='ocrx_word' id='word_1_266' title='bbox 569 4275 612 4316; x_wconf 92' lang='lat' dir='ltr'>ra</span> <span class='ocrx_word' id='word_1_267' title='bbox 636 4255 675 4316; x_wconf 93' lang='lat' dir='ltr'>in</span> <span class='ocrx_word' id='word_1_268' title='bbox 698 4257 829 4318; x_wconf 91' lang='lat' dir='ltr'>calce:</span> <span class='ocrx_word' id='word_1_269' title='bbox 853 4258 1039 4318; x_wconf 90' lang='lat' dir='ltr'>Mandatum</span> <span class='ocrx_word' id='word_1_270' title='bbox 1063 4260 1212 4339; x_wconf 85' lang='lat' dir='ltr'>generale</span> <span class='ocrx_word' id='word_1_271' title='bbox 1229 4267 1423 4334; x_wconf 89' lang='lat' dir='ltr'>renovatum,</span> <span class='ocrx_word' id='word_1_272' title='bbox 1440 4279 1496 4338; x_wconf 91' lang='lat' dir='ltr'>pro</span> <span class='ocrx_word' id='word_1_273' title='bbox 1512 4261 1668 4320; x_wconf 91' lang='lat' dir='ltr'>nobilibus</span> 
     </span>
     <span class='ocr_line' id='line_1_36' title="bbox 393 4364 1669 4448; baseline 0.003 -24"><span class='ocrx_word' id='word_1_274' title='bbox 393 4364 483 4424; x_wconf 89' lang='lat' dir='ltr'>unius</span> <span class='ocrx_word' id='word_1_275' title='bbox 506 4364 655 4424; x_wconf 89' lang='lat' dir='ltr'>sessionis</span> <span class='ocrx_word' id='word_1_276' title='bbox 679 4364 793 4445; x_wconf 89' lang='lat' dir='ltr'>Campi</span> <span class='ocrx_word' id='word_1_277' title='bbox 815 4365 1059 4445; x_wconf 91' lang='lat' dir='ltr'>Turopoliensis,</span> <span class='ocrx_word' id='word_1_278' title='bbox 1084 4375 1117 4425; x_wconf 92' lang='lat' dir='ltr'>ut</span> <span class='ocrx_word' id='word_1_279' title='bbox 1147 4367 1178 4426; x_wconf 93' lang='lat' dir='ltr'>in</span> <span class='ocrx_word' id='word_1_280' title='bbox 1213 4367 1406 4428; x_wconf 90' lang='lat' dir='ltr'>libertatibus</span> <span class='ocrx_word' id='word_1_281' title='bbox 1437 4376 1469 4427; x_wconf 92' lang='lat' dir='ltr'>et</span> <span class='ocrx_word' id='word_1_282' title='bbox 1499 4367 1669 4448; x_wconf 88' lang='lat' dir='ltr'>privilegiis</span> 
     </span>
     <span class='ocr_line' id='line_1_37' title="bbox 391 4472 910 4534; baseline 0.008 -4"><span class='ocrx_word' id='word_1_283' title='bbox 391 4472 457 4531; x_wconf 89' lang='lat' dir='ltr'>suis</span> <span class='ocrx_word' id='word_1_284' title='bbox 480 4481 714 4534; x_wconf 87' lang='lat' dir='ltr'>conserventur.</span> <span class='ocrx_word' id='word_1_285' title='bbox 736 4473 910 4534; x_wconf 83' lang='lat' dir='ltr'>luridicum</span> 
     </span>
    </p>
   </div>
   <div class='ocr_carea' id='block_1_6' title="bbox 391 4577 1671 4986">
    <p class='ocr_par' dir='ltr' id='par_1_6' title="bbox 499 4577 1341 4662">
     <span class='ocr_line' id='line_1_38' title="bbox 499 4577 1341 4662; baseline 0.002 -24"><span class='ocrx_word' id='word_1_286' title='bbox 499 4580 541 4638; x_wconf 93' lang='lat' dir='ltr'>ln</span> <span class='ocrx_word' id='word_1_287' title='bbox 566 4580 706 4641; x_wconf 90' lang='lat' dir='ltr'>dorso:</span> <span class='ocrx_word' id='word_1_288' title='bbox 730 4583 919 4662; x_wconf 84' lang='lat' dir='ltr'>Regestrata</span> <span class='ocrx_word' id='word_1_289' title='bbox 940 4580 1015 4642; x_wconf 78' lang='lat' dir='ltr'>lolio</span> <span class='ocrx_word' id='word_1_290' title='bbox 1039 4578 1113 4641; x_wconf 85' lang='lat'><strong>800.</strong></span> <span class='ocrx_word' id='word_1_291' title='bbox 1138 4600 1220 4641; x_wconf 90' lang='lat' dir='ltr'>anno</span> <span class='ocrx_word' id='word_1_292' title='bbox 1249 4577 1341 4641; x_wconf 88' lang='grc'><strong>1608.</strong></span> 
     </span>
    </p>

    <p class='ocr_par' dir='ltr' id='par_1_7' title="bbox 391 4684 1671 4986">
     <span class='ocr_line' id='line_1_39' title="bbox 498 4684 1671 4770; baseline 0.003 -25"><span class='ocrx_word' id='word_1_293' title='bbox 498 4687 541 4746; x_wconf 93' lang='lat' dir='ltr'>ln</span> <span class='ocrx_word' id='word_1_294' title='bbox 565 4687 688 4747; x_wconf 91' lang='lat' dir='ltr'>dorso</span> <span class='ocrx_word' id='word_1_295' title='bbox 710 4689 749 4748; x_wconf 91' lang='lat' dir='ltr'>in</span> <span class='ocrx_word' id='word_1_296' title='bbox 773 4689 982 4770; x_wconf 90' lang='lat' dir='ltr'>margine:</span> <span class='ocrx_word' id='word_1_297' title='bbox 1008 4689 1100 4748; x_wconf 90' lang='lat' dir='ltr'>Anno</span> <span class='ocrx_word' id='word_1_298' title='bbox 1116 4688 1232 4748; x_wconf 91' lang='lat' dir='ltr'>domini</span> <span class='ocrx_word' id='word_1_299' title='bbox 1254 4684 1345 4748; x_wconf 83' lang='lat'><strong>1608.</strong></span> <span class='ocrx_word' id='word_1_300' title='bbox 1362 4698 1545 4767; x_wconf 87' lang='lat' dir='ltr'>praesentes</span> <span class='ocrx_word' id='word_1_301' title='bbox 1563 4689 1671 4750; x_wconf 89' lang='lat' dir='ltr'>literae</span> 
     </span>
     <span class='ocr_line' id='line_1_40' title="bbox 391 4793 1663 4878; baseline 0.003 -24"><span class='ocrx_word' id='word_1_302' title='bbox 391 4793 606 4855; x_wconf 88' lang='lat' dir='ltr'>saratissirnae</span> <span class='ocrx_word' id='word_1_303' title='bbox 627 4815 777 4857; x_wconf 89' lang='lat' dir='ltr'>caesarae</span> <span class='ocrx_word' id='word_1_304' title='bbox 799 4797 972 4876; x_wconf 88' lang='lat' dir='ltr'>regiaeque</span> <span class='ocrx_word' id='word_1_305' title='bbox 1003 4796 1176 4856; x_wconf 90' lang='lat' dir='ltr'>maiestatis</span> <span class='ocrx_word' id='word_1_306' title='bbox 1200 4797 1230 4855; x_wconf 92' lang='lat' dir='ltr'>in</span> <span class='ocrx_word' id='word_1_307' title='bbox 1254 4797 1394 4876; x_wconf 85' lang='lat' dir='ltr'>generali</span> <span class='ocrx_word' id='word_1_308' title='bbox 1418 4807 1663 4878; x_wconf 82' lang='lat' dir='ltr'>congregatione</span> 
     </span>
     <span class='ocr_line' id='line_1_41' title="bbox 393 4901 1665 4986; baseline 0.006 -26"><span class='ocrx_word' id='word_1_309' title='bbox 393 4901 588 4962; x_wconf 89' lang='lat' dir='ltr'>dominorum</span> <span class='ocrx_word' id='word_1_310' title='bbox 612 4911 750 4964; x_wconf 90' lang='lat' dir='ltr'>statuum</span> <span class='ocrx_word' id='word_1_311' title='bbox 774 4913 806 4964; x_wconf 91' lang='lat' dir='ltr'>et</span> <span class='ocrx_word' id='word_1_312' title='bbox 828 4905 972 4964; x_wconf 89' lang='lat' dir='ltr'>ordinum</span> <span class='ocrx_word' id='word_1_313' title='bbox 997 4903 1086 4984; x_wconf 90' lang='lat' dir='ltr'>regni</span> <span class='ocrx_word' id='word_1_314' title='bbox 1102 4904 1298 4976; x_wconf 87' lang='lat' dir='ltr'>Sclauoniae,</span> <span class='ocrx_word' id='word_1_315' title='bbox 1318 4905 1348 4964; x_wconf 92' lang='lat' dir='ltr'>in</span> <span class='ocrx_word' id='word_1_316' title='bbox 1366 4923 1438 4965; x_wconf 84' lang='lat' dir='ltr'>arce</span> <span class='ocrx_word' id='word_1_317' title='bbox 1456 4906 1665 4986; x_wconf 88' lang='lat' dir='ltr'>Zagrabiensi</span> 
     </span>
    </p>
   </div>
   <div class='ocr_carea' id='block_1_7' title="bbox 0 0 1982 5550">
    <p class='ocr_par' dir='ltr' id='par_1_8' title="bbox 0 0 1982 5550">
     <span class='ocr_line' id='line_1_42' title="bbox 0 0 1982 5550; baseline 0 0"><span class='ocrx_word' id='word_1_318' title='bbox 0 0 1982 5550; x_wconf 95' lang='lat' dir='ltr'> </span> 
     </span>
    </p>
   </div>
  </div>
 </body>
</html>
