<?xml version="1.0" encoding="UTF-8"?>
<!DOCTYPE html PUBLIC "-//W3C//DTD XHTML 1.0 Transitional//EN"
    "http://www.w3.org/TR/xhtml1/DTD/xhtml1-transitional.dtd">
<html xmlns="http://www.w3.org/1999/xhtml" xml:lang="en" lang="en">
 <head>
  <title>
</title>
<meta http-equiv="Content-Type" content="text/html;charset=utf-8" />
  <meta name='ocr-system' content='tesseract 3.04.00' />
  <meta name='ocr-capabilities' content='ocr_page ocr_carea ocr_par ocr_line ocrx_word'/>
</head>
<body>
  <div class='ocr_page' id='page_1' title='image "./povjesnispomeni00laszgoog_0504.png"; bbox 0 0 3934 5550; ppageno 0'>
   <div class='ocr_carea' id='block_1_1' title="bbox 1500 410 1567 474">
    <p class='ocr_par' dir='ltr' id='par_1_1' title="bbox 1500 410 1567 474">
     <span class='ocr_line' id='line_1_1' title="bbox 1500 410 1567 474; baseline 0.015 -3"><span class='ocrx_word' id='word_1_1' title='bbox 1500 410 1567 474; x_wconf 85' lang='grc'><strong>473</strong></span> 
     </span>
    </p>
   </div>
   <div class='ocr_carea' id='block_1_2' title="bbox 210 622 1574 4899">
    <p class='ocr_par' dir='ltr' id='par_1_2' title="bbox 210 622 1568 1031">
     <span class='ocr_line' id='line_1_2' title="bbox 389 622 1568 704; baseline 0 -18"><span class='ocrx_word' id='word_1_2' title='bbox 389 627 439 686; x_wconf 84' lang='lat' dir='ltr'><strong>Ad</strong></span> <span class='ocrx_word' id='word_1_3' title='bbox 463 629 480 704; x_wconf 83' lang='lat'>§</span> <span class='ocrx_word' id='word_1_4' title='bbox 506 624 556 686; x_wconf 90' lang='lat'><strong>54.</strong></span> <span class='ocrx_word' id='word_1_5' title='bbox 580 624 781 686; x_wconf 86' lang='lat' dir='ltr'><strong>Recrudescit</strong></span> <span class='ocrx_word' id='word_1_6' title='bbox 797 624 975 684; x_wconf 87' lang='lat' dir='ltr'><strong>observatio</strong></span> <span class='ocrx_word' id='word_1_7' title='bbox 1000 626 1041 684; x_wconf 92' lang='lat' dir='ltr'><strong>ad</strong></span> <span class='ocrx_word' id='word_1_8' title='bbox 1064 626 1102 702; x_wconf 58' lang='grc' dir='ltr'><strong>ἐξ</strong></span> <span class='ocrx_word' id='word_1_9' title='bbox 1119 622 1171 685; x_wconf 90' lang='lat'><strong>42.</strong></span> <span class='ocrx_word' id='word_1_10' title='bbox 1195 634 1228 685; x_wconf 92' lang='lat' dir='ltr'><strong>et</strong></span> <span class='ocrx_word' id='word_1_11' title='bbox 1251 622 1303 685; x_wconf 78' lang='lat'><strong>43.</strong></span> <span class='ocrx_word' id='word_1_12' title='bbox 1329 626 1464 702; x_wconf 89' lang='lat' dir='ltr'><strong>inducta,</strong></span> <span class='ocrx_word' id='word_1_13' title='bbox 1497 644 1568 686; x_wconf 91' lang='lat' dir='ltr'><strong>cum</strong></span> 
     </span>
     <span class='ocr_line' id='line_1_3' title="bbox 281 731 1567 812; baseline 0 -19"><span class='ocrx_word' id='word_1_14' title='bbox 281 744 346 794; x_wconf 86' lang='lat' dir='ltr'><strong>tam</strong></span> <span class='ocrx_word' id='word_1_15' title='bbox 380 754 495 812; x_wconf 90' lang='lat' dir='ltr'><strong>parvas</strong></span> <span class='ocrx_word' id='word_1_16' title='bbox 533 733 772 793; x_wconf 85' lang='lat' dir='ltr'><strong>communitates</strong></span> <span class='ocrx_word' id='word_1_17' title='bbox 807 731 902 792; x_wconf 90' lang='lat' dir='ltr'><strong>tantis</strong></span> <span class='ocrx_word' id='word_1_18' title='bbox 933 731 1119 793; x_wconf 76' lang='lat' dir='ltr'><strong>officialibus</strong></span> <span class='ocrx_word' id='word_1_19' title='bbox 1150 751 1283 792; x_wconf 91' lang='lat' dir='ltr'><strong>onerare</strong></span> <span class='ocrx_word' id='word_1_20' title='bbox 1314 751 1377 792; x_wconf 90' lang='lat' dir='ltr'><strong>non</strong></span> <span class='ocrx_word' id='word_1_21' title='bbox 1410 733 1567 811; x_wconf 82' lang='lat' dir='ltr'><strong>expediat,</strong></span> 
     </span>
     <span class='ocr_line' id='line_1_4' title="bbox 210 840 1566 923; baseline -0.001 -20"><span class='ocrx_word' id='word_1_22' title='bbox 210 863 216 878; x_wconf 87' lang='lat'><strong><em>¹</em></strong></span> <span class='ocrx_word' id='word_1_23' title='bbox 283 860 392 903; x_wconf 83' lang='lat' dir='ltr'><strong>rerum</strong></span> <span class='ocrx_word' id='word_1_24' title='bbox 423 842 515 903; x_wconf 84' lang='lat' dir='ltr'><strong>iudex</strong></span> <span class='ocrx_word' id='word_1_25' title='bbox 546 840 697 923; x_wconf 81' lang='lat' dir='ltr'>pagensis</span> <span class='ocrx_word' id='word_1_26' title='bbox 727 860 798 899; x_wconf 89' lang='lat' dir='ltr'><strong>curn</strong></span> <span class='ocrx_word' id='word_1_27' title='bbox 830 859 892 901; x_wconf 90' lang='lat' dir='ltr'><strong>uno</strong></span> <span class='ocrx_word' id='word_1_28' title='bbox 924 841 1063 900; x_wconf 86' lang='lat' dir='ltr'><strong>alterove</strong></span> <span class='ocrx_word' id='word_1_29' title='bbox 1093 840 1195 900; x_wconf 89' lang='lat' dir='ltr'><strong>iurato</strong></span> <span class='ocrx_word' id='word_1_30' title='bbox 1219 842 1259 899; x_wconf 93' lang='lat' dir='ltr'><strong>ad</strong></span> <span class='ocrx_word' id='word_1_31' title='bbox 1282 840 1411 920; x_wconf 88' lang='lat' dir='ltr'><strong>negotia</strong></span> <span class='ocrx_word' id='word_1_32' title='bbox 1443 842 1566 919; x_wconf 90' lang='lat' dir='ltr'><strong>praevi·</strong></span> 
     </span>
     <span class='ocr_line' id='line_1_5' title="bbox 283 947 1306 1031; baseline -0.004 -21"><span class='ocrx_word' id='word_1_33' title='bbox 283 951 369 1031; x_wconf 88' lang='lat' dir='ltr'><strong>genti</strong></span> <span class='ocrx_word' id='word_1_34' title='bbox 393 951 546 1028; x_wconf 86' lang='lat' dir='ltr'>sphaerae</span> <span class='ocrx_word' id='word_1_35' title='bbox 570 968 647 1008; x_wconf 87' lang='lat' dir='ltr'><strong>suae</strong></span> <span class='ocrx_word' id='word_1_36' title='bbox 672 956 926 1009; x_wconf 86' lang='lat' dir='ltr'><strong>commensurata</strong></span> <span class='ocrx_word' id='word_1_37' title='bbox 948 947 1142 1025; x_wconf 87' lang='lat' dir='ltr'><strong>perficienda</strong></span> <span class='ocrx_word' id='word_1_38' title='bbox 1166 948 1306 1008; x_wconf 85' lang='lat' dir='ltr'><strong>sufficiat.</strong></span> 
     </span>
    </p>

    <p class='ocr_par' dir='ltr' id='par_1_3' title="bbox 263 1052 1574 4899">
     <span class='ocr_line' id='line_1_6' title="bbox 388 1052 1565 1135; baseline -0.003 -20"><span class='ocrx_word' id='word_1_39' title='bbox 388 1057 439 1117; x_wconf 83' lang='lat' dir='ltr'><strong>Ad</strong></span> <span class='ocrx_word' id='word_1_40' title='bbox 463 1059 481 1133; x_wconf 60' lang='grc' dir='ltr'>ἓ</span> <span class='ocrx_word' id='word_1_41' title='bbox 505 1055 556 1117; x_wconf 89' lang='lat'><strong>55.</strong></span> <span class='ocrx_word' id='word_1_42' title='bbox 577 1058 788 1135; x_wconf 87' lang='lat' dir='ltr'><strong>Posteaquam</strong></span> <span class='ocrx_word' id='word_1_43' title='bbox 807 1055 876 1131; x_wconf 83' lang='lat' dir='ltr'><strong>in§</strong></span> <span class='ocrx_word' id='word_1_44' title='bbox 899 1052 951 1113; x_wconf 84' lang='lat'><strong>33.</strong></span> <span class='ocrx_word' id='word_1_45' title='bbox 975 1054 1121 1115; x_wconf 86' lang='lat' dir='ltr'><strong>omnibus</strong></span> <span class='ocrx_word' id='word_1_46' title='bbox 1143 1053 1212 1127; x_wconf 91' lang='lat' dir='ltr'><strong>illis,</strong></span> <span class='ocrx_word' id='word_1_47' title='bbox 1235 1055 1289 1133; x_wconf 89' lang='lat' dir='ltr'><strong>qui</strong></span> <span class='ocrx_word' id='word_1_48' title='bbox 1312 1055 1343 1114; x_wconf 92' lang='lat' dir='ltr'><strong>in</strong></span> <span class='ocrx_word' id='word_1_49' title='bbox 1367 1054 1565 1115; x_wconf 88' lang='lat' dir='ltr'><strong>comitatibus</strong></span> 
     </span>
     <span class='ocr_line' id='line_1_7' title="bbox 279 1160 1569 1242; baseline -0.004 -18"><span class='ocrx_word' id='word_1_50' title='bbox 279 1165 345 1225; x_wconf 88' lang='lat' dir='ltr'><strong>iure</strong></span> <span class='ocrx_word' id='word_1_51' title='bbox 376 1164 440 1224; x_wconf 90' lang='lat' dir='ltr'><strong>voti</strong></span> <span class='ocrx_word' id='word_1_52' title='bbox 472 1164 595 1242; x_wconf 91' lang='lat' dir='ltr'><strong>pollent,</strong></span> <span class='ocrx_word' id='word_1_53' title='bbox 626 1163 721 1222; x_wconf 89' lang='lat' dir='ltr'><strong>etiam</strong></span> <span class='ocrx_word' id='word_1_54' title='bbox 744 1162 775 1222; x_wconf 91' lang='lat' dir='ltr'><strong>in</strong></span> <span class='ocrx_word' id='word_1_55' title='bbox 799 1160 922 1239; x_wconf 92' lang='lat' dir='ltr'><strong>Campo</strong></span> <span class='ocrx_word' id='word_1_56' title='bbox 949 1160 1121 1239; x_wconf 88' lang='lat' dir='ltr'><strong>Turopolja</strong></span> <span class='ocrx_word' id='word_1_57' title='bbox 1142 1161 1211 1221; x_wconf 91' lang='lat' dir='ltr'><strong>iura</strong></span> <span class='ocrx_word' id='word_1_58' title='bbox 1233 1161 1359 1240; x_wconf 90' lang='lat' dir='ltr'><strong>publica</strong></span> <span class='ocrx_word' id='word_1_59' title='bbox 1381 1161 1569 1236; x_wconf 89' lang='lat' dir='ltr'><strong>tribuuntur,</strong></span> 
     </span>
     <span class='ocr_line' id='line_1_8' title="bbox 284 1268 1569 1348; baseline -0.003 -17"><span class='ocrx_word' id='word_1_60' title='bbox 284 1274 301 1348; x_wconf 62' lang='grc' dir='ltr'><strong>ἕ</strong></span> <span class='ocrx_word' id='word_1_61' title='bbox 327 1270 398 1331; x_wconf 92' lang='lat' dir='ltr'><strong>dein</strong></span> <span class='ocrx_word' id='word_1_62' title='bbox 423 1268 474 1330; x_wconf 86' lang='lat'><strong>46.</strong></span> <span class='ocrx_word' id='word_1_63' title='bbox 499 1268 807 1348; x_wconf 84' lang='lat' dir='ltr'><strong>repraesentantibus</strong></span> <span class='ocrx_word' id='word_1_64' title='bbox 824 1268 1081 1328; x_wconf 90' lang='lat' dir='ltr'><strong>communitatum</strong></span> <span class='ocrx_word' id='word_1_65' title='bbox 1097 1268 1305 1329; x_wconf 89' lang='lat' dir='ltr'><strong>nobilitarium</strong></span> <span class='ocrx_word' id='word_1_66' title='bbox 1322 1270 1353 1327; x_wconf 91' lang='lat' dir='ltr'><strong>in</strong></span> <span class='ocrx_word' id='word_1_67' title='bbox 1369 1268 1569 1348; x_wconf 87' lang='lat' dir='ltr'><strong>generalibus</strong></span> 
     </span>
     <span class='ocr_line' id='line_1_9' title="bbox 281 1374 1567 1459; baseline -0.003 -21"><span class='ocrx_word' id='word_1_68' title='bbox 281 1377 578 1459; x_wconf 86' lang='lat' dir='ltr'><strong>congregationibus</strong></span> <span class='ocrx_word' id='word_1_69' title='bbox 602 1377 651 1436; x_wconf 90' lang='lat' dir='ltr'><strong>ius</strong></span> <span class='ocrx_word' id='word_1_70' title='bbox 674 1376 738 1440; x_wconf 92' lang='lat' dir='ltr'><strong>voti</strong></span> <span class='ocrx_word' id='word_1_71' title='bbox 766 1375 954 1449; x_wconf 88' lang='lat' dir='ltr'><strong>conceditur,</strong></span> <span class='ocrx_word' id='word_1_72' title='bbox 983 1376 1110 1435; x_wconf 88' lang='lat' dir='ltr'><strong>demum</strong></span> <span class='ocrx_word' id='word_1_73' title='bbox 1133 1379 1151 1452; x_wconf 62' lang='grc' dir='ltr'>ᾗ</span> <span class='ocrx_word' id='word_1_74' title='bbox 1175 1374 1228 1436; x_wconf 83' lang='lat'><strong>49.</strong></span> <span class='ocrx_word' id='word_1_75' title='bbox 1251 1396 1362 1437; x_wconf 90' lang='lat' dir='ltr'><strong>omnes</strong></span> <span class='ocrx_word' id='word_1_76' title='bbox 1386 1376 1436 1450; x_wconf 91' lang='lat' dir='ltr'><strong>illi,</strong></span> <span class='ocrx_word' id='word_1_77' title='bbox 1460 1375 1567 1455; x_wconf 81' lang='lat' dir='ltr'><strong>quiin</strong></span> 
     </span>
     <span class='ocr_line' id='line_1_10' title="bbox 285 1482 1567 1563; baseline -0.003 -18"><span class='ocrx_word' id='word_1_78' title='bbox 285 1484 482 1545; x_wconf 90' lang='lat' dir='ltr'><strong>comitatibus</strong></span> <span class='ocrx_word' id='word_1_79' title='bbox 514 1483 655 1543; x_wconf 88' lang='lat' dir='ltr'><strong>membra</strong></span> <span class='ocrx_word' id='word_1_80' title='bbox 679 1483 960 1563; x_wconf 81' lang='lat' dir='ltr'><strong>congregationum</strong></span> <span class='ocrx_word' id='word_1_81' title='bbox 984 1484 1179 1563; x_wconf 89' lang='lat' dir='ltr'><strong>generalium</strong></span> <span class='ocrx_word' id='word_1_82' title='bbox 1204 1484 1350 1557; x_wconf 87' lang='lat' dir='ltr'><strong>efficiunt,</strong></span> <span class='ocrx_word' id='word_1_83' title='bbox 1374 1502 1430 1561; x_wconf 94' lang='lat' dir='ltr'><strong>pro</strong></span> <span class='ocrx_word' id='word_1_84' title='bbox 1454 1482 1567 1542; x_wconf 86' lang='lat' dir='ltr'><strong>talibus</strong></span> 
     </span>
     <span class='ocr_line' id='line_1_11' title="bbox 283 1589 1569 1671; baseline -0.002 -19"><span class='ocrx_word' id='word_1_85' title='bbox 283 1593 377 1653; x_wconf 90' lang='lat' dir='ltr'><strong>etiarn</strong></span> <span class='ocrx_word' id='word_1_86' title='bbox 400 1592 432 1651; x_wconf 92' lang='lat' dir='ltr'><strong>in</strong></span> <span class='ocrx_word' id='word_1_87' title='bbox 456 1590 578 1669; x_wconf 90' lang='lat' dir='ltr'><strong>Campo</strong></span> <span class='ocrx_word' id='word_1_88' title='bbox 601 1589 772 1667; x_wconf 89' lang='lat' dir='ltr'><strong>Turopolja</strong></span> <span class='ocrx_word' id='word_1_89' title='bbox 795 1591 1002 1666; x_wconf 89' lang='lat' dir='ltr'><strong>declarantur,</strong></span> <span class='ocrx_word' id='word_1_90' title='bbox 1030 1589 1152 1669; x_wconf 89' lang='lat' dir='ltr'><strong>concipi</strong></span> <span class='ocrx_word' id='word_1_91' title='bbox 1176 1610 1252 1651; x_wconf 85' lang='lat' dir='ltr'><strong>sane</strong></span> <span class='ocrx_word' id='word_1_92' title='bbox 1284 1591 1400 1671; x_wconf 88' lang='lat' dir='ltr'><strong>nequit,</strong></span> <span class='ocrx_word' id='word_1_93' title='bbox 1436 1590 1569 1669; x_wconf 92' lang='lat' dir='ltr'><strong>qualiter</strong></span> 
     </span>
     <span class='ocr_line' id='line_1_12' title="bbox 284 1698 1565 1778; baseline -0.002 -19"><span class='ocrx_word' id='word_1_94' title='bbox 284 1701 361 1760; x_wconf 91' lang='lat' dir='ltr'><strong>citra</strong></span> <span class='ocrx_word' id='word_1_95' title='bbox 389 1708 497 1759; x_wconf 90' lang='lat' dir='ltr'><strong>notam</strong></span> <span class='ocrx_word' id='word_1_96' title='bbox 530 1698 805 1775; x_wconf 87' lang='lat' dir='ltr'><strong>inconsequentiae</strong></span> <span class='ocrx_word' id='word_1_97' title='bbox 837 1698 869 1757; x_wconf 91' lang='lat' dir='ltr'><strong>in</strong></span> <span class='ocrx_word' id='word_1_98' title='bbox 900 1699 1104 1778; x_wconf 88' lang='lat' dir='ltr'><strong>magistratus</strong></span> <span class='ocrx_word' id='word_1_99' title='bbox 1135 1698 1335 1759; x_wconf 85' lang='lat' dir='ltr'><strong>districtualis</strong></span> <span class='ocrx_word' id='word_1_100' title='bbox 1364 1698 1565 1759; x_wconf 84' lang='lat' dir='ltr'><strong>restauratio·</strong></span> 
     </span>
     <span class='ocr_line' id='line_1_13' title="bbox 284 1805 1565 1885; baseline -0.002 -18"><span class='ocrx_word' id='word_1_101' title='bbox 284 1808 375 1868; x_wconf 89' lang='lat' dir='ltr'><strong>nibus</strong></span> <span class='ocrx_word' id='word_1_102' title='bbox 405 1807 453 1866; x_wconf 90' lang='lat' dir='ltr'><strong>ius</strong></span> <span class='ocrx_word' id='word_1_103' title='bbox 484 1806 559 1865; x_wconf 88' lang='lat' dir='ltr'><strong>voti</strong></span> <span class='ocrx_word' id='word_1_104' title='bbox 581 1806 622 1864; x_wconf 92' lang='lat' dir='ltr'><strong>ad</strong></span> <span class='ocrx_word' id='word_1_105' title='bbox 653 1805 721 1865; x_wconf 89' lang='lat' dir='ltr'><strong>illos</strong></span> <span class='ocrx_word' id='word_1_106' title='bbox 753 1806 852 1865; x_wconf 90' lang='lat' dir='ltr'><strong>solum</strong></span> <span class='ocrx_word' id='word_1_107' title='bbox 884 1806 1032 1885; x_wconf 86' lang='lat' dir='ltr'><strong>restringi</strong></span> <span class='ocrx_word' id='word_1_108' title='bbox 1055 1805 1163 1884; x_wconf 89' lang='lat' dir='ltr'><strong>possit,</strong></span> <span class='ocrx_word' id='word_1_109' title='bbox 1187 1806 1240 1885; x_wconf 93' lang='lat' dir='ltr'><strong>qui</strong></span> <span class='ocrx_word' id='word_1_110' title='bbox 1263 1808 1295 1865; x_wconf 91' lang='lat' dir='ltr'><strong>in</strong></span> <span class='ocrx_word' id='word_1_111' title='bbox 1318 1825 1375 1866; x_wconf 91' lang='lat' dir='ltr'><strong>usu</strong></span> <span class='ocrx_word' id='word_1_112' title='bbox 1400 1806 1468 1865; x_wconf 90' lang='lat' dir='ltr'><strong>eius</strong></span> <span class='ocrx_word' id='word_1_113' title='bbox 1492 1807 1565 1865; x_wconf 90' lang='lat' dir='ltr'><strong>hac·</strong></span> 
     </span>
     <span class='ocr_line' id='line_1_14' title="bbox 285 1912 1567 1994; baseline -0.002 -19"><span class='ocrx_word' id='word_1_114' title='bbox 285 1926 376 1976; x_wconf 89' lang='lat' dir='ltr'><strong>tenus</strong></span> <span class='ocrx_word' id='word_1_115' title='bbox 409 1914 620 1994; x_wconf 80' lang='lat' dir='ltr'><strong>praefuerunt,</strong></span> <span class='ocrx_word' id='word_1_116' title='bbox 653 1914 778 1992; x_wconf 91' lang='lat' dir='ltr'><strong>quando</strong></span> <span class='ocrx_word' id='word_1_117' title='bbox 811 1920 942 1989; x_wconf 89' lang='lat' dir='ltr'><strong>constat,</strong></span> <span class='ocrx_word' id='word_1_118' title='bbox 974 1915 1058 1992; x_wconf 91' lang='lat' dir='ltr'><strong>quod</strong></span> <span class='ocrx_word' id='word_1_119' title='bbox 1092 1914 1140 1983; x_wconf 86' lang='lat' dir='ltr'><strong>ius</strong></span> <span class='ocrx_word' id='word_1_120' title='bbox 1174 1913 1275 1974; x_wconf 91' lang='lat' dir='ltr'><strong>isthoc</strong></span> <span class='ocrx_word' id='word_1_121' title='bbox 1306 1934 1364 1974; x_wconf 90' lang='lat' dir='ltr'><strong>nec</strong></span> <span class='ocrx_word' id='word_1_122' title='bbox 1388 1912 1567 1994; x_wconf 85' lang='lat' dir='ltr'><strong>singillativi</strong></span> 
     </span>
     <span class='ocr_line' id='line_1_15' title="bbox 285 2019 1571 2099; baseline -0.002 -18"><span class='ocrx_word' id='word_1_123' title='bbox 285 2022 411 2096; x_wconf 91' lang='lat' dir='ltr'><strong>nobiles,</strong></span> <span class='ocrx_word' id='word_1_124' title='bbox 435 2040 537 2099; x_wconf 85' lang='lat' dir='ltr'><strong>neque</strong></span> <span class='ocrx_word' id='word_1_125' title='bbox 562 2020 612 2080; x_wconf 90' lang='lat' dir='ltr'><strong>alii</strong></span> <span class='ocrx_word' id='word_1_126' title='bbox 636 2019 843 2079; x_wconf 90' lang='lat' dir='ltr'><strong>nobilitarium</strong></span> <span class='ocrx_word' id='word_1_127' title='bbox 877 2020 1135 2080; x_wconf 89' lang='lat' dir='ltr'><strong>communitatum</strong></span> <span class='ocrx_word' id='word_1_128' title='bbox 1155 2030 1438 2099; x_wconf 88' lang='lat' dir='ltr'><strong>repraesentantes,</strong></span> <span class='ocrx_word' id='word_1_129' title='bbox 1462 2040 1571 2081; x_wconf 86' lang='lat' dir='ltr'><strong>verum</strong></span> 
     </span>
     <span class='ocr_line' id='line_1_16' title="bbox 285 2127 1569 2190; baseline -0.001 -1"><span class='ocrx_word' id='word_1_130' title='bbox 285 2131 374 2189; x_wconf 90' lang='lat' dir='ltr'><strong>unice</strong></span> <span class='ocrx_word' id='word_1_131' title='bbox 399 2148 507 2189; x_wconf 88' lang='lat' dir='ltr'><strong>earum</strong></span> <span class='ocrx_word' id='word_1_132' title='bbox 531 2127 649 2187; x_wconf 88' lang='lat' dir='ltr'><strong>iudices</strong></span> <span class='ocrx_word' id='word_1_133' title='bbox 673 2146 745 2187; x_wconf 91' lang='lat' dir='ltr'><strong>cum</strong></span> <span class='ocrx_word' id='word_1_134' title='bbox 769 2127 875 2187; x_wconf 88' lang='lat' dir='ltr'><strong>electis</strong></span> <span class='ocrx_word' id='word_1_135' title='bbox 900 2128 1112 2188; x_wconf 87' lang='lat' dir='ltr'><strong>assessoribus</strong></span> <span class='ocrx_word' id='word_1_136' title='bbox 1135 2129 1311 2189; x_wconf 89' lang='lat' dir='ltr'><strong>honorariis</strong></span> <span class='ocrx_word' id='word_1_137' title='bbox 1340 2138 1374 2189; x_wconf 89' lang='lat' dir='ltr'><strong>et</strong></span> <span class='ocrx_word' id='word_1_138' title='bbox 1397 2130 1569 2190; x_wconf 88' lang='lat' dir='ltr'><strong>viceasses·</strong></span> 
     </span>
     <span class='ocr_line' id='line_1_17' title="bbox 285 2236 1569 2316; baseline -0.001 -21"><span class='ocrx_word' id='word_1_139' title='bbox 285 2237 407 2296; x_wconf 90' lang='lat' dir='ltr'><strong>soribus</strong></span> <span class='ocrx_word' id='word_1_140' title='bbox 440 2237 480 2296; x_wconf 88' lang='lat' dir='ltr'><strong>de</strong></span> <span class='ocrx_word' id='word_1_141' title='bbox 512 2243 678 2313; x_wconf 89' lang='lat' dir='ltr'><strong>praesente</strong></span> <span class='ocrx_word' id='word_1_142' title='bbox 703 2243 878 2308; x_wconf 77' lang='lat' dir='ltr'><strong>exerceant,</strong></span> <span class='ocrx_word' id='word_1_143' title='bbox 903 2236 943 2294; x_wconf 91' lang='lat' dir='ltr'><strong>ad</strong></span> <span class='ocrx_word' id='word_1_144' title='bbox 968 2254 1061 2313; x_wconf 90' lang='lat' dir='ltr'><strong>quem</strong></span> <span class='ocrx_word' id='word_1_145' title='bbox 1090 2236 1238 2316; x_wconf 86' lang='lat' dir='ltr'><strong>exiguum</strong></span> <span class='ocrx_word' id='word_1_146' title='bbox 1262 2256 1435 2310; x_wconf 90' lang='lat' dir='ltr'><strong>numerum,</strong></span> <span class='ocrx_word' id='word_1_147' title='bbox 1459 2245 1493 2295; x_wconf 95' lang='lat' dir='ltr'><strong>ut</strong></span> <span class='ocrx_word' id='word_1_148' title='bbox 1515 2255 1569 2294; x_wconf 92' lang='lat' dir='ltr'><strong>nu·</strong></span> 
     </span>
     <span class='ocr_line' id='line_1_18' title="bbox 285 2344 1569 2425; baseline -0.002 -20"><span class='ocrx_word' id='word_1_149' title='bbox 285 2364 389 2405; x_wconf 91' lang='lat' dir='ltr'><strong>merus</strong></span> <span class='ocrx_word' id='word_1_150' title='bbox 425 2344 666 2405; x_wconf 88' lang='lat' dir='ltr'><strong>restaurantium</strong></span> <span class='ocrx_word' id='word_1_151' title='bbox 706 2344 934 2405; x_wconf 89' lang='lat' dir='ltr'><strong>individuorum</strong></span> <span class='ocrx_word' id='word_1_152' title='bbox 970 2363 1026 2422; x_wconf 88' lang='lat' dir='ltr'><strong>per</strong></span> <span class='ocrx_word' id='word_1_153' title='bbox 1060 2345 1162 2422; x_wconf 88' lang='lat' dir='ltr'><strong>ipsam</strong></span> <span class='ocrx_word' id='word_1_154' title='bbox 1196 2346 1300 2425; x_wconf 90' lang='lat' dir='ltr'><strong>legem</strong></span> <span class='ocrx_word' id='word_1_155' title='bbox 1335 2344 1367 2404; x_wconf 93' lang='lat' dir='ltr'><strong>in</strong></span> <span class='ocrx_word' id='word_1_156' title='bbox 1402 2345 1569 2405; x_wconf 89' lang='lat' dir='ltr'><strong>obversum</strong></span> 
     </span>
     <span class='ocr_line' id='line_1_19' title="bbox 287 2450 1571 2531; baseline -0.002 -20"><span class='ocrx_word' id='word_1_157' title='bbox 287 2453 416 2511; x_wconf 87' lang='lat' dir='ltr'><strong>aliorum</strong></span> <span class='ocrx_word' id='word_1_158' title='bbox 434 2452 500 2511; x_wconf 88' lang='lat' dir='ltr'><strong>eius</strong></span> <span class='ocrx_word' id='word_1_159' title='bbox 515 2461 700 2531; x_wconf 90' lang='lat' dir='ltr'><strong>punctorum</strong></span> <span class='ocrx_word' id='word_1_160' title='bbox 725 2452 940 2531; x_wconf 86' lang='lat' dir='ltr'><strong>restringatur,</strong></span> <span class='ocrx_word' id='word_1_161' title='bbox 961 2453 1145 2529; x_wconf 88' lang='lat' dir='ltr'><strong>praesertim</strong></span> <span class='ocrx_word' id='word_1_162' title='bbox 1161 2452 1187 2511; x_wconf 92' lang='lat' dir='ltr'><strong>si</strong></span> <span class='ocrx_word' id='word_1_163' title='bbox 1204 2452 1324 2513; x_wconf 89' lang='lat' dir='ltr'><strong>nobiles</strong></span> <span class='ocrx_word' id='word_1_164' title='bbox 1339 2453 1371 2512; x_wconf 93' lang='lat' dir='ltr'><strong>in</strong></span> <span class='ocrx_word' id='word_1_165' title='bbox 1387 2450 1571 2531; x_wconf 89' lang='lat' dir='ltr'><strong>peripheriis</strong></span> 
     </span>
     <span class='ocr_line' id='line_1_20' title="bbox 289 2558 1571 2639; baseline -0.003 -20"><span class='ocrx_word' id='word_1_166' title='bbox 289 2559 523 2639; x_wconf 91' lang='lat' dir='ltr'><strong>possessionum</strong></span> <span class='ocrx_word' id='word_1_167' title='bbox 537 2558 657 2618; x_wconf 90' lang='lat' dir='ltr'><strong>Chiche</strong></span> <span class='ocrx_word' id='word_1_168' title='bbox 674 2577 711 2618; x_wconf 90' lang='lat' dir='ltr'><strong>ac</strong></span> <span class='ocrx_word' id='word_1_169' title='bbox 724 2558 892 2618; x_wconf 89' lang='lat' dir='ltr'><strong>Vukovina</strong></span> <span class='ocrx_word' id='word_1_170' title='bbox 908 2560 1071 2639; x_wconf 88' lang='lat' dir='ltr'><strong>degentes,</strong></span> <span class='ocrx_word' id='word_1_171' title='bbox 1087 2558 1174 2618; x_wconf 80' lang='lat' dir='ltr'><strong>iuxta</strong></span> <span class='ocrx_word' id='word_1_172' title='bbox 1190 2560 1363 2637; x_wconf 88' lang='lat' dir='ltr'><strong>proiectum</strong></span> <span class='ocrx_word' id='word_1_173' title='bbox 1377 2559 1437 2618; x_wconf 94' lang='lat' dir='ltr'><strong>hoc</strong></span> <span class='ocrx_word' id='word_1_174' title='bbox 1450 2558 1571 2635; x_wconf 90' lang='lat' dir='ltr'><strong>Campo</strong></span> 
     </span>
     <span class='ocr_line' id='line_1_21' title="bbox 290 2665 1573 2746; baseline -0.004 -19"><span class='ocrx_word' id='word_1_175' title='bbox 290 2666 460 2745; x_wconf 88' lang='lat' dir='ltr'><strong>Turopolja</strong></span> <span class='ocrx_word' id='word_1_176' title='bbox 490 2666 761 2746; x_wconf 88' lang='lat' dir='ltr'><strong>ingremiarentur,</strong></span> <span class='ocrx_word' id='word_1_177' title='bbox 786 2666 926 2744; x_wconf 84' lang='lat' dir='ltr'><strong>proiecto</strong></span> <span class='ocrx_word' id='word_1_178' title='bbox 959 2686 978 2725; x_wconf 93' lang='lat' dir='ltr'><strong>a</strong></span> <span class='ocrx_word' id='word_1_179' title='bbox 1009 2674 1114 2726; x_wconf 88' lang='lat' dir='ltr'><strong>mente</strong></span> <span class='ocrx_word' id='word_1_180' title='bbox 1138 2666 1342 2746; x_wconf 87' lang='lat' dir='ltr'><strong>legislationis</strong></span> <span class='ocrx_word' id='word_1_181' title='bbox 1369 2667 1504 2727; x_wconf 88' lang='lat' dir='ltr'><strong>alienum</strong></span> <span class='ocrx_word' id='word_1_182' title='bbox 1527 2665 1573 2723; x_wconf 85' lang='lat' dir='ltr'><strong>to-</strong></span> 
     </span>
     <span class='ocr_line' id='line_1_22' title="bbox 289 2772 1573 2854; baseline -0.003 -18"><span class='ocrx_word' id='word_1_183' title='bbox 289 2785 344 2837; x_wconf 89' lang='lat' dir='ltr'><strong>ret.</strong></span> <span class='ocrx_word' id='word_1_184' title='bbox 375 2776 546 2836; x_wconf 89' lang='lat' dir='ltr'><strong>Caeterum</strong></span> <span class='ocrx_word' id='word_1_185' title='bbox 575 2795 645 2836; x_wconf 91' lang='lat' dir='ltr'><strong>cum</strong></span> <span class='ocrx_word' id='word_1_186' title='bbox 678 2776 709 2834; x_wconf 95' lang='lat' dir='ltr'><strong>in</strong></span> <span class='ocrx_word' id='word_1_187' title='bbox 741 2776 1020 2835; x_wconf 89' lang='lat' dir='ltr'><strong>restaurationibus</strong></span> <span class='ocrx_word' id='word_1_188' title='bbox 1052 2775 1165 2853; x_wconf 91' lang='lat' dir='ltr'><strong>Campi</strong></span> <span class='ocrx_word' id='word_1_189' title='bbox 1190 2775 1361 2854; x_wconf 89' lang='lat' dir='ltr'><strong>Turopolja</strong></span> <span class='ocrx_word' id='word_1_190' title='bbox 1395 2772 1573 2835; x_wconf 90' lang='lat' dir='ltr'><strong>candidatio</strong></span> 
     </span>
     <span class='ocr_line' id='line_1_23' title="bbox 287 2883 1571 2962; baseline -0.003 -18"><span class='ocrx_word' id='word_1_191' title='bbox 287 2884 465 2962; x_wconf 92' lang='lat' dir='ltr'><strong>simpliciter</strong></span> <span class='ocrx_word' id='word_1_192' title='bbox 498 2884 688 2956; x_wconf 86' lang='lat' dir='ltr'><strong>excludatur,</strong></span> <span class='ocrx_word' id='word_1_193' title='bbox 721 2903 777 2961; x_wconf 90' lang='lat' dir='ltr'><strong>per</strong></span> <span class='ocrx_word' id='word_1_194' title='bbox 808 2883 839 2942; x_wconf 93' lang='lat' dir='ltr'><strong>id</strong></span> <span class='ocrx_word' id='word_1_195' title='bbox 871 2883 1106 2961; x_wconf 89' lang='lat' dir='ltr'><strong>antiquissimus</strong></span> <span class='ocrx_word' id='word_1_196' title='bbox 1129 2903 1205 2943; x_wconf 92' lang='lat' dir='ltr'><strong>usus</strong></span> <span class='ocrx_word' id='word_1_197' title='bbox 1228 2883 1435 2945; x_wconf 87' lang='lat' dir='ltr'><strong>verosimilius</strong></span> <span class='ocrx_word' id='word_1_198' title='bbox 1459 2902 1498 2942; x_wconf 85' lang='lat' dir='ltr'><strong>ex</strong></span> <span class='ocrx_word' id='word_1_199' title='bbox 1521 2900 1571 2941; x_wconf 89' lang='lat' dir='ltr'><strong>re-</strong></span> 
     </span>
     <span class='ocr_line' id='line_1_24' title="bbox 289 2989 1568 3070; baseline -0.001 -21"><span class='ocrx_word' id='word_1_200' title='bbox 289 2991 448 3070; x_wconf 89' lang='lat' dir='ltr'><strong>gulatione</strong></span> <span class='ocrx_word' id='word_1_201' title='bbox 472 2990 718 3049; x_wconf 88' lang='lat' dir='ltr'><strong>Eszterhaziana</strong></span> <span class='ocrx_word' id='word_1_202' title='bbox 741 3008 940 3067; x_wconf 71' lang='lat' dir='ltr'><strong>promanans</strong></span> <span class='ocrx_word' id='word_1_203' title='bbox 963 2990 996 3048; x_wconf 86' lang='lat' dir='ltr'><strong>vi</strong></span> <span class='ocrx_word' id='word_1_204' title='bbox 1010 2991 1099 3050; x_wconf 90' lang='lat' dir='ltr'><strong>cuius</strong></span> <span class='ocrx_word' id='word_1_205' title='bbox 1114 2989 1147 3049; x_wconf 90' lang='lat' dir='ltr'><strong>in</strong></span> <span class='ocrx_word' id='word_1_206' title='bbox 1162 2991 1401 3070; x_wconf 90' lang='lat' dir='ltr'><strong>quaestionatis·</strong></span> <span class='ocrx_word' id='word_1_207' title='bbox 1412 2999 1568 3050; x_wconf 86' lang='lat' dir='ltr'><strong>restaura·</strong></span> 
     </span>
     <span class='ocr_line' id='line_1_25' title="bbox 288 3097 1570 3176; baseline -0.003 -18"><span class='ocrx_word' id='word_1_208' title='bbox 288 3099 423 3158; x_wconf 90' lang='lat' dir='ltr'><strong>tionibus</strong></span> <span class='ocrx_word' id='word_1_209' title='bbox 447 3117 565 3172; x_wconf 88' lang='lat' dir='ltr'><strong>mensa,</strong></span> <span class='ocrx_word' id='word_1_210' title='bbox 600 3097 714 3176; x_wconf 90' lang='lat' dir='ltr'><strong>quippe</strong></span> <span class='ocrx_word' id='word_1_211' title='bbox 739 3115 926 3171; x_wconf 71' lang='lat' dir='ltr'><strong>assessores</strong></span> <span class='ocrx_word' id='word_1_212' title='bbox 950 3098 1108 3158; x_wconf 91' lang='lat' dir='ltr'><strong>honorarii</strong></span> <span class='ocrx_word' id='word_1_213' title='bbox 1133 3117 1319 3172; x_wconf 84' lang='lat' dir='ltr'><strong>assessores,</strong></span> <span class='ocrx_word' id='word_1_214' title='bbox 1343 3106 1374 3158; x_wconf 88' lang='lat' dir='ltr'><strong>et</strong></span> <span class='ocrx_word' id='word_1_215' title='bbox 1397 3097 1570 3157; x_wconf 89' lang='lat' dir='ltr'><strong>viceasses·</strong></span> 
     </span>
     <span class='ocr_line' id='line_1_26' title="bbox 289 3203 1569 3282; baseline -0.003 -17"><span class='ocrx_word' id='word_1_216' title='bbox 289 3225 376 3265; x_wconf 88' lang='lat' dir='ltr'><strong>sores</strong></span> <span class='ocrx_word' id='word_1_217' title='bbox 391 3204 567 3282; x_wconf 88' lang='lat' dir='ltr'><strong>candidant,</strong></span> <span class='ocrx_word' id='word_1_218' title='bbox 590 3205 623 3264; x_wconf 95' lang='lat' dir='ltr'><strong>hi</strong></span> <span class='ocrx_word' id='word_1_219' title='bbox 639 3222 714 3263; x_wconf 91' lang='lat' dir='ltr'><strong>vero</strong></span> <span class='ocrx_word' id='word_1_220' title='bbox 742 3223 812 3263; x_wconf 89' lang='lat' dir='ltr'><strong>curn</strong></span> <span class='ocrx_word' id='word_1_221' title='bbox 836 3204 990 3264; x_wconf 85' lang='lat' dir='ltr'><strong>iudicibus</strong></span> <span class='ocrx_word' id='word_1_222' title='bbox 1016 3205 1274 3265; x_wconf 90' lang='lat' dir='ltr'><strong>communitatum</strong></span> <span class='ocrx_word' id='word_1_223' title='bbox 1300 3205 1392 3264; x_wconf 90' lang='lat' dir='ltr'><strong>simul</strong></span> <span class='ocrx_word' id='word_1_224' title='bbox 1418 3203 1569 3264; x_wconf 86' lang='lat' dir='ltr'><strong>officiales</strong></span> 
     </span>
     <span class='ocr_line' id='line_1_27' title="bbox 289 3311 1572 3392; baseline -0.003 -20"><span class='ocrx_word' id='word_1_225' title='bbox 289 3312 400 3391; x_wconf 89' lang='lat' dir='ltr'><strong>Campi</strong></span> <span class='ocrx_word' id='word_1_226' title='bbox 426 3311 553 3392; x_wconf 86' lang='lat' dir='ltr'><strong>eligunt,</strong></span> <span class='ocrx_word' id='word_1_227' title='bbox 577 3320 608 3370; x_wconf 91' lang='lat' dir='ltr'><strong>et</strong></span> <span class='ocrx_word' id='word_1_228' title='bbox 631 3319 782 3370; x_wconf 89' lang='lat' dir='ltr'><strong>vacantes</strong></span> <span class='ocrx_word' id='word_1_229' title='bbox 806 3311 957 3371; x_wconf 89' lang='lat' dir='ltr'><strong>stationes</strong></span> <span class='ocrx_word' id='word_1_230' title='bbox 980 3313 1190 3372; x_wconf 83' lang='lat' dir='ltr'><strong>assessorales</strong></span> <span class='ocrx_word' id='word_1_231' title='bbox 1213 3332 1283 3372; x_wconf 93' lang='lat' dir='ltr'><strong>cum</strong></span> <span class='ocrx_word' id='word_1_232' title='bbox 1308 3330 1494 3384; x_wconf 86' lang='lat' dir='ltr'><strong>assessores,</strong></span> <span class='ocrx_word' id='word_1_233' title='bbox 1517 3311 1572 3369; x_wconf 93' lang='lat' dir='ltr'><strong>ho-</strong></span> 
     </span>
     <span class='ocr_line' id='line_1_28' title="bbox 291 3419 1568 3498; baseline -0.002 -18"><span class='ocrx_word' id='word_1_234' title='bbox 291 3420 405 3481; x_wconf 87' lang='lat' dir='ltr'><strong>norarii</strong></span> <span class='ocrx_word' id='word_1_235' title='bbox 429 3437 607 3480; x_wconf 90' lang='lat' dir='ltr'><strong>assessores</strong></span> <span class='ocrx_word' id='word_1_236' title='bbox 641 3427 671 3477; x_wconf 90' lang='lat' dir='ltr'><strong>et</strong></span> <span class='ocrx_word' id='word_1_237' title='bbox 694 3419 943 3479; x_wconf 87' lang='lat' dir='ltr'><strong>viceassessores</strong></span> <span class='ocrx_word' id='word_1_238' title='bbox 973 3419 1086 3497; x_wconf 90' lang='lat' dir='ltr'><strong>Campi</strong></span> <span class='ocrx_word' id='word_1_239' title='bbox 1119 3420 1292 3498; x_wconf 87' lang='lat' dir='ltr'><strong>Turopolja</strong></span> <span class='ocrx_word' id='word_1_240' title='bbox 1321 3420 1474 3479; x_wconf 90' lang='lat' dir='ltr'><strong>hactenus</strong></span> <span class='ocrx_word' id='word_1_241' title='bbox 1505 3438 1568 3478; x_wconf 92' lang='lat' dir='ltr'><strong>non</strong></span> 
     </span>
     <span class='ocr_line' id='line_1_29' title="bbox 290 3525 1567 3604; baseline -0.002 -16"><span class='ocrx_word' id='word_1_242' title='bbox 290 3548 391 3588; x_wconf 83' lang='lat' dir='ltr'><strong>annue</strong></span> <span class='ocrx_word' id='word_1_243' title='bbox 424 3535 473 3586; x_wconf 91' lang='lat' dir='ltr'><strong>ast</strong></span> <span class='ocrx_word' id='word_1_244' title='bbox 503 3527 543 3585; x_wconf 88' lang='lat' dir='ltr'><strong>ad</strong></span> <span class='ocrx_word' id='word_1_245' title='bbox 572 3525 637 3586; x_wconf 91' lang='lat' dir='ltr'><strong>dies</strong></span> <span class='ocrx_word' id='word_1_246' title='bbox 668 3525 751 3585; x_wconf 88' lang='lat' dir='ltr'><strong>vitae</strong></span> <span class='ocrx_word' id='word_1_247' title='bbox 784 3525 873 3585; x_wconf 90' lang='lat' dir='ltr'><strong>electi</strong></span> <span class='ocrx_word' id='word_1_248' title='bbox 903 3525 1026 3599; x_wconf 87' lang='lat' dir='ltr'><strong>fuerint,</strong></span> <span class='ocrx_word' id='word_1_249' title='bbox 1057 3529 1222 3604; x_wconf 84' lang='lat' dir='ltr'><strong>complent,</strong></span> <span class='ocrx_word' id='word_1_250' title='bbox 1268 3545 1307 3586; x_wconf 83' lang='lat' dir='ltr'><strong>ex</strong></span> <span class='ocrx_word' id='word_1_251' title='bbox 1340 3536 1404 3586; x_wconf 89' lang='lat' dir='ltr'><strong>toto</strong></span> <span class='ocrx_word' id='word_1_252' title='bbox 1438 3527 1567 3586; x_wconf 87' lang='lat' dir='ltr'><strong>alterca·</strong></span> 
     </span>
     <span class='ocr_line' id='line_1_30' title="bbox 289 3633 1572 3713; baseline -0.002 -17"><span class='ocrx_word' id='word_1_253' title='bbox 289 3647 381 3696; x_wconf 87' lang='lat' dir='ltr'><strong>retur.</strong></span> <span class='ocrx_word' id='word_1_254' title='bbox 413 3635 554 3713; x_wconf 88' lang='lat' dir='ltr'><strong>Denique</strong></span> <span class='ocrx_word' id='word_1_255' title='bbox 586 3654 657 3693; x_wconf 90' lang='lat' dir='ltr'><strong>curn</strong></span> <span class='ocrx_word' id='word_1_256' title='bbox 691 3633 880 3694; x_wconf 90' lang='lat' dir='ltr'><strong>districtibus</strong></span> <span class='ocrx_word' id='word_1_257' title='bbox 912 3634 1097 3693; x_wconf 89' lang='lat' dir='ltr'><strong>Flumisensi</strong></span> <span class='ocrx_word' id='word_1_258' title='bbox 1129 3653 1167 3694; x_wconf 92' lang='lat' dir='ltr'><strong>ac</strong></span> <span class='ocrx_word' id='word_1_259' title='bbox 1201 3635 1385 3694; x_wconf 91' lang='lat' dir='ltr'><strong>Buccarano</strong></span> <span class='ocrx_word' id='word_1_260' title='bbox 1409 3634 1441 3693; x_wconf 92' lang='lat' dir='ltr'><strong>in</strong></span> <span class='ocrx_word' id='word_1_261' title='bbox 1476 3633 1572 3712; x_wconf 88' lang='lat' dir='ltr'><strong>quali·</strong></span> 
     </span>
     <span class='ocr_line' id='line_1_31' title="bbox 290 3741 1573 3822; baseline -0.003 -19"><span class='ocrx_word' id='word_1_262' title='bbox 290 3753 353 3803; x_wconf 84' lang='lat' dir='ltr'><strong>tate</strong></span> <span class='ocrx_word' id='word_1_263' title='bbox 390 3741 544 3820; x_wconf 88' lang='lat' dir='ltr'><strong>capitanei</strong></span> <span class='ocrx_word' id='word_1_264' title='bbox 580 3741 698 3819; x_wconf 90' lang='lat' dir='ltr'><strong>praesit</strong></span> <span class='ocrx_word' id='word_1_265' title='bbox 729 3742 921 3822; x_wconf 87' lang='lat' dir='ltr'><strong>gubernator</strong></span> <span class='ocrx_word' id='word_1_266' title='bbox 948 3760 1005 3819; x_wconf 92' lang='lat' dir='ltr'><strong>per</strong></span> <span class='ocrx_word' id='word_1_267' title='bbox 1037 3760 1127 3799; x_wconf 90' lang='lat' dir='ltr'><strong>suam</strong></span> <span class='ocrx_word' id='word_1_268' title='bbox 1157 3741 1355 3800; x_wconf 90' lang='lat' dir='ltr'><strong>maiestatem</strong></span> <span class='ocrx_word' id='word_1_269' title='bbox 1386 3741 1573 3812; x_wconf 90' lang='lat' dir='ltr'><strong>nominatus,</strong></span> 
     </span>
     <span class='ocr_line' id='line_1_32' title="bbox 290 3849 1573 3928; baseline -0.005 -17"><span class='ocrx_word' id='word_1_270' title='bbox 290 3853 320 3910; x_wconf 91' lang='lat' dir='ltr'><strong>in</strong></span> <span class='ocrx_word' id='word_1_271' title='bbox 356 3851 496 3910; x_wconf 89' lang='lat' dir='ltr'><strong>districtu</strong></span> <span class='ocrx_word' id='word_1_272' title='bbox 531 3867 624 3927; x_wconf 91' lang='lat' dir='ltr'><strong>porro</strong></span> <span class='ocrx_word' id='word_1_273' title='bbox 663 3849 802 3928; x_wconf 89' lang='lat' dir='ltr'><strong>lazigum</strong></span> <span class='ocrx_word' id='word_1_274' title='bbox 842 3857 872 3909; x_wconf 90' lang='lat' dir='ltr'><strong>et</strong></span> <span class='ocrx_word' id='word_1_275' title='bbox 908 3849 1122 3909; x_wconf 89' lang='lat' dir='ltr'><strong>Cumanorum</strong></span> <span class='ocrx_word' id='word_1_276' title='bbox 1160 3868 1341 3926; x_wconf 88' lang='lat' dir='ltr'><strong>supremum</strong></span> <span class='ocrx_word' id='word_1_277' title='bbox 1375 3849 1573 3927; x_wconf 88' lang='lat' dir='ltr'><strong>capitaneum</strong></span> 
     </span>
     <span class='ocr_line' id='line_1_33' title="bbox 289 3955 1571 4035; baseline -0.002 -18"><span class='ocrx_word' id='word_1_278' title='bbox 289 3958 444 4035; x_wconf 86' lang='lat' dir='ltr'><strong>palatinus</strong></span> <span class='ocrx_word' id='word_1_279' title='bbox 469 3956 558 4035; x_wconf 90' lang='lat' dir='ltr'><strong>regni</strong></span> <span class='ocrx_word' id='word_1_280' title='bbox 583 3955 775 4035; x_wconf 63' lang='lat' dir='ltr'><strong>Hungariae&#39;</strong></span> <span class='ocrx_word' id='word_1_281' title='bbox 791 3955 936 4028; x_wconf 90' lang='lat' dir='ltr'><strong>nominet,</strong></span> <span class='ocrx_word' id='word_1_282' title='bbox 961 3956 993 4014; x_wconf 91' lang='lat' dir='ltr'><strong>in</strong></span> <span class='ocrx_word' id='word_1_283' title='bbox 1017 3956 1157 4015; x_wconf 87' lang='lat' dir='ltr'><strong>districtu</strong></span> <span class='ocrx_word' id='word_1_284' title='bbox 1191 3975 1267 4016; x_wconf 88' lang='lat' dir='ltr'><strong>vero</strong></span> <span class='ocrx_word' id='word_1_285' title='bbox 1290 3955 1472 4032; x_wconf 90' lang='lat' dir='ltr'><strong>Hajdonum</strong></span> <span class='ocrx_word' id='word_1_286' title='bbox 1496 3973 1571 4014; x_wconf 89' lang='lat' dir='ltr'><strong>eun·</strong></span> 
     </span>
     <span class='ocr_line' id='line_1_34' title="bbox 290 4060 1572 4141; baseline -0.002 -18"><span class='ocrx_word' id='word_1_287' title='bbox 290 4066 362 4123; x_wconf 90' lang='lat' dir='ltr'><strong>dem</strong></span> <span class='ocrx_word' id='word_1_288' title='bbox 386 4064 584 4141; x_wconf 89' lang='lat' dir='ltr'><strong>capitaneum</strong></span> <span class='ocrx_word' id='word_1_289' title='bbox 609 4081 666 4122; x_wconf 92' lang='lat' dir='ltr'><strong>sua</strong></span> <span class='ocrx_word' id='word_1_290' title='bbox 690 4062 839 4122; x_wconf 90' lang='lat' dir='ltr'><strong>maiestas</strong></span> <span class='ocrx_word' id='word_1_291' title='bbox 864 4081 902 4121; x_wconf 85' lang='lat' dir='ltr'><strong>ex</strong></span> <span class='ocrx_word' id='word_1_292' title='bbox 927 4063 1102 4123; x_wconf 89' lang='lat' dir='ltr'><strong>candidatis</strong></span> <span class='ocrx_word' id='word_1_293' title='bbox 1127 4082 1182 4141; x_wconf 89' lang='lat' dir='ltr'><strong>per</strong></span> <span class='ocrx_word' id='word_1_294' title='bbox 1205 4063 1379 4122; x_wconf 84' lang='lat' dir='ltr'><strong>districtum</strong></span> <span class='ocrx_word' id='word_1_295' title='bbox 1406 4060 1572 4121; x_wconf 90' lang='lat' dir='ltr'><strong>individuis</strong></span> 
     </span>
     <span class='ocr_line' id='line_1_35' title="bbox 290 4170 1572 4250; baseline -0.002 -20"><span class='ocrx_word' id='word_1_296' title='bbox 290 4173 435 4245; x_wconf 86' lang='lat' dir='ltr'><strong>resolvat,</strong></span> <span class='ocrx_word' id='word_1_297' title='bbox 467 4171 571 4230; x_wconf 91' lang='lat' dir='ltr'><strong>liberis</strong></span> <span class='ocrx_word' id='word_1_298' title='bbox 605 4180 710 4230; x_wconf 89' lang='lat' dir='ltr'><strong>autern</strong></span> <span class='ocrx_word' id='word_1_299' title='bbox 743 4178 774 4230; x_wconf 93' lang='lat' dir='ltr'><strong>et</strong></span> <span class='ocrx_word' id='word_1_300' title='bbox 806 4171 902 4250; x_wconf 89' lang='lat' dir='ltr'><strong>regiis</strong></span> <span class='ocrx_word' id='word_1_301' title='bbox 934 4170 1111 4230; x_wconf 91' lang='lat' dir='ltr'><strong>civitatibus</strong></span> <span class='ocrx_word' id='word_1_302' title='bbox 1135 4171 1221 4230; x_wconf 85' lang='lat' dir='ltr'><strong>iuxta</strong></span> <span class='ocrx_word' id='word_1_303' title='bbox 1243 4171 1488 4249; x_wconf 91' lang='lat' dir='ltr'><strong>propositionem</strong></span> <span class='ocrx_word' id='word_1_304' title='bbox 1521 4189 1572 4228; x_wconf 85' lang='lat' dir='ltr'><strong>ex·</strong></span> 
     </span>
     <span class='ocr_line' id='line_1_36' title="bbox 290 4277 1569 4358; baseline -0.003 -20"><span class='ocrx_word' id='word_1_305' title='bbox 290 4279 443 4338; x_wconf 88' lang='lat' dir='ltr'><strong>celsorum</strong></span> <span class='ocrx_word' id='word_1_306' title='bbox 467 4297 632 4358; x_wconf 89' lang='lat' dir='ltr'><strong>procerum</strong></span> <span class='ocrx_word' id='word_1_307' title='bbox 657 4279 736 4358; x_wconf 89' lang='lat' dir='ltr'><strong>regii</strong></span> <span class='ocrx_word' id='word_1_308' title='bbox 759 4279 952 4358; x_wconf 89' lang='lat' dir='ltr'><strong>insrespecto</strong></span> <span class='ocrx_word' id='word_1_309' title='bbox 977 4279 1179 4357; x_wconf 87' lang='lat' dir='ltr'><strong>praeficiendi</strong></span> <span class='ocrx_word' id='word_1_310' title='bbox 1204 4287 1320 4354; x_wconf 86' lang='lat' dir='ltr'><strong>essent,</strong></span> <span class='ocrx_word' id='word_1_311' title='bbox 1344 4279 1487 4355; x_wconf 86' lang='lat' dir='ltr'><strong>adeoque</strong></span> <span class='ocrx_word' id='word_1_312' title='bbox 1510 4277 1569 4335; x_wconf 93' lang='lat' dir='ltr'><strong>sin-</strong></span> 
     </span>
     <span class='ocr_line' id='line_1_37' title="bbox 290 4384 1572 4466; baseline -0.003 -21"><span class='ocrx_word' id='word_1_313' title='bbox 290 4387 382 4465; x_wconf 86' lang='lat' dir='ltr'><strong>gulae</strong></span> <span class='ocrx_word' id='word_1_314' title='bbox 407 4385 610 4445; x_wconf 87' lang='lat' dir='ltr'><strong>iurisdictioni</strong></span> <span class='ocrx_word' id='word_1_315' title='bbox 634 4387 788 4464; x_wconf 88' lang='lat' dir='ltr'><strong>separatis</strong></span> <span class='ocrx_word' id='word_1_316' title='bbox 812 4386 910 4466; x_wconf 90' lang='lat' dir='ltr'><strong>portis</strong></span> <span class='ocrx_word' id='word_1_317' title='bbox 933 4386 1078 4464; x_wconf 89' lang='lat' dir='ltr'><strong>provisae</strong></span> <span class='ocrx_word' id='word_1_318' title='bbox 1103 4387 1297 4446; x_wconf 90' lang='lat' dir='ltr'><strong>individuum</strong></span> <span class='ocrx_word' id='word_1_319' title='bbox 1320 4385 1463 4446; x_wconf 86' lang='lat' dir='ltr'><strong>electioni</strong></span> <span class='ocrx_word' id='word_1_320' title='bbox 1487 4384 1572 4442; x_wconf 92' lang='lat' dir='ltr'><strong>haud</strong></span> 
     </span>
     <span class='ocr_line' id='line_1_38' title="bbox 292 4491 1573 4571; baseline -0.003 -17"><span class='ocrx_word' id='word_1_321' title='bbox 292 4494 460 4554; x_wconf 86' lang='lat' dir='ltr'><strong>obnoxium</strong></span> <span class='ocrx_word' id='word_1_322' title='bbox 495 4494 752 4571; x_wconf 90' lang='lat' dir='ltr'><strong>praeponendum</strong></span> <span class='ocrx_word' id='word_1_323' title='bbox 788 4494 835 4567; x_wconf 91' lang='lat' dir='ltr'><strong>sit,</strong></span> <span class='ocrx_word' id='word_1_324' title='bbox 874 4513 1078 4554; x_wconf 89' lang='lat' dir='ltr'><strong>necessarum</strong></span> <span class='ocrx_word' id='word_1_325' title='bbox 1101 4494 1259 4567; x_wconf 88' lang='lat' dir='ltr'><strong>evaderet,</strong></span> <span class='ocrx_word' id='word_1_326' title='bbox 1295 4503 1336 4567; x_wconf 87' lang='lat' dir='ltr'><strong>ut,</strong></span> <span class='ocrx_word' id='word_1_327' title='bbox 1372 4493 1398 4552; x_wconf 92' lang='lat' dir='ltr'><strong>si</strong></span> <span class='ocrx_word' id='word_1_328' title='bbox 1432 4491 1573 4570; x_wconf 89' lang='lat' dir='ltr'><strong>Campus</strong></span> 
     </span>
     <span class='ocr_line' id='line_1_39' title="bbox 289 4599 1573 4678; baseline -0.002 -19"><span class='ocrx_word' id='word_1_329' title='bbox 289 4601 459 4678; x_wconf 87' lang='lat' dir='ltr'><strong>Turopolja</strong></span> <span class='ocrx_word' id='word_1_330' title='bbox 491 4600 532 4660; x_wconf 90' lang='lat' dir='ltr'><strong>ad</strong></span> <span class='ocrx_word' id='word_1_331' title='bbox 565 4599 804 4678; x_wconf 88' lang='lat' dir='ltr'><strong>indepedentem</strong></span> <span class='ocrx_word' id='word_1_332' title='bbox 836 4600 1080 4661; x_wconf 87' lang='lat' dir='ltr'><strong>iurisdictionem</strong></span> <span class='ocrx_word' id='word_1_333' title='bbox 1104 4602 1289 4674; x_wconf 89' lang='lat' dir='ltr'><strong>elevaretur,</strong></span> <span class='ocrx_word' id='word_1_334' title='bbox 1321 4600 1423 4660; x_wconf 88' lang='lat' dir='ltr'><strong>eidem</strong></span> <span class='ocrx_word' id='word_1_335' title='bbox 1450 4617 1573 4677; x_wconf 90' lang='lat' dir='ltr'><strong>quoque</strong></span> 
     </span>
     <span class='ocr_line' id='line_1_40' title="bbox 263 4706 1574 4789; baseline -0.001 -22"><span class='ocrx_word' id='word_1_336' title='bbox 263 4727 395 4768; x_wconf 88' lang='lat' dir='ltr'><strong>·comes</strong></span> <span class='ocrx_word' id='word_1_337' title='bbox 427 4707 580 4768; x_wconf 88' lang='lat' dir='ltr'><strong>terrestris</strong></span> <span class='ocrx_word' id='word_1_338' title='bbox 613 4708 721 4788; x_wconf 82' lang='lat' dir='ltr'><strong>regiae</strong></span> <span class='ocrx_word' id='word_1_339' title='bbox 752 4706 1022 4788; x_wconf 87' lang='lat' dir='ltr'><strong>denominationis,</strong></span> <span class='ocrx_word' id='word_1_340' title='bbox 1047 4708 1265 4774; x_wconf 88' lang='lat' dir='ltr'><strong>restaurationi</strong></span> <span class='ocrx_word' id='word_1_341' title='bbox 1294 4707 1380 4773; x_wconf 89' lang='lat' dir='ltr'><strong>haud</strong></span> <span class='ocrx_word' id='word_1_342' title='bbox 1412 4706 1574 4789; x_wconf 72' lang='lat' dir='ltr'><strong>obnoxius,</strong></span> 
     </span>
     <span class='ocr_line' id='line_1_41' title="bbox 289 4816 414 4899; baseline -0.008 -25"><span class='ocrx_word' id='word_1_343' title='bbox 289 4816 414 4899; x_wconf 82' lang='lat' dir='ltr'><strong>praesit,</strong></span> 
     </span>
    </p>
   </div>
   <div class='ocr_carea' id='block_1_3' title="bbox 0 0 1983 5550">
    <p class='ocr_par' dir='ltr' id='par_1_4' title="bbox 0 0 1983 5550">
     <span class='ocr_line' id='line_1_42' title="bbox 0 0 1983 5550; baseline 0 0"><span class='ocrx_word' id='word_1_344' title='bbox 0 0 1983 5550; x_wconf 95' lang='lat' dir='ltr'><strong> </strong></span> 
     </span>
    </p>
   </div>
  </div>
 </body>
</html>
