3934 5550
486 799 577 857 Anno
607 795 698 859 1779.
722 793 774 860 26.
797 796 936 856 ianuarii.
962 795 1111 856 Viennae.

484 993 601 1054 Comes
625 995 649 1052 F
651 993 810 1066 ranciscns
834 992 990 1068 Erdeody,
1014 991 1154 1071 Georgio
1180 990 1358 1071 Pogledich,
1390 988 1495 1048 comiti
1519 987 1657 1048 terrestri

378 1103 490 1180 Campi
514 1103 693 1180 Turopolya
717 1102 802 1160 iussn
827 1121 903 1162 suae
928 1101 1100 1161 maiestatis
1132 1101 1261 1177 intimat,
1285 1109 1319 1159 ut
1342 1119 1359 1158 e
1383 1100 1487 1159 medio
1519 1117 1655 1159 commu·

377 1209 481 1268 nitatis
505 1209 652 1269 nobilium
677 1209 789 1287 Campi
823 1209 1012 1286 Turopolya,
1043 1229 1105 1287 quo
1138 1209 1236 1268 maior
1266 1207 1400 1286 potuerit
1431 1225 1580 1265 numerus
1605 1203 1656 1265 ¹ad

377 1316 560 1395 erigendum
585 1317 765 1376 banderiale
797 1335 918 1395 corpus,
948 1316 1055 1376 habita
1087 1336 1158 1374 cum
1191 1316 1343 1374 colonello
1374 1314 1487 1373 comite
1520 1314 1656 1372 Draslro·

378 1423 443 1481 vics
467 1423 719 1503 cointelligentia,
743 1432 906 1484 statuatur.
935 1423 1018 1482 »Sua
1041 1424 1190 1482 maiestas
1206 1423 1356 1502 egregiae
1374 1422 1494 1481 virtutis
1516 1420 1657 1480 militaris

377 1549 433 1609 per
456 1531 609 1610 degentes
632 1531 663 1590 in
688 1531 835 1591 Croatiae
867 1550 966 1610 regno
991 1531 1036 1590 sic
1060 1532 1158 1590 dictos
1183 1531 1379 1590 banderiales
1402 1530 1545 1588 homines
1567 1547 1656 1608 prae·

377 1638 467 1697 terito
485 1638 651 1698 Borussico
675 1639 756 1698 bello
780 1638 933 1698 editorum
958 1639 1171 1718 speciminum,
1187 1639 1409 1716 praeclareque
1424 1645 1559 1698 navatae
1583 1655 1656 1714 ope·

376 1764 430 1805 rae
454 1765 582 1822 mernor,
606 1765 719 1824 corpus
743 1765 781 1806 ex
805 1747 852 1805 his
884 1745 1064 1805 banderiale
1088 1747 1147 1805 hac
1171 1746 1264 1805 etiam
1289 1746 1360 1804 helli
1384 1746 1549 1805 occasione
1574 1745 1656 1804 colo-

377 1853 457 1912 nello
481 1854 585 1912 comiti
610 1854 800 1914 Draskovics
832 1855 1011 1933 quantotius
1043 1854 1226 1932 erigendum
1260 1854 1429 1912 clementer
1452 1847 1656 1913 desiderat«¹.

482 1974 627 2046 Originale
646 1977 834 2031 chartaceum.
853 1978 884 2029 ln
904 1977 1018 2030 archivo
1037 1993 1179 2030 commun.
1198 1977 1263 2028 nob.
1283 1977 1320 2028 de
1339 1975 1499 2044 Turopoljc.

378 2086 591 2094 ---—-—-.-—-..

486 2137 494 2169 ¹
505 2141 561 2192 lam
575 2139 618 2192 20.
632 2138 764 2191 februarii
778 2139 921 2208 Zagrabia,
931 2139 1051 2191 Mathias
1061 2139 1241 2190 Bomemisza
1254 2136 1334 2191 aliter
1347 2137 1549 2204 Ztolnikovich,
1560 2138 1654 2189 cidem

375 2231 471 2283 comiti
491 2237 556 2282 terr.
577 2229 795 2296 dispositionem
815 2230 882 2282 bani
901 2229 1044 2282 Francisci
1064 2229 1177 2280 comitis
1197 2229 1233 2280 de
1253 2228 1367 2282 Nadasd
1381 2229 1408 2281 d.
1422 2229 1450 2281 d.
1464 2226 1507 2280 18.
1522 2227 1655 2280 februarii

376 2318 524 2371 Varasdini
544 2323 703 2370 emanatam
717 2318 916 2382 communicat,
935 2334 992 2386 qua
1010 2317 1156 2370 comitatui
1171 2317 1324 2383 intimatur,
1337 2318 1414 2385 quod
1427 2315 1655 2380 banderialistae,

375 2409 423 2476 qui
434 2409 531 2461 comiti
542 2407 713 2459 Draskovics
733 2405 855 2459 subesse
877 2407 1025 2471 deberent,
1039 2423 1129 2474 usquc
1143 2407 1308 2459 ulteriorem
1319 2407 1538 2473 dispositionem
1553 2420 1657 2472 expec-

375 2503 435 2549 tare
455 2497 571 2561 debent,
589 2497 655 2564 quia
675 2512 730 2548 non
752 2497 872 2562 amplius
893 2497 931 2548 ita
951 2511 1056 2564 urgens
1075 2497 1232 2548 necessitas
1257 2497 1302 2550 sit.
1329 2494 1484 2565 (Originale
1504 2495 1531 2546 in
1552 2496 1654 2547 eodem

379 2584 513 2654 archivo).

481 3092 573 3151 Anno
602 3088 693 3153 1782.

636 3284 823 3369 Catalogus
846 3282 1013 3347 nobilium
1041 3283 1164 3369 Campi
1193 3282 1392 3369 Turopolyo.

481 3482 719 3560 Catalogus
751 3481 950 3541 nobilium
975 3481 1237 3541 indistricta
1262 3483 1654 3543 Trans-Savanoet

373 3590 617 3669 respective
642 3588 848 3667 inCampo
872 3589 1650 3668 nobiliumTuropolyareperibilium,

373 3716 444 3775 per
468 3716 524 3757 me
549 3696 868 3775 infrascriptum
901 3695 1128 3756 comitatus
1157 3696 1464 3777 Zagrabiensis
1488 3698 1651 3757 ordina·

372 3804 471 3863 rium
495 3804 675 3863 iudicem
699 3803 909 3877 nobilium,
933 3804 1157 3863 secundum
1182 3803 1452 3882 alphabetum
1477 3804 1651 3863 31113111-

373 3912 574 3971 tationum
604 3912 697 3969 loca
721 3912 995 3971 deductorum
1019 3911 1131 3970 serie
1155 3913 1348 3990 sequenti
1375 3908 1469 3974 1782.

374 4121 569 4208 Cognomen
855 4119 991 4185 Nomen
1037 4176 1040 4181 .
1230 4122 1408 4187 Possessio
1431 4120 1653 4187 habitationis

372 4248 560 4309 Andrievich
851 4250 1011 4323 Matthias,
1226 4251 1393 4311 Lomnicza
1417 4252 1544 4312 Inferior

372 4356 534 4415 Athanasz
853 4356 1020 4435 Georgius,
1226 4357 1336 4418 Kuche

372 4464 534 4523 Arbanasz
852 4464 1002 4537 Adamas,
1225 4462 1394 4525 Lomnicza
1417 4466 1545 4525 lnlerior

370 4571 534 4630 Arbanasz
853 4571 1041 4649 Stephanus,
1389 4597 1401 4626 »

371 4677 535 4738 Arbanasz
854 4677 1020 4759 Georgius,
1390 4706 1403 4735 »

370 4784 533 4843 Arbanasz
851 4784 1009 4865 Georgius
1032 4786 1140 4857 iunior,
1387 4812 1399 4842 1

371 4890 533 4950 hrhanasz
852 4891 1010 4971 Nicolaus‚
1388 4919 1401 4950 ›
