3934 5550
1471 508 1531 572 451

255 718 328 783 tella
352 729 383 783 et
407 720 577 783 directione
600 742 686 783 more
711 723 800 783 solito
825 724 883 783 sub
907 722 1009 805 sigillo
1034 724 1124 805 regni
1148 726 1344 786 extradanda
1367 727 1536 787 decernere

256 830 484 910 gratiosissime
509 830 723 911 dignarentur.

362 938 425 1015 Qui
455 938 486 997 in
518 938 637 1016 reliquo
669 938 738 997 altis
771 938 881 1017 gratiis
905 946 937 999 et
960 938 1145 1017 protectioni
1172 948 1296 1001 nosmet
1318 942 1459 1001 ultronee
1484 942 1537 1001 de·

257 1054 408 1107 voventes
425 1045 489 1125 iugi
506 1045 716 1105 venerationis
739 1064 809 1104 cum
834 1046 918 1105 cultu
938 1066 1046 1106 sumus
1062 1046 1213 1105 humilimi
1236 1046 1318 1107 servi
1335 1048 1539 1108 excellentiae

260 1162 393 1227 vestrae,
417 1154 611 1213 excelsorum
636 1171 809 1230 procerum,
843 1172 880 1213 ac
904 1154 1089 1229 inclytorum
1119 1153 1315 1214 dominorum
1347 1163 1483 1215 statuum
1508 1164 1540 1215 et

257 1261 399 1320 ordinum

557 1420 594 1481 N.
618 1420 655 1481 N.
681 1420 867 1481 universitas
883 1420 1034 1481 nobilium
1057 1422 1171 1501 Campi
1195 1424 1384 1501 Turopolya.

624 1528 684 1587 Per
709 1528 902 1589 Ludovicum
927 1530 1091 1589 lellachich
1116 1530 1155 1589 de
1179 1530 1287 1604 Buzin,

437 1635 648 1695 universitatis
664 1636 812 1695 nobilium
830 1636 943 1715 Campi
958 1638 1139 1718 Turopolya
1154 1638 1219 1697 ord.
1236 1638 1390 1698 notarium
1406 1658 1447 1703 m
1462 1659 1491 1718 p.

365 1797 478 1861 Datum
502 1796 534 1855 in
557 1814 629 1855 arce
653 1804 760 1855 nostra
783 1796 1030 1876 Nagy·Goricza
1052 1798 1103 1858 die
1131 1797 1179 1860 Π.
1203 1798 1278 1859 maii
1305 1795 1397 1858 1832.

360 1976 404 2035 ln
440 1976 594 2035 dorso:
628 1976 895 2037 Excellentissiuio
927 1996 964 2036 ac
996 1976 1202 2037 illustrissimo
1238 1978 1406 2037 Francisco
1437 1978 1535 2038 libero

256 2082 370 2141 llaroni
395 2083 434 2143 de
459 2082 616 2156 Vlashich,
639 2101 809 2161 regnorum
834 2083 1019 2158 Dalmatiae,
1042 2082 1191 2145 Croatiae
1208 2094 1239 2143 et
1254 2084 1422 2145 Slavoniae
1443 2085 1536 2160 bano,

187 2220 190 2226 ,
254 2209 364 2251 sacrae
384 2190 657 2270 caesareo·regiae
682 2190 872 2269 apostolicae
896 2191 1069 2251 maiestatis
1093 2191 1202 2252 intimo
1227 2199 1327 2252 status
1351 2191 1537 2265 consiliari0,

255 2299 438 2375 inclytorum
469 2297 655 2377 regiminum
688 2296 780 2357 unius
808 2298 962 2376 equestris
987 2299 1151 2358 ulanorum
1175 2308 1206 2357 et
1229 2298 1362 2358 duorum
1386 2299 1534 2359 continia-

254 2406 369 2465 riorum
392 2404 551 2465 banalium
581 2405 733 2465 colonello
765 2405 979 2484 proprietari0,
1004 2406 1118 2465 excelsi
1143 2405 1263 2465 consilii
1287 2406 1366 2487 regii
1389 2408 1538 2466 locumte-

255 2513 399 2574 nentialis
433 2511 599 2593 hungarici
622 2511 806 2586 consiliario,
844 2512 1060 2573 universorum
1092 2512 1298 2572 confiniorum
1331 2514 1538 2574 croaticorum

254 2640 401 2700 supremo
424 2619 583 2699 praelecto
608 2610 639 2680 et
661 2620 764 2698 campi
795 2620 982 2680 mareschali
1010 2620 1240 2705 locumtenenti,
1264 2620 1396 2701 insignis
1419 2621 1537 2681 ordinis

254 2728 395 2790 militaris
419 2726 540 2788 Mariae
570 2726 742 2789 Theresiae
776 2727 880 2807 equiti,
913 2746 971 2789 nec
1003 2747 1067 2787 non
1098 2728 1241 2789 excelsae
1265 2727 1391 2788 tabulae
1416 2728 1538 2789 banalis

254 2837 391 2916 praesidi
415 2847 473 2897 etc.
497 2846 556 2898 etc.

362 2944 501 3005 Excelsis
533 2944 607 3004 item
636 2944 818 3021 proceribus
850 2962 888 3002 ac
920 2943 1042 3019 inclytis
1072 2943 1204 3002 statibus
1237 2953 1268 3003 et
1298 2944 1458 3003 ordinibus
1482 2947 1536 3004 do-

256 3051 356 3128 minis,
379 3051 512 3110 dominis
535 3049 779 3131 gratiosissimis,

362 3157 559 3219 Perdemisse
594 3158 748 3238 supplicat
781 3157 968 3217 universitas
992 3157 1139 3217 nobilium
1168 3157 1281 3236 Campi
1305 3158 1485 3236 Turopolya
1510 3179 1530 3216 u

255 3265 346 3327 intus

360 3403 515 3474 Originalc.
534 3405 563 3458 ln
583 3403 697 3457 archivo
724 3418 834 3472 regnor.
860 3401 900 3469 0,
919 3403 946 3456 S.
967 3410 996 3456 ct
1013 3403 1061 3458 D:
1087 3406 1159 3457 Acta
1177 3405 1430 3475 congregationum
1459 3405 1538 3472 regni

256 3511 280 3548 a.
301 3493 380 3548 18³2.
401 3494 468 3548 lasc.
489 3494 538 3548 No.
561 3494 601 3548 13.

847 3728 952 3796 256.

365 3892 459 3952 Anno
488 3890 578 3954 1844.

256 4082 450 4168 Projeclum
474 4083 561 4168 legis
584 4083 624 4146 de
650 4083 777 4168 Campo
811 4083 1051 4168 Turopoljensi
1072 4085 1111 4148 in
1135 4084 1288 4148 comitiis
1311 4088 1413 4172 regui
1439 4087 1537 4151 Hun-

732 4192 858 4276 gariae
882 4191 1067 4256 conditum.

362 4359 1443 4465 Turvenyezikkelya'turmezeiverulensi.1844.

682 4568 885 4644 abavi-:ur
922 4583 1114 4647 czmsuv.

577 4729 614 4787 A‘
648 4729 892 4788 Turmezei
929 4729 1207 4790 kertlletrdl.

362 4889 399 4948 A’
429 4890 594 4949 Turmezei
623 4891 743 4950 kertllet
773 4890 899 4968 Zagrab
932 4907 1046 4966 megye
1079 4889 1237 4963 batosaga
1260 4889 1321 4948 alol
1344 4890 1469 4951 minden
1493 4905 1538 4954 te-

258 4999 419 5057 kintetben
452 4997 610 5070 kivetetik,
634 5000 667 5056 es
692 4997 768 5056 mint
791 4998 894 5056 dnalld
924 4997 1195 5075 tdrvenybatdsdg
1223 4996 1430 5076 szabalyokat
1455 5005 1540 5064 alkot

1451 5115 1465 5144 t
