3934 5550
414 406 480 477 230

516 625 661 697 Originale
680 628 868 693 chartaceum,
888 642 904 681 a
923 633 1005 699 tergo
1025 642 1193 696 appressum
1213 634 1258 681 est
1276 624 1410 697 sigillum,
1426 644 1485 696 quo
1503 626 1584 681 litera
1597 626 1691 681 clausa

412 722 480 769 erat„
499 717 529 768 ln
549 715 664 769 archivo
683 731 824 769 commun.
845 718 911 771 nob.
931 718 967 770 de
988 717 1150 786 Turopolje.

1001 999 1105 1075 102.

521 1201 613 1260 Anno
642 1197 735 1261 1698.
759 1198 810 1261 23.
835 1200 969 1278 augusti.
995 1200 1029 1259 ln
1053 1199 1180 1261 Chiche.

408 1394 566 1459 Adamas
589 1392 627 1455 de
654 1390 837 1475 Batthyan,
875 1391 995 1469 bourie,
1032 1391 1152 1456 comiti
1187 1392 1345 1456 terrestri
1380 1392 1503 1479 Campi
1541 1395 1691 1478 Turopo-

407 1501 528 1566 liensis
551 1499 745 1578 committit,
760 1504 800 1563 ut
824 1521 903 1563 cum
920 1500 997 1563 suis
1012 1498 1209 1563 hominibus
1224 1500 1270 1563 ad
1285 1500 1576 1565 Hrusztouiczam
1602 1521 1689 1564 com-

982 1609 1113 1691 pareat.

624 1806 786 1866 Generose
810 1805 935 1864 domine
958 1804 1048 1865 nobis
1072 1806 1278 1866 observande.

516 1952 656 2012 Salutem
681 1960 711 2010 et
736 1952 832 2009 nostri
856 1950 1115 2011 benevolentiam.
1140 1950 1276 2027 Quando
1299 1949 1426 2029 quidem
1456 1952 1688 2013 increbrescen-

410 2062 493 2121 tibus
517 2060 615 2119 hostis
639 2058 814 2117 rumoribus
831 2058 991 2117 servitium
1008 2076 1085 2117 suae
1102 2057 1275 2117 maiestatis
1291 2059 1522 2119 sacratissimae
1540 2060 1689 2140 exigeret,

415 2179 448 2228 ut
472 2168 579 2228 militia
604 2167 692 2246 regni
717 2168 757 2225 ad
782 2167 1007 2225 antevertenda
1030 2166 1129 2225 hostis
1152 2166 1311 2225 molimina
1326 2177 1522 2245 quantocyus
1538 2168 1690 2245 insurgat,

413 2296 450 2336 ae
474 2275 737 2354 quemadmodum
762 2274 969 2333 mediantibus
994 2274 1147 2352 prioribus
1170 2274 1285 2334 nostris
1309 2294 1347 2334 eo
1369 2275 1399 2334 in
1417 2294 1512 2353 passu
1538 2276 1691 2335 emanatis

411 2382 622 2462 publicatoriis
642 2380 890 2457 iniunxissemus,
915 2380 955 2439 ad
978 2382 1236 2441 Hrasztouiczam
1254 2400 1324 2441 sese
1341 2382 1439 2443 sistat.
1455 2383 1569 2442 Iterato
1586 2383 1691 2461 itaque

411 2492 513 2566 etiarn,
538 2500 568 2549 et
593 2510 630 2549 ex
655 2488 920 2567 superabundanti
945 2488 1148 2549 dominationi
1164 2497 1288 2549 vestrae
1307 2508 1483 2568 generosae
1500 2490 1688 2550 authoritate

413 2608 519 2658 nostra
543 2597 646 2657 banali
671 2597 800 2657 tirmiter
823 2596 1087 2675 praecipiendum,
1112 2597 1430 2676 committendumque
1448 2617 1518 2658 esse
1536 2598 1689 2670 duximus,

413 2714 567 2785 quatenus
592 2704 726 2776 indilate,
751 2703 949 2782 ulteriorique
974 2702 1042 2762 sine
1058 2722 1146 2763 mora
1163 2704 1265 2764 eidem
1288 2704 1382 2782 priori
1406 2704 1616 2764 commissioni
1632 2724 1687 2764 no·

415 2825 498 2874 strae
515 2814 650 2873 debitam
669 2831 787 2871 morem
804 2831 924 2887 gerere,
941 2812 972 2871 in
989 2829 1187 2891 personaque
1204 2832 1274 2871 curn
1291 2813 1438 2892 gentibus
1463 2812 1575 2892 Campi
1593 2815 1690 2873 Turo-

413 2922 514 3000 poliae
539 2941 609 2980 curn
634 2919 798 2978 sufficienti
822 2938 878 2998 pro
901 2919 1121 2997 praeintimato
1145 2920 1207 2980 iarn
1231 2929 1371 2997 tempore
1388 2939 1512 2981 annona
1530 2922 1569 2980 ad
1586 2922 1688 2980 locum

413 3029 618 3108 praemissum
636 3045 818 3104 comparere
836 3027 919 3086 baud
937 3027 1128 3101 intermittat,
1144 3046 1246 3106 neque
1262 3047 1354 3087 secus
1371 3028 1499 3088 iactura.
1520 3029 1689 3087 Caeterum

417 3137 533 3196 valebit
556 3135 713 3195 foeliciter.
739 3134 854 3192 Datum
878 3132 1007 3207 Chiche,
1032 3131 1083 3194 23.
1109 3135 1233 3215 augusti
1263 3133 1354 3196 1698.

519 3261 557 3322 G.
582 3261 611 3324 d.
634 3267 759 3319 vestrae
782 3258 953 3318 benevelus

1001 3403 1118 3464 Comes
1141 3404 1283 3464 Adamas
1308 3405 1347 3465 de
1371 3404 1528 3481 Batthyan
1552 3426 1592 3467 m.
1617 3425 1646 3484 p.

518 3549 559 3607 ln
584 3549 724 3608 dorso:
749 3547 912 3607 Generoso
936 3548 1063 3607 domino
1087 3548 1180 3606 Petro
1196 3548 1332 3622 Valicza,
1350 3548 1561 3607 universitatis
1573 3548 1688 3626 Campi

412 3655 599 3732 Turopoliae
624 3653 728 3713 comiti
750 3654 889 3712 terrestri
913 3661 979 3726 etc,
1004 3654 1094 3714 nobis
1117 3654 1323 3715 observando.

1244 4013 1278 4071 ln
1302 4012 1424 4091 Campo
1448 4013 1643 4090 Turopoliae.

519 4136 672 4196 Ibidem
697 4135 928 4196 annotatio:
953 4135 1105 4196 Annexae
1129 4141 1422 4198 recommendautur
1438 4139 1564 4198 domino
1580 4141 1684 4200 comiti

411 4243 546 4304 terrestri
571 4243 777 4320 Turopolensi
802 4262 858 4321 pro
882 4243 1018 4303 ulteriori
1042 4245 1212 4304 earundem
1237 4247 1277 4304 ad
1309 4265 1366 4305 sua
1397 4247 1467 4305 loca
1500 4247 1687 4308 noviatione.

517 4346 662 4416 Originale
681 4346 871 4412 chartaceum,
891 4364 907 4400 a
928 4349 1016 4400 dorso
1035 4364 1203 4415 appressum
1223 4357 1267 4401 est
1286 4350 1417 4419 sigillum,
1429 4367 1486 4418 quo
1500 4351 1581 4404 litera
1594 4352 1690 4406 clausa

410 4444 477 4490 erat.
498 4439 528 4490 ln
547 4436 661 4490 archivo
679 4451 822 4489 commun.
842 4438 906 4489 nob.
927 4437 964 4490 de
982 4437 1144 4507 Turopolje·
