3934 5550
1502 431 1566 496 513

397 636 489 702 1616.
514 639 564 701 21.
581 641 765 718 decembris,
787 644 847 703 hoc
871 651 972 704 estin
998 647 1077 704 testo
1100 645 1185 706 beati
1209 646 1350 708 Thomae
1368 649 1508 726 apostoli,
1534 649 1564 708 in

285 749 415 808 castello
449 750 636 826 [Lulrauecz]
669 750 817 810 nobilium
850 751 964 830 Campi
996 753 1228 831 Zagrabiensis,
1252 754 1336 814 lacta
1360 764 1407 814 est
1431 771 1563 834 congre·
1598 777 1602 785 ·

285 856 371 934 gatio
395 857 541 918 nobilium
566 857 701 936 Ca[mpi]
726 859 957 938 Zagrabiensis.

396 963 420 1024 i.
445 964 496 1023 Ad
519 966 761 1043 postulationem
778 984 953 1044 generosae
978 986 1016 1025 ac
1032 967 1219 1046 magnificae
1243 968 1387 1027 dominae
1400 969 1563 1029 Susannae

284 1071 409 1131 relictae
433 1073 592 1150 quondam
615 1073 735 1133 comitis
760 1073 843 1133 Petri
866 1074 1023 1149 Erdeody,
1047 1093 1169 1133 necnon
1193 1075 1277 1134 Petri
1300 1083 1332 1134 et
1356 1076 1563 1156 Wollffgangi

284 1177 414 1238 filiorum
439 1180 589 1260 eiusdem,
612 1199 668 1259 per
691 1180 797 1241 literas
821 1182 992 1240 eorundem
1010 1181 1115 1240 comiti
1131 1182 1257 1241 domino
1274 1182 1414 1262 Georgio
1428 1184 1561 1262 Vagych

283 1305 320 1345 ac
344 1287 398 1346 toti
423 1288 634 1347 communitati
654 1288 779 1363 iactam,
808 1287 855 1351 12.
876 1288 1052 1348 decembris
1070 1308 1107 1347 ex
1123 1298 1226 1348 castro
1244 1289 1458 1366 Kereztynecz
1476 1310 1559 1350 erna-

281 1402 381 1468 natas‚
415 1396 627 1456 conceduntur
657 1397 786 1456 arbores
817 1397 984 1475 quercinae
1014 1404 1086 1469 tres,
1118 1396 1198 1456 aliae
1230 1415 1305 1456 vcro
1339 1396 1494 1472 jezenouo
1530 1405 1561 1458 et

283 1500 431 1561 breztouo
457 1503 588 1562 arbores
611 1502 847 1582 quinquaginta

388 1607 417 1669 2.
441 1609 517 1668 ltem
535 1610 575 1669 ad
591 1610 848 1689 supplicationem
873 1610 1025 1670 Matthaei
1049 1611 1157 1690 generi
1178 1611 1303 1671 relictae
1320 1613 1478 1690 quondam
1492 1613 1563 1673 Sta·

280 1713 380 1790 nislay
404 1716 547 1793 Zerblyn,
570 1718 684 1777 dantur
708 1718 837 1777 arbores
860 1717 1028 1795 quercinae
1053 1737 1189 1798 magnae
1214 1719 1304 1779 duae.

386 1818 415 1882 3.
438 1824 515 1882 ltem
556 1825 715 1904 Stephano
747 1842 865 1904 genero
889 1825 1080 1884 venerabilis
1103 1824 1234 1906 Georgii
1256 1826 1468 1904 Raykowych,
1493 1823 1558 1904 ple·

278 1928 350 1987 bani
374 1939 465 1990 sanct
488 1933 614 1992 Martini
638 1934 696 1992 sub
726 1931 847 2008 Okych,
873 1931 914 1990 ad
937 1933 1120 2009 petitionem
1143 1942 1174 1992 et
1189 1934 1448 2013 supplicationem
1473 1934 1555 1994 eius-

279 2035 359 2109 dem,
382 2038 495 2097 dantur
519 2039 626 2098 itidem
649 2040 816 2118 quercinae
841 2039 969 2098 arbores
994 2058 1129 2120 magnae
1155 2041 1245 2102 duae.

384 2143 414 2204 4.
437 2147 514 2205 Item
552 2147 659 2206 loanni
690 2146 896 2224 Chysmesya,
927 2146 1071 2208 familiari
1097 2148 1265 2208 haeredum
1292 2149 1361 2227 piae
1386 2151 1556 2212 memoriae

277 2253 434 2330 quondam
465 2254 585 2313 comitis
617 2255 701 2314 Petri
728 2255 883 2332 Erdeody,
908 2257 939 2315 in
964 2256 1090 2316 Dernek
1114 2257 1327 2329 commoranti,
1352 2257 1444 2316 datur
1467 2258 1551 2318 simi·

276 2361 344 2420 liter
368 2364 516 2441 quercina
540 2366 632 2424 arbor
647 2384 710 2424 una
730 2384 848 2443 magna
864 2364 903 2422 ad
920 2363 1112 2423 humilimam
1129 2362 1268 2422 eiusdem
1286 2364 1555 2442 supplicationem.

383 2471 412 2532 5.
435 2473 470 2532 in
494 2473 596 2533 officio
622 2472 743 2532 comitis
778 2472 932 2532 terrestris
956 2491 995 2532 ex
1019 2470 1156 2531 unanimi
1183 2479 1256 2530 voto
1280 2479 1311 2532 et
1335 2473 1486 2553 suffragio
1509 2483 1554 2534 to-

275 2578 335 2638 tius
359 2580 588 2640 communitatis
611 2580 723 2640 iterum
747 2579 926 2658 relinquitur
950 2579 1099 2658 egregius
1124 2578 1281 2658 Georgius
1306 2579 1461 2658 Wagych.

381 2685 411 2748 6.
444 2689 601 2767 Tempore
633 2687 824 2748 excursionis
856 2686 922 2746 sive
954 2685 1026 2745 belli
1057 2686 1205 2746 absentes
1238 2685 1356 2765 absque
1381 2687 1555 2748 rationabili

274 2804 305 2854 et
327 2796 464 2857 evidenti
487 2816 584 2857 causa
615 2797 780 2875 punientur
807 2795 938 2874 singulis
961 2794 1072 2855 diebus
1095 2813 1270 2874 perunum
1293 2796 1446 2855 florenum
1470 2797 1547 2856 hun-

273 2903 452 2982 garicalem,
485 2924 541 2983 per
574 2905 733 2965 dominum
758 2902 903 2964 comitem
927 2902 995 2963 sine
1028 2902 1112 2961 mina
1144 2902 1350 2982 exigendum
1374 2900 1550 2982 quicunque

273 3030 311 3070 ex
334 3012 546 3092 cuiuscunque
562 3012 716 3091 permissu
739 3012 806 3071 sive
829 3011 953 3071 licentia
984 3028 1055 3071 sese
1083 3010 1302 3085 absentaverit,
1332 3010 1424 3071 simili
1447 3030 1549 3089 poena

273 3118 423 3194 punietur.

379 3224 409 3289 7.
432 3228 592 3288 Hactenus
625 3225 771 3287 absentes
802 3234 942 3303 tempore
974 3226 1165 3285 excursionis
1190 3233 1223 3285 et
1244 3225 1316 3285 belli
1339 3244 1396 3303 pro
1429 3225 1549 3285 illorum

272 3333 413 3394 absentia
437 3337 612 3416 punientur.

377 3439 407 3504 8.
431 3443 548 3525 Lugan'
571 3451 602 3507 et
625 3442 790 3519 voyuodae
806 3441 860 3500 tali
874 3439 1066 3501 excursionis
1086 3439 1157 3499 belli
1174 3447 1315 3518 ternpore
1331 3458 1440 3499 omnes
1457 3440 1549 3499 simul

270 3554 302 3612 in
325 3550 415 3627 sylva
446 3552 602 3611 communi
634 3551 804 3610 eorundem
836 3548 984 3608 nobilium
1016 3546 1160 3607 continue
1188 3565 1315 3607 manere
1340 3555 1371 3607 et
1394 3548 1549 3607 custodire

270 3658 437 3718 debebunt.

376 3762 405 3825 9.
429 3765 567 3825 Relictae
597 3766 663 3824 sive
695 3763 810 3822 viduae
841 3780 951 3821 omnes
975 3760 1164 3821 eliberantur
1188 3760 1227 3819 ab
1252 3761 1435 3821 excursione
1459 3762 1548 3837 belli;

270 3874 394 3934 sivero
426 3874 497 3933 talis
527 3872 621 3931 vidua
654 3871 720 3931 sive
751 3870 859 3930 relicta
889 3868 1061 3946 reperietur
1091 3867 1122 3926 in
1154 3868 1295 3928 irrisione
1319 3888 1348 3925 w
1372 3876 1482 3947 spotw‚
1506 3870 1547 3929 da

269 3982 310 4057 by
334 4001 370 4041 ze
394 3982 516 4059 spotala
540 3981 603 4061 gde
626 3978 741 4059 drughi
764 3998 806 4037 na
829 3977 961 4053 woysku
990 3975 1063 4051 ydu‚
1083 3982 1247 4052 'comperta
1271 3975 1357 4055 prius
1379 3975 1547 4054 superinde

269 4107 355 4147 mera
370 4088 415 4147 rei
427 4089 569 4163 veritate,
593 4087 822 4147 mulctabuntur
845 4103 901 4163 pro
926 4082 978 4142 tali
1003 4101 1135 4143 excessu
1150 4082 1276 4142 florenis
1292 4081 1546 4162 hungaricalibus

267 4216 331 4269 sex,
355 4216 411 4275 per
435 4198 595 4257 dominum
619 4194 764 4255 comitem
789 4189 960 4271 exigendis.

378 4302 424 4367 10.
448 4305 632 4364 Vicecomes
657 4301 806 4382 egregius
830 4298 984 4359 Martinus
1009 4297 1153 4357 Bruchek
1177 4298 1285 4357 itidem
1309 4297 1339 4355 in
1364 4316 1420 4357 suo
1444 4298 1546 4357 officio

265 4411 454 4490 relinquitur.

375 4517 422 4583 ll.
454 4518 648 4598 Capitaneus
680 4518 829 4598 egregius
860 4517 1041 4596 Stephanus
1072 4514 1218 4575 Arbanaz
1251 4512 1390 4573 similiter
1420 4513 1451 4572 in
1487 4533 1543 4573 suo

263 4626 366 4687 oificio
391 4627 537 4688 manebit.

374 4734 421 4796 12.
446 4735 604 4814 Deinceps
628 4734 815 4813 ubicumque
838 4732 931 4792 luerit
955 4731 1138 4809 capitaneus
1161 4730 1191 4789 in
1215 4746 1412 4807 quacumque
1434 4745 1542 4786 excur-

260 4842 356 4918 sione,
388 4863 450 4903 non
480 4843 646 4922 permittat,
670 4852 704 4901 ut
726 4841 850 4901 labores
873 4840 1028 4920 gratuitos
1059 4839 1090 4899 in
1122 4838 1262 4898 confiniis
1287 4837 1407 4897 nobiles
1428 4836 1541 4914 Campi

263 4949 485 5030 Zagrabiensis
510 4958 686 5009 exerceant.

1438 5064 1472 5115 33
