3934 5550
391 796 483 855 Anno
511 792 604 859 1667.

397 992 667 1072 ›Regestrum
692 991 994 1053 universitatis
1017 992 1222 1053 nobilium
1246 992 1391 1072 Campi
1414 994 1564 1075 Zagra-

284 1098 445 1159 biensis
469 1100 703 1178 Turopolia
727 1099 842 1175 dicti,
866 1118 939 1178 pro
964 1100 1159 1180 generali
1181 1101 1370 1162 utilitate
1393 1102 1432 1161 in
1457 1120 1565 1161 anno

286 1206 440 1266 domini
468 1204 560 1268 1667.
585 1206 801 1279 aeditume,
825 1206 963 1267 continet
992 1207 1105 1267 seriem
1128 1206 1277 1268 nobilium
1306 1208 1338 1268 in
1366 1208 1459 1290 pagis
1488 1208 1565 1268 Alsb

286 1313 454 1374 Lomnicza
486 1311 539 1390 51,
573 1314 668 1393 Nagy
702 1313 810 1373 Mlaka
845 1310 897 1389 35,
928 1314 1072 1374 Hrasche
1107 1311 1156 1391 16,
1186 1315 1278 1375 Felsb
1310 1316 1477 1376 Lukauecz
1516 1313 1564 1388 14,

286 1421 362 1481 Alsu
387 1421 553 1481 Lukauecz
582 1418 629 1496 10,
653 1422 757 1480 Lozae
785 1418 833 1495 11,
857 1419 993 1481 Goricza
1015 1421 1118 1482 Maior
1142 1430 1173 1481 et
1197 1422 1301 1481 Minor
1335 1421 1383 1499 17,
1419 1422 1563 1483 Korilocz

286 1526 338 1604 35,
362 1528 515 1588 Mraehlin
547 1526 599 1604 41,
631 1528 806 1588 Kussanczi
842 1525 889 1605 13,
921 1528 1016 1588 Lazzi
1046 1524 1077 1600 6,
1108 1528 1274 1589 Kobillichi
1310 1528 1358 1607 11,
1393 1530 1488 1590 Plezo
1512 1528 1565 1604 21,

285 1638 430 1713 Rakarye
454 1644 485 1696 et
509 1636 679 1697 Illoveniak
702 1633 732 1712 6,
748 1636 860 1696 Kuche
877 1633 929 1713 43,
954 1636 1094 1697 Bussocz
1110 1634 1130 1696 8
1148 1639 1267 1700 domus.
1295 1639 1564 1718 »Regestrum

285 1744 477 1803 nobilium
509 1744 561 1803 de
592 1742 805 1803 Montibus
836 1751 1012 1803 sanctae
1045 1742 1320 1805 Catherinae
1351 1763 1423 1823 pro
1460 1763 1565 1804 anno

286 1851 444 1911 domini
473 1846 589 1926 16670,
612 1870 688 1911 vero
712 1850 742 1911 in
766 1850 858 1931 pagis
888 1850 1077 1928 Dubranczy
1100 1848 1152 1927 20,
1181 1850 1384 1911 Guztelnicza
1407 1849 1437 1926 4,
1460 1852 1566 1911 Vulro·

285 1958 413 2019 merichi
441 1956 489 2031 13,
513 1958 771 2021 Czuethlrouicha
800 1957 884 2019 Verh
913 1956 960 2033 16,
993 1958 1156 2037 larebichy
1190 1956 1237 2034 18,
1271 1958 1447 2020 Czerouzki
1481 1960 1566 2020 Verh

290 2064 338 2143 18,
361 2066 518 2126 Rathkoul
541 2066 626 2126 Verh
650 2066 738 2126 aliter
761 2066 938 2143 Petrauzlry
968 2064 1014 2125 12.
1039 2066 1254 2126 Peruonosina
1277 2065 1307 2141 4,
1323 2066 1566 2145 Bukouschiaky

291 2172 338 2250 11,
362 2174 571 2254 Dragonosch
594 2174 743 2253 Superior
767 2173 795 2233 ei
818 2173 948 2233 Inferior
971 2171 1024 2250 43,
1055 2173 1280 2252 Kaptolomecz
1312 2182 1343 2234 et
1377 2174 1565 2268 Markusocz

293 2279 327 2341 11
356 2282 477 2343 domus.
504 2282 564 2341 »ln
588 2280 748 2360 Campo
772 2281 1006 2360 Turopolia
1029 2280 1068 2340 in
1099 2281 1341 2341 universum
1373 2289 1472 2341 sunt
1503 2282 1565 2342 do·

287 2409 374 2450 mus
398 2398 623 2450 trecentae
648 2398 686 2448 et
710 2388 865 2469 viginti
889 2398 1001 2449 octo«
1021 2396 1053 2449 et
1072 2390 1131 2449 ›in
1155 2389 1365 2449 montibus
1388 2396 1566 2449 sanctae

287 2497 524 2559 Catarinae
548 2494 756 2559 nobilium
780 2497 818 2557 in
843 2497 1092 2558 universum
1117 2516 1202 2557 sum
1227 2497 1369 2557 domus
1400 2504 1567 2557 centum

287 2606 517 2687 sexaginta
541 2625 717 2666 novem«.

393 2745 539 2820 Originale
557 2748 746 2804 chartaceum.
767 2748 797 2802 ln
823 2748 938 2802 archivo
962 2763 1105 2802 commun.
1130 2746 1215 2802 nobil.
1236 2748 1282 2818 cle.
1300 2746 1469 2817 Turopolje:
1494 2744 1568 2801 Con·

286 2839 464 2908 scriptiones.
766 2833 777 2856 ‘

395 3342 487 3402 Anno
516 3338 607 3406 1668.
631 3342 661 3404 4.
684 3342 840 3404 februarii.
865 3343 1016 3402 Viennae.

394 3540 573 3619 Leopoldus
596 3540 618 3600 1.
642 3539 826 3618 Hungariae
851 3547 908 3598 etc.
931 3557 996 3610 rex,
1028 3538 1181 3598 Mathiam
1214 3538 1421 3611 Heruachich‚
1452 3555 1490 3598 ac
1513 3555 1570 3615 per

289 3666 362 3707 eum
385 3645 498 3707 iratres
531 3646 599 3707 eius
630 3665 799 3726 germanos
828 3646 1032 3705 Laurentium
1062 3653 1093 3705 et
1124 3645 1303 3717 Martinum,
1326 3645 1486 3705 nobilitate
1516 3664 1568 3704 ex·

289 3762 388 3830 omat,
411 3753 550 3833 ipsisque
574 3772 662 3826 arma
685 3771 741 3812 seu
765 3752 901 3832 insignia
926 3753 1094 3812 nobilitatis
1118 3753 1246 3814 confert.

395 3859 577 3921 Publicatae
600 3868 672 3920 sunt
695 3861 756 3920 hae
786 3860 895 3920 literae
928 3860 1062 3919 armales
1086 3859 1118 3919 in
1141 3858 1283 3940 generali
1313 3860 1404 3940 regni
1437 3879 1568 3939 congre·

256 3949 258 3956 ,
287 3967 417 4048 gatione
442 3986 469 4029 a.
497 3964 590 4031 1668.
613 3964 643 4030 6.
667 3966 856 4028 novembris.

394 4107 540 4179 Originale
559 4109 783 4174 membraneum,
804 4109 949 4176 appendet
967 4108 1098 4180 sigillum.
1118 4109 1203 4177 Apud
1216 4109 1282 4162 nob.
1296 4107 1435 4162 Hervacic
1449 4108 1475 4161 ln
1489 4106 1569 4160 Kube

289 4198 340 4252 No.
360 4199 403 4252 22.
424 4227 456 4236 -
477 4198 630 4264 Viteaovic‚
650 4197 807 4268 mjesebnik
826 4214 858 4252 aa
877 4198 1056 4269 genealogiju
1075 4204 1128 4251 etc.
1148 4197 1167 4250 1.
1188 4213 1251 4267 pag.
1273 4197 1333 4250 150.
