3934 5550
1492 411 1553 479 155

269 630 409 693 versitati
433 628 586 693 nobilium
612 631 726 709 Campi
749 630 977 711 Zagrabiensis'
993 633 1173 711 Turopolya
1196 632 1279 707 dicti,
1302 632 1552 693 fidelibus'nobis

269 737 430 801 dilectis·

360 844 531 905 Ibidem
563 846 834 905 annotatio:
866 845 1054 907 Praesentes
1086 845 1243 927 benignae
1274 864 1352 907 suae
1379 846 1552 906 maiestatis

269 952 386 1033 regiae,
410 952 527 1012 domini
552 952 668 1014 domini
699 954 797 1013 nostri
820 953 1055 1015 clementissimi
1078 954 1186 1015 literae
1209 954 1344 1034 regales,
1368 954 1418 1013 die
1443 953 1552 1031 quinta

269 1060 388 1120 mensis
412 1059 517 1137 iulii,
509 1080 539 1119 m
564 1060 650 1121 curia
673 1061 820 1121 Kurilocz
844 1062 960 1135 habita,
983 1061 1141 1123 exhibitae
1165 1069 1292 1121 suntet
1323 1068 1551 1139 praesentatae.

374 1182 591 1251 Eprotocollo:
618 1184 689 1242 Acta
715 1183 833 1251 politico
855 1184 1017 1237 iuridicaa.
1038 1182 1234 1264 reto-1702
1258 1198 1332 1253 pag..
1341 1181 1402 1235 660.
1423 1184 1453 1237 ln
1473 1182 1551 1236 arch

268 1287 411 1325 commun.
432 1272 497 1325 nob
518 1272 555 1325 de
574 1272 738 1341 Turopolje

888 1557 990 1631 too.

373 1756 465 1816 Anno
494 1753 586 1819 1681.
617 1754 663 1821 15.
687 1756 760 1819 iulii.
786 1758 820 1817 In
844 1742 1042 1835 eu'riaFLepa
1066 1758 1141 1825 Vez.

267 1913 457 1980 Balihasar
491 1914 705 2003 Wragouich,
741 1915 936 1996 vicedonne,
967 1915 1096 1981 comiti
1118 1920 1200 1983 terr
1240 1914 1365 2003 Campi
1400 1918 1552 2004 Turopo-

263 2022 432 2107 poiiensis
450 2024 689 2124 praecipitati
712 2046 791 2088 cum
814 2023 893 2089 suis
908 2023 1110 2090 hominibus
1131 2024 1306 2111 inmergat,
1331 2025 1403 2089 et
1387 2046 1427 2089 m
1447 2026 1552 2117 pagis

366 2124 368 2129 ’
604 2131 740 2225 infra
755 2130 960 2216 specificans
972 2134 1175 2217 compareat.
1558 2142 1562 2149 '

374 2313 537 2375 Generose
552 2254 676 2374 domine
700 2285 801 2375 amice
821 2316 1118 2389 observandissime,
1134 2316 1268 2377 salutem
1285 2323 1316 2376 et
1332 2315 1425 2377 officii
1449 2315 1547 2376 nostri

266 2421 586 2485 oommendationem
1446 2429 1448 2440 '

327 2558 330 2585 2
375 2530 537 2609 siquidem
560 2528 767 2591 illustrissimo
791 2531 918 2592 domino
941 2530 1276 2593 comiti-confiniorum
1290 2516 1547 2593 scrauontcorum

266 2638 408 2719 generali
431 2638 714 2715 innotuisset‚=tres
737 2639 849 2699 bassas
873 2652 944 2699 curn
966 2640 1103 2701 maximo
1119 2624 1441 2701 T'urcorum'numero
1457 2623 1547 2719 prael

265 2746 380 2808 sidium
414 2744 601 2826 Caproncza
628 2747 781 2811 obsidere
814 2748 952 2823 conari,
962 2749 1154 2832 eosdemque
1185 2748 1297 2810 bassas
1324 2756 1397 2810 actu
1421 2747 1459 2808 in
1465 2751 1558 2827 pro'

265 2856 368 2915 cinctu
402 2854 543 2916 eiusdem
571 2855 690 2916 itineris
717 2854 764 2916 in
782 2869 898 2936 eampo
920 2857 1015 2936 apud
1035 2844 1148 2918 Oezelr
1171 2856 1298 2918 omuino
1323 2848 1465 2930 existere,
1489 2875 1551 2935 quo

264 2963 294 3022 in
318 2962 446 3044 negotio
476 2963 517 3023 ad
547 2959 756 3024 assistendum
786 2963 825 3022 vi
850 2973 882 3024 et
912 2955 1054 3043 potentia
1087 2952 1229 3026 eiusdem
1252 2964 1357 3025 hostis
1375 2964 1459 3024 idem
1483 2965 1550 3024 ibe

264 3079 404 3133 moratus
421 3067 662 3132 illustrissimus
661 3091 777 3133 comes
801 3071 895 3132 totius
918 3071 1015 3132 incliti
1039 3073 1130 3154 regni
1154 3071 1302 3134 auxilium
1326 3071 1547 3150 expostularet,

265 3180 305 3240 ad
340 3198 435 3260 quam
469 3179 679 3266 resistentiam
713 3179 768 3240 tali
799 3179 924 3240 inimico
956 3180 1140 3240 naturaliter
1175 3188 1318 3264 tenemur
1340 3179 1546 3252 unanimiter;

264 3285 394 3365 proinde
419 3305 594 3366 generosae
618 3287 647 3348 d.
671 3305 700 3348 v.
724 3285 890 3347 autoritate
914 3295 1022 3350 nostra
1048 3285 1230 3361 vicebanali,
1254 3306 1316 3365 qua
1347 3306 1430 3347 nunc
1453 3287 1545 3365 pleno

263 3394 329 3452 iure
349 3393 509 3473 fungimur
527 3394 763 3480 demandamus
782 3402 938 3472 quatenus
961 3393 1117 3454 universis
1135 3403 1166 3454 et
1181 3393 1312 3474 singulis
1336 3394 1547 3454 universitatis

264 3498 377 3579 Campi
401 3500 572 3579 Turopolia
595 3477 750 3560 nobilibus
774 3500 856 3560 serio
872 3502 1087 3576 demandaret,
1111 3510 1145 3562 ut
1167 3500 1297 3580 quilibet
1312 3499 1453 3584 ipsorum
1469 3519 1545 3560 una-

264 3591 335 3667 cum
360 3607 571 3668 dominatione
595 3617 700 3668 vestra
724 3610 937 3689 personaliter,
961 3629 1062 3688 usque
1086 3610 1127 3672 ad
1151 3608 1242 3673 diem,
1258 3606 1458 3674 dominicum·
1472 3627 1542 3687 pro·

264 3715 346 3775 xime
370 3709 530 3790 futurum¹,
554 3733 625 3776 sese
649 3735 720 3776 curn
744 3717 835 3776 solito
860 3724 1022 3795 apparatu,
1046 3716 1155 3776 lumati
1187 3736 1263 3777 vero
1287 3715 1417 3796 quilibet
1450 3715 1544 3776 etiam

199 3837 203 3846 ’
263 3823 476 3901 personaliter,
508 3832 539 3883 et
569 3843 588 3883 a
618 3823 711 3884 furnis
743 3825 865 3884 duobus
897 3842 1023 3903 quoque
1054 3823 1191 3905 equitem
1220 3843 1316 3884 unum
1341 3831 1544 3902 praeponent,

263 3930 307 3990 ita
330 3937 364 3989 ut
386 3948 443 4008 pro
467 3930 517 3990 die
541 3928 592 3991 22.
617 3930 792 4008 praesentis
815 3927 932 3990 mensis
956 3927 1030 4006 iulii,
1053 3930 1084 3990 in
1107 3930 1201 4011 pagis
1224 3929 1455 4004 Czuetkouecz,
1479 3933 1540 3990 Ra-

263 4037 371 4112 szinia,
393 4037 588 4113 Szoboticza,
613 4037 832 4098 Gerbassoucz
856 4047 887 4097 et
911 4038 978 4098 aliis
995 4038 1087 4118 pagis
1104 4038 1220 4098 ibidem
1235 4036 1267 4097 in
1283 4038 1396 4099 vicinio
1413 4039 1544 4121 situatis,

263 4164 445 4225 comparere
469 4145 527 4205 sub
550 4164 653 4224 poena
686 4145 867 4206 amissionis
894 4145 1110 4206 universorum
1141 4146 1296 4204 bonorum
1320 4136 1447 4206 suorum
1472 4164 1544 4224 pos·

263 4255 385 4314 sintae
409 4253 552 4329 debeant,
576 4261 608 4312 et
630 4252 775 4331 quamvis
805 4253 947 4314 nonnuli
957 4253 1015 4313 sub
1037 4261 1212 4358 praetextu
1232 4253 1400 4314 nobilitatis
1424 4252 1540 4315 ibidem

264 4359 478 4437 residentes),
470 4381 501 4420 ιιι
524 4351 627 4420 bonis
648 4361 863 4421 nobilitatibus
892 4361 972 4420 tales
996 4352 1119 4440 quoque
1144 4361 1211 4422 sine
1234 4359 1319 4420 omni
1343 4360 1544 4420 excusatione

262 4467 395 4527 abonis
418 4467 673 4546 possessionariis
698 4467 902 4547 personaliter
925 4476 1135 4546 compareant.
1171 4468 1238 4527 Nec
1270 4485 1362 4527 secus
1392 4466 1539 4545 inexpec-

260 4584 326 4636 tata
349 4577 433 4636 omni
457 4576 606 4668 ulteriori
618 4576 810 4662 intimatione
831 4574 962 4658 facturi.
985 4575 1143 4659 Datum¹
1134 4595 1165 4639 ιιι
1187 4573 1310 4656 curia
1315 4581 1423 4645 nostra
1458 4575 1545 4652 Lepa

261 4683 337 4749 Vez
361 4682 411 4742 die
440 4679 487 4744 15.
511 4682 574 4741 iulii
593 4659 695 4748 1681
869 4731 872 4738 ,
1180 4729 1211 4763 Ι.
1428 4724 1451 4774 [l

368 4809 549 4870 Generosae
574 4809 794 4871 dominationis
817 4819 942 4871 vestrae
966 4810 1085 4870 amicus
1108 4810 1299 4872 benevolus.

410 4955 412 4962 ·
488 4979 490 4987 ,
513 4994 515 5004 ,
607 4936 773 5003 Balthasar
789 4937 1002 5017 ,Wraguuicb
1026 4936 1261 4999 vicebanuset‘
1275 4943 1445 4998 comes-rb.
1467 4952 1498 5012 pt
1526 4962 1529 4980 ε
