3934 5550
361 356 427 421 374

360 576 541 655 pavimento
564 573 768 650 necessarias,
791 574 885 634 baras
911 573 1071 634 maialium
1088 575 1128 635 ad
1142 590 1236 634 unam
1261 575 1442 634 clausuram
1456 571 1639 650 mediocres,

361 702 519 744 cameram
542 683 760 743 frumentalem
784 683 826 743 ad
850 683 929 743 duas
953 683 1116 744 clausuras
1139 683 1172 742 in
1196 682 1346 743 mediocri
1369 690 1461 742 statu.

995 899 1010 930 a

934 947 946 976 1
1057 942 1071 974 ›l‹

468 1087 561 1151 Anno
600 1085 692 1151 ¹796.
723 1091 772 1151 die
808 1091 854 1152 15.
883 1089 1036 1152 februarii
1069 1093 1100 1151 in
1133 1092 1335 1170 possessione
1359 1091 1435 1151 also
1473 1092 1640 1151 Lomnicza

361 1195 507 1260 inchoata
531 1208 579 1258 est
603 1199 790 1277 conscriptio
814 1198 1038 1262 aedificiorum.

471 1324 495 1384 l.
520 1325 671 1384 Dominus
695 1323 851 1404 Georgius
875 1325 1053 1404 Briglevich
1076 1325 1171 1384 habet
1194 1325 1225 1384 in
1248 1334 1332 1384 terra
1347 1325 1465 1384 curiam
1480 1345 1537 1402 pro
1554 1345 1637 1385 nuuc

359 1435 390 1493 in
414 1433 496 1493 bono
520 1441 612 1508 statu,
636 1433 749 1493 horrea
772 1433 843 1508 duc,
868 1452 963 1492 unum
987 1433 1055 1492 sine
1078 1441 1177 1511 porta,
1210 1433 1293 1492 aliud
1317 1452 1389 1492 cum
1422 1442 1513 1510 porta
1545 1434 1637 1494 bona.

359 1539 528 1600 Cameram
551 1539 768 1601 frumentalem
791 1542 923 1614 bonam3
948 1541 1023 1601 item
1045 1542 1140 1601 haras
1165 1541 1344 1600 animalium
1371 1540 1572 1620 biangulares
1597 1541 1638 1600 ad

359 1647 379 1708 5
403 1649 565 1707 clausuras
581 1649 690 1722 bonas,
713 1649 893 1727 pavimento
921 1657 1028 1708 tamen
1042 1649 1236 1727 indigentes;
1261 1647 1334 1708 item
1362 1649 1457 1707 baras
1472 1648 1632 1707 maialium

360 1757 400 1816 ad
423 1775 516 1815 unam
542 1757 718 1815 clausuram
742 1756 869 1816 basibus
893 1766 924 1816 et
939 1757 1122 1835 pavimento
1149 1756 1362 1831 necessariam
1386 1757 1460 1815 item
1476 1773 1636 1815 cameram

360 1865 399 1924 ad
423 1864 502 1924 duas
526 1865 687 1924 clausuras
711 1865 826 1924 bonam
850 1864 1032 1943 pavimento
1056 1873 1128 1943 post
1151 1864 1268 1943 aliquot
1291 1883 1391 1924 annos
1413 1863 1637 1930 necessariam,

357 1971 493 2032 culinam
515 1971 703 2032 forinsecam
726 1992 797 2033 curn
822 1973 947 2032 fornace
971 1974 1110 2051 pistorea
1133 1973 1164 2031 in
1188 1973 1271 2032 bono
1287 1980 1379 2031 statu.
1395 1971 1633 2031 Columbarium

359 2098 476 2139 novum
499 2079 625 2140 bonum.
828 2059 831 2064 Ι

467 2186 496 2250 2.
520 2187 658 2247 Mathias
680 2187 806 2248 Shalich
841 2188 936 2248 habet
961 2189 1088 2248 domum
1120 2186 1280 2266 antiquam
1311 2206 1349 2246 ex
1382 2186 1519 2266 antiquis
1549 2187 1638 2247 robo-

360 2294 445 2353 ribus
468 2294 500 2353 in
523 2295 661 2373 pessimo
685 2302 776 2370 statu,
799 2296 946 2356 horreum
981 2296 1167 2375 biangulare
1190 2295 1297 2355 itidem
1329 2294 1489 2374 antiquum
1519 2312 1636 2373 magna

361 2402 559 2480 reparatione
593 2402 820 2478 necessarium;
845 2403 918 2464 item
941 2404 1037 2462 baras
1073 2403 1253 2462 animalium
1285 2403 1325 2461 ad
1356 2400 1377 2461 3
1401 2403 1562 2462 clausuras
1585 2402 1638 2459 ba·

360 2510 446 2570 sibus
471 2518 502 2569 et
524 2510 705 2588 pavimento
728 2509 863 2570 inferiori
887 2511 1073 2592 indigentes.

465 2614 494 2679 3.
518 2617 670 2677 Providus
693 2617 830 2677 Mathias
861 2618 994 2691 Saffran,
1017 2637 1074 2696 pro
1098 2636 1179 2678 nunc
1202 2617 1343 2677 subditus
1376 2617 1557 2695 perillustris
1581 2617 1636 2677 do·

362 2725 436 2785 mini
460 2724 581 2786 comitis
613 2724 770 2785 terrestris
794 2725 877 2785 Petri
901 2725 1037 2801 Modicb,
1066 2725 1161 2786 habet
1188 2726 1315 2786 domum
1345 2725 1470 2797 bonam,
1502 2725 1636 2785 ambitus

361 2833 481 2914 indiget
505 2833 670 2907 asseribus,
692 2834 837 2893 horreum
861 2835 988 2907 bouum,
1025 2834 1117 2893 haras
1141 2834 1342 2913 biangulares
1367 2834 1408 2894 ad
1436 2834 1635 2893 5clausuras

360 2943 480 3015 bonas3
504 2942 577 3001 item
603 2942 695 3001 haras
719 2940 876 3001 maialium
902 2942 1026 3002 novitus
1062 2941 1204 3019 inceptas
1234 2940 1406 3016 ellaborari
1438 2961 1494 3019 pro
1525 2940 1637 3019 quibus

360 3050 472 3110 robora
496 3048 681 3109 sufficientia
705 3049 798 3109 habet
822 3049 915 3123 domi,
939 3048 1098 3109 lornacem
1123 3048 1293 3126 pistoream
1317 3050 1431 3109 bonam
1448 3048 1531 3107 bono
1547 3057 1630 3107 tecto

358 3176 414 3235 per
437 3156 662 3237 negligentiam
686 3176 748 3215 non
773 3157 939 3235 provisam.

464 3266 493 3323 4.
518 3264 670 3324 Dominae
695 3265 845 3342 losephae
869 3264 983 3324 viduae
999 3264 1213 3324 szetkoviclr
1230 3264 1316 3324 curia
1331 3264 1361 3323 in
1376 3272 1459 3324 terra
1476 3265 1633 3324 assericeo

357 3380 439 3433 tecto
462 3391 525 3431 non
548 3373 631 3433 bono
653 3373 788 3452 provisa,
812 3374 940 3433 basibus
964 3382 1035 3451 post
1058 3373 1174 3451 aliquot
1194 3392 1293 3431 annos
1317 3373 1436 3453 indiget
1460 3382 1490 3433 et
1508 3392 1632 3451 repara-

357 3480 458 3555 tione3
482 3480 556 3541 item
579 3480 673 3540 haras
708 3480 852 3559 antiquas
884 3480 1085 3560 biangulares
1116 3482 1156 3540 ad
1181 3479 1201 3537 4
1245 3481 1406 3540 clausuras
1436 3481 1565 3540 basibus
1589 3482 1632 3541 in-

358 3588 510 3669 digentes,
533 3588 679 3648 horreum
703 3587 860 3648 mediocre
884 3606 976 3648 secus
1001 3606 1057 3666 pro
1082 3606 1164 3647 nunc
1187 3588 1312 3647 bonum.

466 3694 494 3756 5.
518 3694 637 3754 Nobilis
661 3695 825 3756 laneclrich
849 3696 998 3756 Nicolaus
1021 3696 1116 3755 babet
1139 3696 1266 3755 domum
1289 3714 1405 3755 novam
1428 3715 1491 3754 non
1515 3694 1633 3773 pridem

359 3809 520 3875 errectam,
544 3819 601 3880 pro
624 3822 687 3881 quo
711 3804 805 3863 domo
829 3802 996 3883 errigenda
1020 3803 1175 3863 concessit
1206 3803 1245 3861 ab
1281 3802 1349 3862 aliis
1379 3802 1555 3861 hominibus
1587 3820 1633 3860 ro-

359 3908 436 3967 bora
465 3906 511 3968 10.
547 3910 623 3969 ltem
656 3910 800 3970 borreum
833 3910 994 3989 antiquum
1018 3910 1146 3969 basibus
1174 3911 1279 3969 statim
1308 3909 1461 3989 indigens,
1492 3927 1635 3969 cameras

357 4016 436 4076 duas
460 4016 604 4076 frumenti
628 4018 785 4077 seorsivas
809 4018 839 4077 in
862 4018 946 4077 bono
969 4027 1062 4092 statu,
1093 4018 1150 4077 sed
1181 4018 1361 4095 pavimento
1393 4017 1529 4077 inferiori
1560 4017 1634 4077 indi·

360 4133 482 4205 gentes,
506 4125 600 4185 baras
623 4125 780 4185 maialium
806 4126 845 4203 ad
870 4144 963 4185 unam
988 4126 1164 4185 clausuram
1188 4126 1325 4185 inbono
1361 4145 1417 4204 pro
1447 4146 1529 4185 nunc
1553 4134 1636 4185 statu

357 4240 428 4310 post
453 4231 569 4310 aliquot
593 4250 691 4291 annos
715 4233 844 4292 basibus
869 4233 1054 4313 indigentes.
1090 4234 1195 4293 Haras
1219 4233 1400 4293 animalium
1434 4234 1635 4312 biangulares

359 4338 399 4397 ad
422 4335 443 4397 6
468 4339 629 4398 clausuras
664 4340 844 4416 pavimento
877 4338 1013 4400 interiori
1048 4341 1152 4399 statim
1188 4338 1374 4418 indigentes,
1412 4348 1482 4417 post
1517 4338 1633 4418 aliquot

358 4455 463 4506 autem
487 4464 586 4506 annos
608 4444 747 4521 basibus,
772 4448 906 4506 culinam
930 4447 1117 4507 lorinsecam
1146 4466 1217 4506 cum
1250 4446 1377 4505 fornace
1409 4446 1547 4523 pistorea
1579 4464 1633 4505 an·

354 4557 474 4633 tiquam
495 4563 579 4615 tecto
602 4555 685 4614 bono
709 4554 856 4615 assericio
881 4573 936 4633 per
968 4554 1193 4633 negligentiam
1224 4574 1287 4613 non
1310 4553 1479 4632 provisam,
1511 4554 1627 4612 colum·

356 4661 478 4721 barium
502 4662 667 4736 mediocre,
693 4660 827 4723 ambitus
851 4662 957 4721 domui
981 4662 1148 4741 contiguus
1177 4681 1239 4721 non
1263 4662 1346 4721 bono
1370 4670 1453 4722 tecto
1478 4660 1630 4739 provisus.

463 4768 492 4831 6.
516 4768 637 4829 Nobilis
660 4769 817 4849 Georgius
841 4770 1042 4829 Hrenkovich
1065 4770 1161 4829 babet
1185 4770 1313 4830 domum
1344 4788 1459 4829 novam
1488 4769 1633 4829 omnibus

356 4877 515 4954 provisam
538 4876 740 4949 necessariis;
776 4878 850 4937 item
880 4877 1026 4937 borreum
1051 4876 1230 4956 aequaliter.
1263 4878 1366 4936 Haras
1390 4876 1569 4936 animalium
1594 4878 1634 4934 ad
