3934 5550
374 379 440 442 344

386 615 424 656 ex
448 597 572 677 integro
594 616 687 674 nova,
711 617 749 657 ex
781 598 909 678 antiqua
933 608 1039 658 autem
1071 598 1184 658 additis
1217 598 1334 677 aliquot
1364 598 1467 658 adhuc
1498 597 1660 657 roboribus

383 703 473 764 novis
496 705 642 764 horreum
667 705 725 763 sibi
749 704 960 766 necessarium
984 715 1145 766 exstruere
1169 714 1280 785 potest,
1304 725 1366 785 quo
1389 714 1485 766 caret

488 811 564 871 Item
588 811 682 872 haras
712 813 807 872 habet
837 813 946 886 bonas,
982 831 1080 890 penes
1113 832 1194 891 quas
1224 820 1272 872 est
1295 811 1505 893 Ioenilegium,
1529 830 1568 872 ex
1598 831 1661 892 quo

384 928 494 996 expost
517 918 611 978 haras
643 916 700 997 p'ro
724 919 886 979 maialibus
920 918 1115 980 necessarias
1147 919 1301 980 conficere
1333 919 1458 995 valebit,
1489 919 1563 978 nihil
1594 921 1662 998 plus

381 1025 485 1086 habet.
1478 1035 1484 1044 '

488 1132 565 1191 Item
588 1133 699 1194 nobilis
725 1134 874 1214 Iosephus
898 1133 1081 1194 ChunchIch
1105 1134 1201 1194 babet
1224 1153 1384 1194 cameram
1400 1142 1484 1194 sorte
1498 1133 1659 1212 divisionis

382 1241 543 1300 obtentam
566 1241 659 1303 bona.
684 1243 760 1302 Item
786 1243 966 1322 contiguam
999 1242 1138 1302 Mathias
1168 1243 1264 1302 habet
1299 1251 1436 1321 emptam
1468 1259 1558 1302 suam
1590 1261 1661 1320 pro·

380 1349 481 1427 priam
504 1358 554 1409 sat
576 1351 700 1411 bonam.
1366 1335 1370 1341 ¹

487 1454 517 1518 9.
534 1457 654 1518 Nobilis
666 1458 845 1536 Stephanus
861 1459 1059 1535 Gyurachich
1076 1459 1202 1520 domurn
1219 1459 1314 1520 habet
1329 1459 1453 1536 bonam,
1465 1467 1537 1538 post
1548 1459 1665 1538 aliquot

381 1583 481 1624 annos
517 1565 645 1626 basibus
676 1565 836 1645 indigebit.
868 1567 1022 1627 Horreum
1053 1568 1180 1630 bonurn.
1211 1568 1316 1626 Haras
1346 1566 1455 1638 bonas,
1485 1565 1665 1644 pavimento

380 1678 486 1731 tamen
512 1671 647 1732 inferiori
672 1672 823 1753 indigere.

487 1779 590 1838 Haras
621 1799 678 1858 pro
712 1779 877 1841 maialibus
912 1779 1004 1842 valde
1037 1781 1178 1861 exiguas,
1213 1781 1280 1842 sive
1304 1799 1427 1860 parvas,
1457 1800 1513 1860 pro
1544 1780 1657 1860 quibus

382 1885 580 1946 elaborandis
605 1887 706 1946 adhuc
730 1887 884 1968 indigeret
907 1907 970 1948 una
994 1889 1106 1949 arbore
1131 1889 1288 1968 quercina,
1305 1889 1438 1967 amplius
1460 1889 1536 1948 nihil
1557 1888 1660 1949 habet.

496 1990 543 2052 10.
567 1993 687 2054 Nobilis
710 1993 867 2074 Georgius
891 1995 1090 2056 Malchevich
1106 1997 1234 2056 domum
1254 1998 1370 2056 bonam
1385 1996 1490 2072 habet,
1505 1996 1611 2074 aliqua
1626 2014 1663 2054 ex

386 2107 475 2178 parte
499 2107 582 2159 tecto
605 2099 755 2181 indigere.
1548 2175 1551 2179 ,

492 2207 569 2266 Item
593 2207 738 2268 horreum
762 2208 866 2286 habet,
883 2211 967 2288 quod
984 2229 1021 2270 ex
1038 2219 1127 2290 parte
1143 2210 1389 2289 septemtrionali
1405 2210 1602 2290 reparatione
1619 2211 1664 2271 in·

381 2314 469 2394 diget
492 2333 622 2388 summe,
646 2334 803 2378 cameram
833 2317 928 2377 habet
951 2318 1076 2378 novitus
1107 2319 1309 2392 elaboratam,
1339 2318 1392 2379 ubi
1425 2338 1482 2396 pro
1515 2319 1664 2398 contigua

381 2418 526 2480 facienda
539 2420 641 2482 adhuc
654 2422 714 2482 alia
727 2441 853 2484 camera
868 2443 925 2504 per
936 2426 1139 2503 spectabilem
1150 2425 1310 2486 dominum
1324 2427 1471 2486 comitem
1482 2434 1663 2487 terrestrem

383 2527 520 2586 buletam
544 2528 650 2590 datam
676 2531 715 2589 ad
738 2538 802 2590 tres
834 2531 961 2592 arbores
986 2533 1089 2609 habet,
1112 2534 1206 2593 haras
1237 2533 1337 2594 bonas
1369 2534 1581 2614 biangulares,
1604 2534 1659 2594 lor·

381 2653 494 2696 necem
517 2635 641 2704 bonam¹
656 2636 825 2716 pistoream
850 2639 906 2698 sed
929 2648 1013 2700 tecto
1036 2640 1224 2702 necessario
1540 2696 1543 2703 .

495 2743 542 2805 ll.
558 2743 677 2803 Nobilis
693 2745 844 2823 Iosephus
861 2744 1044 2807 Chunchich
1057 2748 1166 2827 Varga
1181 2747 1292 2823 dictus,
1309 2749 1435 2826 domum
1451 2748 1547 2810 habet
1562 2748 1662 2809 instar

380 2850 494 2926 curiae,
518 2870 599 2931 quae
628 2852 775 2913 asserIcio
798 2861 882 2913 tecto
906 2864 938 2914 et
960 2855 1089 2915 basibus
1112 2855 1240 2935 indiget
1441 2924 1447 2929 ,

487 2958 590 3018 Haras
623 2958 735 3019 nullius
765 2960 888 3035 valoris,
923 2980 961 3022 ex
993 2961 1116 3041 integro
1149 2963 1239 3023 novis
1269 2963 1427 3043 indigere3
1461 2964 1537 3033 item
1565 2964 1663 3024 harae

380 3072 452 3123 sunt
476 3065 576 3124 bonae
600 3084 657 3143 pro
681 3066 789 3142 bobus,
814 3068 870 3126 sed
894 3076 1000 3128 tamen
1024 3070 1220 3146 reparatione
1244 3070 1481 3132 necessitantur.
1506 3071 1662 3131 Horreum

380 3172 507 3247 bonurn,
531 3192 688 3233 cameram
721 3193 816 3235 unam
840 3175 955 3236 bonam
979 3176 1192 3252 domesticam,
1217 3178 1288 3239 dein
1319 3178 1493 3239 CatharIna
1523 3178 1660 3239 deiuncti

381 3279 508 3360 Georgii
534 3279 717 3342 Chunchich
741 3282 894 3359 priuatam
919 3302 1078 3345 cameram
1101 3286 1215 3347 bonam
1239 3287 1334 3346 habet
1357 3306 1413 3365 per
1436 3304 1526 3347 se-ex
1543 3287 1659 3346 Busse-

382 3380 459 3447 vecz
482 3397 691 3465 procuratam.

490 3495 566 3555 Item
591 3513 717 3555 camera
734 3516 796 3555 una
821 3497 958 3557 Matlriae
975 3500 1047 3559 oIIm
1065 3500 1249 3561 Chunchich
1272 3520 1328 3580 per
1351 3520 1386 3562 se
1410 3520 1429 3561 a
1453 3512 1539 3563 certo
1568 3503 1662 3563 Ztan·

382 3602 511 3661 clrevich
535 3612 648 3681 empta,
673 3620 764 3662 secus
786 3603 878 3665 bona.

493 3707 569 3767 Item
598 3728 727 3768 camera
750 3728 813 3769 una
837 3710 920 3770 bona
944 3712 1068 3792 Iosephi
1092 3712 1285 3790 ChunchIch,
1308 3714 1462 3793 privatiVa
1486 3716 1589 3779 etiam.

494 3812 540 3874 12.
565 3814 684 3875 Nobilis
700 3816 807 3875 Simon
822 3818 1033 3879 Ztanchevich
1050 3820 1177 3880 domum
1193 3822 1297 3899 habet,
1313 3840 1394 3900 quae
1411 3822 1522 3881 domus
1535 3839 1660 3901 repara·

286 3922 289 3931 '
380 3920 464 3979 tione
489 3920 615 4001 indiget,
639 3922 700 3982 alia
717 3924 859 3984 aedificia
874 3925 967 3989 nulla.

495 4024 541 4089 13.
555 4028 673 4087 Nobilis
687 4029 843 4107 Georgius
858 4030 1042 4092 Chunchich
1058 4034 1215 4094 Ianchievi
1231 4035 1341 4110 dictus,
1354 4036 1480 4095 domum
1496 4036 1592 4095 habet
1606 4036 1661 4095 bo·

381 4154 462 4208 nam,
487 4137 632 4196 borreum
657 4138 750 4196 etiam
767 4140 964 4199 commodum
989 4160 1080 4199 secus
1104 4140 1268 4202 basibus2
1292 4142 1420 4222 indiget,
1437 4144 1530 4203 haras
1552 4143 1661 4215 bonas,

380 4242 536 4301 stabulum
561 4244 687 4305 bonum.

485 4350 561 4409 Item
586 4370 711 4410 camera
736 4352 859 4410 loannis
884 4352 1006 4433 Evang.
1028 4354 1112 4413 bona
1135 4355 1266 4431 privata,
1290 4375 1416 4417 camera
1440 4355 1570 4434 Georgii
1596 4358 1656 4435 pri«

378 4464 450 4516 vata
474 4475 557 4516 nova
581 4466 612 4519 et
635 4458 718 4517 bona
742 4458 862 4520 habens
886 4460 1035 4521 ambitum
1060 4460 1214 4522 informa
1239 4464 1361 4526 domus.

484 4565 587 4625 Haras
611 4584 648 4625 ex
674 4566 808 4644 antiquis
831 4568 995 4627 roboribus
1019 4570 1215 4647 reparatione
1239 4572 1443 4633 necessarias

489 4670 667 4734 14.N0bi1is
685 4673 820 4733 Mathias
836 4673 1020 4735 Chunchich
1033 4676 1175 4737 Kerznar
1189 4678 1300 4755 dictus,
1316 4680 1347 4739 in
1365 4681 1448 4740 bono
1465 4690 1548 4753 statu
1564 4681 1659 4739 habet

376 4779 511 4855 domum,
536 4780 612 4839 allas
637 4799 711 4839 vero
735 4781 818 4841 nulla
842 4782 993 4856 aedilicia,
1009 4804 1066 4861 pro
1089 4784 1173 4845 haris
1190 4786 1285 4846 habet
1300 4786 1400 4849 frusta
1415 4786 1445 4862 8,
1462 4808 1518 4867 pro
1542 4788 1655 4866 quibus

376 4888 583 4947 ellaborandis
608 4890 708 4947 adhuc
733 4889 877 4968 aquisivit
902 4891 1030 4970 arbores
1054 4891 1084 4963 4,
1108 4893 1158 4953 die
1187 4894 1233 4955 15.
1257 4896 1359 4955 martii
1385 4894 1458 4955 796.
1531 4964 1534 4967 ,
