3934 5550
893 620 992 698 158.
1048 650 1051 654 ·

401 838 494 897 Anno
523 836 615 898 1691.
642 838 693 900 27.
717 831 912 917 septembris.
937 842 972 900 ln
996 841 1144 902 Mokriez.

294 1048 462 1113 Nicolaus
494 1050 659 1133 Erdeody,
694 1050 814 1129 banus,
837 1050 959 1115 comiti
986 1055 1068 1117 terr.
1104 1051 1228 1137 Compi
1263 1052 1450 1137 Turopolia
1478 1062 1575 1141 prae·

295 1156 389 1241 cipit,
408 1160 449 1219 ut
472 1156 626 1221 homines
648 1178 731 1221 suos
754 1158 815 1222 dia
834 1157 863 1224 8.
878 1158 1035 1223 octobris
1055 1160 1103 1223 ad
1117 1158 1277 1245 flrrvium
1301 1160 1441 1225 Uarrum
1456 1180 1579 1226 versus

740 1266 777 1329 K
775 1266 1009 1331 oszianiczam
1033 1268 1143 1331 metat.
1372 1263 1375 1267 ⁴

446 1526 448 1531 ·
513 1499 675 1561 Generose
708 1501 832 1561 domine
866 1502 965 1564 amice
999 1502 1294 1563 observandissime.

402 1642 538 1719 Quando
571 1644 696 1723 quidem
732 1644 771 1703 ad
800 1662 974 1722 nupernam
1009 1634 1211 1705 serenissimi
1235 1646 1381 1725 principis
1416 1648 1578 1724 Badensis,

297 1748 400 1808 medio
437 1749 603 1828 peculiaris
634 1749 682 1809 sui
713 1744 849 1810 cursoris
883 1751 924 1811 ad
955 1770 1015 1811 nos
1049 1752 1185 1830 exmissi,
1215 1762 1280 1813 tam
1311 1753 1576 1815 Carlostadiensis

292 1872 387 1933 quarn
421 1857 641 1916 Varasdiensis
670 1858 871 1937 generalatus
895 1858 952 1918 sub
977 1860 1196 1919 commandam
1221 1861 1347 1944 alterius
1365 1861 1512 1940 principis
1536 1863 1577 1921 de

292 1960 395 2037 Croie,
420 1964 609 2024 Eszelrinum
633 1964 743 2025 sistere
767 1984 801 2025 se
812 1960 962 2040 debeant,
981 1986 1131 2045 passuum
1153 1964 1274 2027 interea
1293 1968 1442 2048 temporis
1464 1970 1576 2029 Unnae

295 2070 443 2145 excubiis,
479 2072 745 2152 confiniorumque
772 2050 953 2147 'custodiis'
972 2082 1107 2147 nostrae,
1143 2092 1180 2134 ac
1210 2072 1317 2151 inclyti
1331 2147 1335 2153 Δ
1349 2076 1438 2155 regni
1473 2096 1577 2161 curae,

294 2178 521 2257 custodiaeque
546 2178 577 2239 in
609 2178 819 2240 continuanda
852 2180 892 2239 ad
925 2189 1132 2240 memoratum
1164 2180 1294 2241 fluvium
1325 2184 1417 2243 Unna
1442 2184 1576 2243 statione

292 2288 453 2364 castrensi,
477 2287 729 2366 intentandisq'ue
753 2266 953 2348 hauddubie
978 2279 1145 2367 (elongatis
1168 2274 1262 2349 modo
1286 2290 1416 2368 praevio
1439 2310 1459 2351 a
1482 2291 1572 2351 nobis

293 2396 461 2475 praedictis
496 2395 751 2475 generalatibus)'
779 2414 836 2474 per
874 2396 995 2455 Turcas
1031 2394 1150 2456 vicinos
1183 2396 1347 2457 insultibus
1379 2394 1573 2470 immediata,

296 2522 396 2583 eaque
420 2501 559 2582 possibili
583 2502 759 2563 resistentia
783 2503 902 2562 solicite
926 2510 957 2561 et
980 2504 1142 2582 perzelose
1165 2505 1423 2579 commendantis,
1457 2524 1494 2565 ac
1518 2524 1574 2584 per

293 2614 405 2672 iterata
428 2612 567 2691 benigna
591 2629 667 2671 suae
691 2610 864 2671 maiestatis
887 2611 1119 2671 sacratissimae
1143 2611 1184 2671 ad
1207 2630 1266 2671 nos
1282 2621 1429 2673 emanata
1445 2614 1571 2674 decreta

293 2718 583 2780 commissionatiter
606 2718 745 2798 repetitis
770 2726 801 2779 et
825 2717 994 2782 ratificatis.
1018 2718 1066 2779 Ne
1090 2718 1195 2798 itaque
1220 2719 1452 2781 clementissimi
1491 2704 1574 2800 priu-

290 2828 365 2906 cipis
388 2829 529 2908 benigna
551 2847 648 2902 mens,
672 2827 1004 2906 praetitulatorumque
1037 2827 1152 2896 ducum
1184 2836 1349 2908 perspecta
1382 2837 1513 2888 eatenus
1538 2830 1569 2888 in

289 2936 514 3015 prosequendis
550 2943 657 2994 contra
693 2931 853 2995 inimicum
885 2935 989 2994 denuo
1024 2934 1107 2996 vires
1144 2935 1387 3016 recolligentem,
1428 2937 1569 2996 ielicibus

289 3043 507 3124 progressibus
532 3039 660 3103 intentio
683 3037 795 3121 quovis
818 3043 912 3102 modo
936 3043 1130 3117 annulletur,
1147 3051 1241 3121 atque
1266 3044 1346 3104 adeo
1370 3053 1495 3104 vestrae
1511 3044 1565 3103 do-

288 3151 457 3211 minationi·
474 3169 650 3232 generosae
685 3150 863 3211 auttoritatc
887 3159 995 3210 nostra
1017 3149 1122 3210 banali
1145 3150 1236 3225 serio,
1259 3151 1451 3230 firmiterque
1481 3170 1570 3230 prae·

291 3258 435 3336 cipiendo
459 3257 680 3318 committimus
704 3265 735 3317 et
758 3257 954 3332 mandamus,
978 3268 1135 3335 quatenus
1157 3258 1299 3318 homines
1331 3277 1415 3334 suos,
1446 3278 1508 3337 quo
1539 3259 1571 3318 in

291 3367 455 3444 copiosiori
478 3385 609 3427 numero
634 3365 855 3445 ita-disponat,
879 3373 915 3424 ut
937 3367 1033 3425 multo
1056 3364 1233 3430 festinatius
1256 3374 1289 3425 et
1311 3365 1457 3426 solertius
1472 3382 1568 3445 quarn

291 3474 424 3534 antehac
460 3473 655 3552 (praesertim
679 3493 749 3532 cum
774 3471 978 3532 confiniorum
1003 3472 1179 3532 nostrorum
1202 3492 1314 3534 manus
1338 3474 1498 3536 communi
1517 3474 1571 3534 de·

291 3583 455 3641 testandae
479 3581 678 3660 contagionis
701 3581 790 3650 malo
808 3579 844 3646 in,
864 3598 1015 3658 praesens
1039 3580 1120 3640 adeo
1151 3580 1312 3642 debilitata
1344 3589 1377 3640 et
1407 3589 1569 3646 contracta

290 3691 349 3766 sit),
374 3709 429 3768 pro
453 3689 504 3750 die
528 3687 557 3764 8.Ι
582 3689 698 3748 mensis
722 3688 866 3762 octobris,
891 3689 932 3748 ad
955 3688 1084 3746 fluvium
1116 3689 1217 3763 Unna,
1250 3689 1490 3749 Kosztaniczam
1524 3690 1568 3748 vi·

289 3797 401 3857 delicet
424 3778 543 3872 versus,
569 3779 835 3855 sufficientissima¹
858 3813 984 3872 annona
1007 3813 1064 3873 pro
1087 3795 1175 3854 totali
1199 3795 1432 3856 continuatione
1448 3805 1566 3856 castro·

289 3923 356 3963 rum
381 3887 506 3982 provisi,
530 3901 587 3964 sub
620 3920 722 3981 poena
756 3902 911 3962 articulari
931 3915 1129 3980 'comparere
1162 3902 1300 3962 debeant
1331 3911 1362 3962 et
1392 3911 1565 3963 teneantur.

289 4011 355 4072 Nec
380 4030 472 4072 secus
494 4011 625 4071 factura.
651 4011 684 4070 ln
709 4011 828 4088 reliquo
852 4011 968 4070 valebit
990 4009 1135 4070 feliciter.·
1227 4037 1230 4043 ·

314 4157 316 4164 ·
341 4179 346 4190 ·
395 4139 577 4198 Generosae
602 4137 968 4197 dominationis.vestrae
994 4136 1113 4196 amicus
1136 4137 1352 4215 paratissimus

808 4298 925 4382 Comes
948 4280 1098 4381 Nicolaus
1121 4297 1277 4375 Erdeody,
1301 4269 1402 4364 banus
1426 4319 1466 4362 m.
1490 4320 1518 4386 pe
1570 4378 1575 4386 ἱ

391 4464 541 4538 Mokricz,
565 4463 617 4525 27.
641 4463 826 4544 septembris
854 4459 945 4524 1691.
981 4505 983 4516 ·

390 4591 423 4650 P.
447 4591 479 4654 S.
503 4592 681 4651 Transeant
703 4597 807 4650 autem
831 4589 972 4650 homines
996 4597 1121 4650 vestrae
1155 4588 1375 4649 dominationis
1405 4604 1462 4666 per
1492 4587 1564 4648 loca

285 4705 416 4777 apeste
440 4706 505 4757 tuta
529 4697 570 4758 ad
594 4698 703 4758 Rakou
727 4698 803 4772 Bok,
836 4695 888 4756 ubi
918 4707 1030 4774 pontes
1065 4695 1206 4757 habituri.
1241 4698 1356 4756 Vestra
1389 4695 1554 4755 d›.ninati

281 4825 436 4881 generosa
462 4805 598 4866 vadiabit
622 4823 740 4872 omnes,
764 4805 815 4882 qui
839 4805 952 4864 necin
976 4803 1142 4882 compania
1166 4804 1268 4863 banali
1294 4803 1495 4881 (stipendiati)
1531 4801 1564 4862 in

282 4913 392 4972 castris
416 4921 664 4990 comparuerunt,
688 4931 746 4972 nec
770 4912 863 4972 etiam
888 4931 959 4971 cum
992 4921 1097 4972 vestra
1128 4911 1341 4971 dominatione
1376 4929 1559 4988 comparue-
