<?xml version="1.0" encoding="UTF-8"?>
<!DOCTYPE html PUBLIC "-//W3C//DTD XHTML 1.0 Transitional//EN"
    "http://www.w3.org/TR/xhtml1/DTD/xhtml1-transitional.dtd">
<html xmlns="http://www.w3.org/1999/xhtml" xml:lang="en" lang="en">
 <head>
  <title>
</title>
<meta http-equiv="Content-Type" content="text/html;charset=utf-8" />
  <meta name='ocr-system' content='tesseract 3.04.00' />
  <meta name='ocr-capabilities' content='ocr_page ocr_carea ocr_par ocr_line ocrx_word'/>
</head>
<body>
  <div class='ocr_page' id='page_1' title='image "./povjesnispomeni00laszgoog_0551.png"; bbox 0 0 3934 5550; ppageno 0'>
   <div class='ocr_carea' id='block_1_1' title="bbox 403 415 469 477">
    <p class='ocr_par' dir='ltr' id='par_1_1' title="bbox 403 415 469 477">
     <span class='ocr_line' id='line_1_1' title="bbox 403 415 469 477; baseline -0.03 0"><span class='ocrx_word' id='word_1_1' title='bbox 403 415 469 477; x_wconf 85' lang='lat'>520</span> 
     </span>
    </p>
   </div>
   <div class='ocr_carea' id='block_1_2' title="bbox 367 623 1683 4370">
    <p class='ocr_par' dir='ltr' id='par_1_2' title="bbox 404 623 1680 922">
     <span class='ocr_line' id='line_1_2' title="bbox 510 623 1680 705; baseline -0.004 -15"><span class='ocrx_word' id='word_1_2' title='bbox 510 631 602 690; x_wconf 92' lang='lat' dir='ltr'>Anno</span> <span class='ocrx_word' id='word_1_3' title='bbox 627 628 744 689; x_wconf 88' lang='lat' dir='ltr'>domini</span> <span class='ocrx_word' id='word_1_4' title='bbox 772 623 866 689; x_wconf 84' lang='lat'>1625.</span> <span class='ocrx_word' id='word_1_5' title='bbox 888 625 967 686; x_wconf 85' lang='lat' dir='ltr'>feria</span> <span class='ocrx_word' id='word_1_6' title='bbox 991 625 1098 705; x_wconf 89' lang='lat' dir='ltr'>quinta</span> <span class='ocrx_word' id='word_1_7' title='bbox 1122 627 1263 704; x_wconf 88' lang='lat' dir='ltr'>proxima</span> <span class='ocrx_word' id='word_1_8' title='bbox 1286 633 1357 704; x_wconf 91' lang='lat' dir='ltr'>post</span> <span class='ocrx_word' id='word_1_9' title='bbox 1375 625 1489 684; x_wconf 84' lang='lat' dir='ltr'>festum</span> <span class='ocrx_word' id='word_1_10' title='bbox 1505 625 1588 686; x_wconf 86' lang='lat' dir='ltr'>beati</span> <span class='ocrx_word' id='word_1_11' title='bbox 1603 625 1680 686; x_wconf 89' lang='lat' dir='ltr'>Gre-</span> 
     </span>
     <span class='ocr_line' id='line_1_3' title="bbox 404 727 1680 820; baseline -0.004 -21"><span class='ocrx_word' id='word_1_12' title='bbox 404 739 485 820; x_wconf 84' lang='lat' dir='ltr'>gorii</span> <span class='ocrx_word' id='word_1_13' title='bbox 519 757 621 818; x_wconf 87' lang='lat' dir='ltr'>papae</span> <span class='ocrx_word' id='word_1_14' title='bbox 653 744 684 796; x_wconf 90' lang='lat' dir='ltr'>et</span> <span class='ocrx_word' id='word_1_15' title='bbox 715 735 860 808; x_wconf 91' lang='lat' dir='ltr'>doctoris,</span> <span class='ocrx_word' id='word_1_16' title='bbox 896 733 1036 813; x_wconf 80' lang='lat' dir='ltr'>proxime</span> <span class='ocrx_word' id='word_1_17' title='bbox 1067 727 1293 812; x_wconf 78' lang='lat' dir='ltr'>praeteritum³‚</span> <span class='ocrx_word' id='word_1_18' title='bbox 1326 733 1356 793; x_wconf 91' lang='lat' dir='ltr'>in</span> <span class='ocrx_word' id='word_1_19' title='bbox 1388 734 1500 794; x_wconf 90' lang='lat' dir='ltr'>Maiori</span> <span class='ocrx_word' id='word_1_20' title='bbox 1536 733 1680 812; x_wconf 88' lang='lat' dir='ltr'>Gorycza</span> 
     </span>
     <span class='ocr_line' id='line_1_4' title="bbox 405 840 1367 922; baseline -0.004 -16"><span class='ocrx_word' id='word_1_21' title='bbox 405 848 490 908; x_wconf 87' lang='lat' dir='ltr'>lacta</span> <span class='ocrx_word' id='word_1_22' title='bbox 513 855 562 908; x_wconf 90' lang='lat' dir='ltr'>est</span> <span class='ocrx_word' id='word_1_23' title='bbox 584 845 802 906; x_wconf 85' lang='lat' dir='ltr'>conventicula</span> <span class='ocrx_word' id='word_1_24' title='bbox 824 842 974 902; x_wconf 84' lang='lat' dir='ltr'>nobilium</span> <span class='ocrx_word' id='word_1_25' title='bbox 998 840 1112 920; x_wconf 89' lang='lat' dir='ltr'>Campi</span> <span class='ocrx_word' id='word_1_26' title='bbox 1135 841 1367 922; x_wconf 79' lang='lat' dir='ltr'>Zagrabiensis</span> 
     </span>
    </p>

    <p class='ocr_par' dir='ltr' id='par_1_3' title="bbox 401 951 1681 1570">
     <span class='ocr_line' id='line_1_5' title="bbox 514 951 1679 1032; baseline -0.003 -18"><span class='ocrx_word' id='word_1_27' title='bbox 514 953 538 1016; x_wconf 92' lang='lat' dir='ltr'>l.</span> <span class='ocrx_word' id='word_1_28' title='bbox 564 955 615 1014; x_wconf 88' lang='lat' dir='ltr'>Ad</span> <span class='ocrx_word' id='word_1_29' title='bbox 638 953 890 1032; x_wconf 83' lang='lat' dir='ltr'>prosecutionem</span> <span class='ocrx_word' id='word_1_30' title='bbox 913 969 1029 1011; x_wconf 88' lang='lat' dir='ltr'>causae</span> <span class='ocrx_word' id='word_1_31' title='bbox 1053 951 1172 1010; x_wconf 90' lang='lat' dir='ltr'>ratione</span> <span class='ocrx_word' id='word_1_32' title='bbox 1197 951 1442 1030; x_wconf 87' lang='lat' dir='ltr'>interemptionis</span> <span class='ocrx_word' id='word_1_33' title='bbox 1465 951 1536 1029; x_wconf 89' lang='lat' dir='ltr'>piae</span> <span class='ocrx_word' id='word_1_34' title='bbox 1563 970 1679 1011; x_wconf 90' lang='lat' dir='ltr'>merno-</span> 
     </span>
     <span class='ocr_line' id='line_1_6' title="bbox 401 1059 1680 1144; baseline -0.002 -21"><span class='ocrx_word' id='word_1_35' title='bbox 401 1064 467 1123; x_wconf 89' lang='lat' dir='ltr'>riae</span> <span class='ocrx_word' id='word_1_36' title='bbox 492 1061 614 1144; x_wconf 82' lang='lat' dir='ltr'>egregii</span> <span class='ocrx_word' id='word_1_37' title='bbox 646 1061 720 1121; x_wconf 93' lang='lat' dir='ltr'>olim</span> <span class='ocrx_word' id='word_1_38' title='bbox 751 1059 882 1138; x_wconf 84' lang='lat' dir='ltr'>Georgii</span> <span class='ocrx_word' id='word_1_39' title='bbox 913 1059 1055 1138; x_wconf 87' lang='lat' dir='ltr'>Vagych,</span> <span class='ocrx_word' id='word_1_40' title='bbox 1090 1059 1167 1118; x_wconf 89' lang='lat' dir='ltr'>alias</span> <span class='ocrx_word' id='word_1_41' title='bbox 1199 1059 1320 1118; x_wconf 91' lang='lat' dir='ltr'>comitis</span> <span class='ocrx_word' id='word_1_42' title='bbox 1350 1060 1505 1120; x_wconf 87' lang='lat' dir='ltr'>terrestris</span> <span class='ocrx_word' id='word_1_43' title='bbox 1532 1060 1680 1121; x_wconf 88' lang='lat' dir='ltr'>nobilium</span> 
     </span>
     <span class='ocr_line' id='line_1_7' title="bbox 404 1165 1680 1250; baseline -0.003 -20"><span class='ocrx_word' id='word_1_44' title='bbox 404 1170 517 1248; x_wconf 89' lang='lat' dir='ltr'>Campi</span> <span class='ocrx_word' id='word_1_45' title='bbox 547 1168 770 1250; x_wconf 88' lang='lat' dir='ltr'>Zagrabiensis</span> <span class='ocrx_word' id='word_1_46' title='bbox 799 1176 831 1226; x_wconf 90' lang='lat' dir='ltr'>et</span> <span class='ocrx_word' id='word_1_47' title='bbox 863 1165 972 1226; x_wconf 90' lang='lat' dir='ltr'>iudicis</span> <span class='ocrx_word' id='word_1_48' title='bbox 1008 1165 1157 1226; x_wconf 81' lang='lat' dir='ltr'>nobilium</span> <span class='ocrx_word' id='word_1_49' title='bbox 1193 1166 1358 1226; x_wconf 86' lang='lat' dir='ltr'>comitatus</span> <span class='ocrx_word' id='word_1_50' title='bbox 1392 1167 1531 1226; x_wconf 91' lang='lat' dir='ltr'>similiter</span> <span class='ocrx_word' id='word_1_51' title='bbox 1563 1169 1680 1248; x_wconf 82' lang='lat' dir='ltr'>Zagra·</span> 
     </span>
     <span class='ocr_line' id='line_1_8' title="bbox 404 1275 1681 1355; baseline -0.002 -17"><span class='ocrx_word' id='word_1_52' title='bbox 404 1278 530 1353; x_wconf 89' lang='lat' dir='ltr'>biensis,</span> <span class='ocrx_word' id='word_1_53' title='bbox 553 1278 634 1337; x_wconf 87' lang='lat' dir='ltr'>lilius</span> <span class='ocrx_word' id='word_1_54' title='bbox 658 1276 808 1349; x_wconf 86' lang='lat' dir='ltr'>eiusdem,</span> <span class='ocrx_word' id='word_1_55' title='bbox 831 1275 982 1354; x_wconf 78' lang='lat' dir='ltr'>egregius</span> <span class='ocrx_word' id='word_1_56' title='bbox 1006 1293 1119 1352; x_wconf 86' lang='lat' dir='ltr'>nempe</span> <span class='ocrx_word' id='word_1_57' title='bbox 1143 1275 1256 1334; x_wconf 87' lang='lat' dir='ltr'>Petrus</span> <span class='ocrx_word' id='word_1_58' title='bbox 1274 1276 1415 1355; x_wconf 88' lang='lat' dir='ltr'>Vagych,</span> <span class='ocrx_word' id='word_1_59' title='bbox 1433 1284 1573 1355; x_wconf 87' lang='lat' dir='ltr'>exparte</span> <span class='ocrx_word' id='word_1_60' title='bbox 1597 1296 1681 1336; x_wconf 92' lang='lat' dir='ltr'>com-</span> 
     </span>
     <span class='ocr_line' id='line_1_9' title="bbox 404 1382 1679 1457; baseline -0.002 -11"><span class='ocrx_word' id='word_1_61' title='bbox 404 1386 563 1446; x_wconf 85' lang='lat' dir='ltr'>munitatis</span> <span class='ocrx_word' id='word_1_62' title='bbox 587 1387 677 1445; x_wconf 84' lang='lat' dir='ltr'>oflert</span> <span class='ocrx_word' id='word_1_63' title='bbox 701 1403 735 1443; x_wconf 91' lang='lat' dir='ltr'>se</span> <span class='ocrx_word' id='word_1_64' title='bbox 760 1384 904 1443; x_wconf 91' lang='lat' dir='ltr'>daturum</span> <span class='ocrx_word' id='word_1_65' title='bbox 935 1383 1091 1457; x_wconf 81' lang='lat' dir='ltr'>victualia,</span> <span class='ocrx_word' id='word_1_66' title='bbox 1115 1382 1159 1440; x_wconf 86' lang='lat' dir='ltr'>ita</span> <span class='ocrx_word' id='word_1_67' title='bbox 1183 1390 1296 1454; x_wconf 85' lang='lat' dir='ltr'>tamen,</span> <span class='ocrx_word' id='word_1_68' title='bbox 1321 1392 1354 1441; x_wconf 92' lang='lat' dir='ltr'>ut</span> <span class='ocrx_word' id='word_1_69' title='bbox 1378 1383 1456 1442; x_wconf 90' lang='lat' dir='ltr'>ratio</span> <span class='ocrx_word' id='word_1_70' title='bbox 1487 1384 1542 1443; x_wconf 87' lang='lat' dir='ltr'>fiat</span> <span class='ocrx_word' id='word_1_71' title='bbox 1573 1403 1679 1443; x_wconf 84' lang='lat' dir='ltr'>eorum</span> 
     </span>
     <span class='ocr_line' id='line_1_10' title="bbox 406 1489 1328 1570; baseline 0.002 -18"><span class='ocrx_word' id='word_1_72' title='bbox 406 1494 585 1554; x_wconf 85' lang='lat' dir='ltr'>victualium</span> <span class='ocrx_word' id='word_1_73' title='bbox 610 1502 641 1552; x_wconf 90' lang='lat' dir='ltr'>et</span> <span class='ocrx_word' id='word_1_74' title='bbox 664 1511 761 1570; x_wconf 88' lang='lat' dir='ltr'>penes</span> <span class='ocrx_word' id='word_1_75' title='bbox 785 1498 964 1568; x_wconf 90' lang='lat' dir='ltr'>computum</span> <span class='ocrx_word' id='word_1_76' title='bbox 989 1489 1195 1550; x_wconf 89' lang='lat' dir='ltr'>communitas</span> <span class='ocrx_word' id='word_1_77' title='bbox 1218 1490 1328 1554; x_wconf 69' lang='lat' dir='ltr'>solvat</span> 
     </span>
    </p>

    <p class='ocr_par' dir='ltr' id='par_1_4' title="bbox 402 1596 1683 2647">
     <span class='ocr_line' id='line_1_11' title="bbox 511 1596 1682 1678; baseline 0.001 -19"><span class='ocrx_word' id='word_1_78' title='bbox 511 1600 539 1662; x_wconf 87' lang='lat'>2.</span> <span class='ocrx_word' id='word_1_79' title='bbox 565 1601 613 1659; x_wconf 90' lang='lat' dir='ltr'>Ad</span> <span class='ocrx_word' id='word_1_80' title='bbox 646 1598 895 1677; x_wconf 87' lang='lat' dir='ltr'>prosecutionem</span> <span class='ocrx_word' id='word_1_81' title='bbox 927 1596 1067 1658; x_wconf 89' lang='lat' dir='ltr'>eiusdem</span> <span class='ocrx_word' id='word_1_82' title='bbox 1098 1598 1217 1678; x_wconf 89' lang='lat' dir='ltr'>negotii</span> <span class='ocrx_word' id='word_1_83' title='bbox 1249 1599 1434 1658; x_wconf 90' lang='lat' dir='ltr'>contributio</span> <span class='ocrx_word' id='word_1_84' title='bbox 1465 1600 1632 1678; x_wconf 88' lang='lat' dir='ltr'>imponitur</span> <span class='ocrx_word' id='word_1_85' title='bbox 1663 1620 1682 1660; x_wconf 87' lang='lat' dir='ltr'>a</span> 
     </span>
     <span class='ocr_line' id='line_1_12' title="bbox 403 1703 1679 1788; baseline -0.001 -20"><span class='ocrx_word' id='word_1_86' title='bbox 403 1709 527 1788; x_wconf 88' lang='lat' dir='ltr'>singula</span> <span class='ocrx_word' id='word_1_87' title='bbox 557 1709 650 1768; x_wconf 92' lang='lat' dir='ltr'>domo</span> <span class='ocrx_word' id='word_1_88' title='bbox 680 1706 799 1766; x_wconf 86' lang='lat' dir='ltr'>denarii</span> <span class='ocrx_word' id='word_1_89' title='bbox 830 1703 881 1778; x_wconf 82' lang='lat'>40,</span> <span class='ocrx_word' id='word_1_90' title='bbox 905 1705 1029 1784; x_wconf 91' lang='lat' dir='ltr'>siquid</span> <span class='ocrx_word' id='word_1_91' title='bbox 1051 1705 1209 1765; x_wconf 87' lang='lat' dir='ltr'>residuum</span> <span class='ocrx_word' id='word_1_92' title='bbox 1233 1726 1271 1765; x_wconf 90' lang='lat' dir='ltr'>ex</span> <span class='ocrx_word' id='word_1_93' title='bbox 1295 1707 1414 1767; x_wconf 91' lang='lat' dir='ltr'>eisdem</span> <span class='ocrx_word' id='word_1_94' title='bbox 1447 1707 1679 1768; x_wconf 87' lang='lat' dir='ltr'>contribut&#39;onis</span> 
     </span>
     <span class='ocr_line' id='line_1_13' title="bbox 403 1812 1676 1895; baseline 0 -20"><span class='ocrx_word' id='word_1_95' title='bbox 403 1817 469 1893; x_wconf 86' lang='lat' dir='ltr'>erit,</span> <span class='ocrx_word' id='word_1_96' title='bbox 492 1818 673 1875; x_wconf 89' lang='lat' dir='ltr'>exolventur</span> <span class='ocrx_word' id='word_1_97' title='bbox 696 1813 854 1874; x_wconf 86' lang='lat' dir='ltr'>officiales.</span> <span class='ocrx_word' id='word_1_98' title='bbox 877 1813 1014 1872; x_wconf 88' lang='lat' dir='ltr'>Exactor</span> <span class='ocrx_word' id='word_1_99' title='bbox 1033 1812 1173 1873; x_wconf 88' lang='lat' dir='ltr'>eiusdem</span> <span class='ocrx_word' id='word_1_100' title='bbox 1189 1813 1422 1874; x_wconf 87' lang='lat' dir='ltr'>contributionis</span> <span class='ocrx_word' id='word_1_101' title='bbox 1440 1813 1562 1895; x_wconf 87' lang='lat' dir='ltr'>e&#39;igitur</span> <span class='ocrx_word' id='word_1_102' title='bbox 1587 1835 1676 1895; x_wconf 84' lang='lat' dir='ltr'>egre·</span> 
     </span>
     <span class='ocr_line' id='line_1_14' title="bbox 404 1919 1681 2003; baseline 0 -21"><span class='ocrx_word' id='word_1_103' title='bbox 404 1923 475 2003; x_wconf 92' lang='lat' dir='ltr'>gius</span> <span class='ocrx_word' id='word_1_104' title='bbox 498 1922 643 1982; x_wconf 83' lang='lat' dir='ltr'>Andreas</span> <span class='ocrx_word' id='word_1_105' title='bbox 667 1920 942 1997; x_wconf 86' lang='lat' dir='ltr'>Chednekowych,</span> <span class='ocrx_word' id='word_1_106' title='bbox 957 1919 1109 1980; x_wconf 90' lang='lat' dir='ltr'>terminus</span> <span class='ocrx_word' id='word_1_107' title='bbox 1126 1919 1184 1980; x_wconf 92' lang='lat' dir='ltr'>erit</span> <span class='ocrx_word' id='word_1_108' title='bbox 1199 1921 1301 1981; x_wconf 86' lang='lat' dir='ltr'>dictae</span> <span class='ocrx_word' id='word_1_109' title='bbox 1318 1922 1552 1982; x_wconf 87' lang='lat' dir='ltr'>contributionis</span> <span class='ocrx_word' id='word_1_110' title='bbox 1568 1925 1681 1984; x_wconf 84' lang='lat' dir='ltr'>testum</span> 
     </span>
     <span class='ocr_line' id='line_1_15' title="bbox 403 2023 1683 2110; baseline 0.002 -22"><span class='ocrx_word' id='word_1_111' title='bbox 403 2023 568 2104; x_wconf 79' lang='lat' dir='ltr'>Pascatis⁴,</span> <span class='ocrx_word' id='word_1_112' title='bbox 599 2036 670 2107; x_wconf 86' lang='lat' dir='ltr'>post</span> <span class='ocrx_word' id='word_1_113' title='bbox 701 2026 842 2086; x_wconf 89' lang='lat' dir='ltr'>Pascatis</span> <span class='ocrx_word' id='word_1_114' title='bbox 874 2046 949 2086; x_wconf 87' lang='lat' dir='ltr'>vero</span> <span class='ocrx_word' id='word_1_115' title='bbox 980 2027 1060 2087; x_wconf 88' lang='lat' dir='ltr'>feria</span> <span class='ocrx_word' id='word_1_116' title='bbox 1086 2023 1237 2106; x_wconf 85' lang='lat' dir='ltr'>qu[arta]⁵</span> <span class='ocrx_word' id='word_1_117' title='bbox 1268 2029 1373 2088; x_wconf 89' lang='lat' dir='ltr'>statim</span> <span class='ocrx_word' id='word_1_118' title='bbox 1396 2030 1604 2090; x_wconf 87' lang='lat' dir='ltr'>vadiabuntur</span> <span class='ocrx_word' id='word_1_119' title='bbox 1626 2051 1683 2110; x_wconf 90' lang='lat' dir='ltr'>per</span> 
     </span>
     <span class='ocr_line' id='line_1_16' title="bbox 403 2134 1683 2214; baseline 0.001 -17"><span class='ocrx_word' id='word_1_120' title='bbox 403 2138 538 2199; x_wconf 87' lang='lat' dir='ltr'>eundem</span> <span class='ocrx_word' id='word_1_121' title='bbox 560 2143 737 2196; x_wconf 84' lang='lat' dir='ltr'>exactorem</span> <span class='ocrx_word' id='word_1_122' title='bbox 769 2142 800 2194; x_wconf 92' lang='lat' dir='ltr'>et</span> <span class='ocrx_word' id='word_1_123' title='bbox 831 2134 1003 2214; x_wconf 90' lang='lat' dir='ltr'>Georgium</span> <span class='ocrx_word' id='word_1_124' title='bbox 1031 2134 1274 2213; x_wconf 75' lang='lat' dir='ltr'>SuazlthouichJ,</span> <span class='ocrx_word' id='word_1_125' title='bbox 1299 2137 1487 2197; x_wconf 90' lang='lat' dir='ltr'>Michaelem</span> <span class='ocrx_word' id='word_1_126' title='bbox 1510 2137 1627 2197; x_wconf 87' lang='lat' dir='ltr'>Mixich</span> <span class='ocrx_word' id='word_1_127' title='bbox 1651 2148 1683 2198; x_wconf 91' lang='lat' dir='ltr'>et</span> 
     </span>
     <span class='ocr_line' id='line_1_17' title="bbox 402 2240 1679 2323; baseline -0.001 -18"><span class='ocrx_word' id='word_1_128' title='bbox 402 2246 596 2323; x_wconf 87' lang='lat' dir='ltr'>Stephanum</span> <span class='ocrx_word' id='word_1_129' title='bbox 619 2287 797 2315; x_wconf 74' lang='lat'><strong>.......</strong></span> <span class='ocrx_word' id='word_1_130' title='bbox 821 2240 941 2302; x_wconf 88' lang='lat' dir='ltr'>ratione</span> <span class='ocrx_word' id='word_1_131' title='bbox 965 2261 1089 2322; x_wconf 90' lang='lat' dir='ltr'>quoque</span> <span class='ocrx_word' id='word_1_132' title='bbox 1114 2242 1244 2303; x_wconf 89' lang='lat' dir='ltr'>aliarum</span> <span class='ocrx_word' id='word_1_133' title='bbox 1265 2245 1485 2304; x_wconf 85' lang='lat' dir='ltr'>restantiarum</span> <span class='ocrx_word' id='word_1_134' title='bbox 1508 2245 1603 2304; x_wconf 91' lang='lat' dir='ltr'>iidem</span> <span class='ocrx_word' id='word_1_135' title='bbox 1626 2265 1679 2304; x_wconf 88' lang='lat' dir='ltr'>va·</span> 
     </span>
     <span class='ocr_line' id='line_1_18' title="bbox 403 2349 1679 2433; baseline 0.002 -21"><span class='ocrx_word' id='word_1_136' title='bbox 403 2353 539 2412; x_wconf 87' lang='lat' dir='ltr'>diabunt.</span> <span class='ocrx_word' id='word_1_137' title='bbox 571 2350 752 2410; x_wconf 89' lang='lat' dir='ltr'>Authoritas</span> <span class='ocrx_word' id='word_1_138' title='bbox 783 2349 902 2410; x_wconf 90' lang='lat' dir='ltr'>eisdem</span> <span class='ocrx_word' id='word_1_139' title='bbox 934 2351 1074 2429; x_wconf 90' lang='lat' dir='ltr'>plenaria</span> <span class='ocrx_word' id='word_1_140' title='bbox 1098 2352 1210 2428; x_wconf 77' lang='lat' dir='ltr'>daltur]</span> <span class='ocrx_word' id='word_1_141' title='bbox 1237 2371 1293 2430; x_wconf 91' lang='lat' dir='ltr'>per</span> <span class='ocrx_word' id='word_1_142' title='bbox 1317 2353 1581 2428; x_wconf 86' lang='lat' dir='ltr'>communitatem,</span> <span class='ocrx_word' id='word_1_143' title='bbox 1605 2374 1679 2433; x_wconf 90' lang='lat' dir='ltr'>qua·</span> 
     </span>
     <span class='ocr_line' id='line_1_19' title="bbox 403 2458 1679 2540; baseline 0.002 -20"><span class='ocrx_word' id='word_1_144' title='bbox 403 2480 472 2520; x_wconf 90' lang='lat' dir='ltr'>rum</span> <span class='ocrx_word' id='word_1_145' title='bbox 495 2478 609 2537; x_wconf 89' lang='lat' dir='ltr'>nempe</span> <span class='ocrx_word' id='word_1_146' title='bbox 639 2458 764 2518; x_wconf 83' lang='lat' dir='ltr'>fuerunt</span> <span class='ocrx_word' id='word_1_147' title='bbox 795 2467 957 2516; x_wconf 89' lang='lat' dir='ltr'>exactores</span> <span class='ocrx_word' id='word_1_148' title='bbox 991 2458 1113 2538; x_wconf 85' lang='lat' dir='ltr'>egregii</span> <span class='ocrx_word' id='word_1_149' title='bbox 1138 2459 1274 2520; x_wconf 86' lang='lat' dir='ltr'>Michael</span> <span class='ocrx_word' id='word_1_150' title='bbox 1309 2460 1542 2540; x_wconf 72' lang='lat' dir='ltr'>Suazlthouich]</span> <span class='ocrx_word' id='word_1_151' title='bbox 1569 2471 1599 2520; x_wconf 92' lang='lat' dir='ltr'>et</span> <span class='ocrx_word' id='word_1_152' title='bbox 1621 2463 1679 2522; x_wconf 88' lang='lat' dir='ltr'>Pe-</span> 
     </span>
     <span class='ocr_line' id='line_1_20' title="bbox 404 2567 660 2647; baseline -0.004 -22"><span class='ocrx_word' id='word_1_153' title='bbox 404 2569 492 2645; x_wconf 77' lang='lat' dir='ltr'>tlrus]</span> <span class='ocrx_word' id='word_1_154' title='bbox 518 2567 660 2647; x_wconf 86' lang='lat' dir='ltr'>Vagych.</span> 
     </span>
    </p>

    <p class='ocr_par' dir='ltr' id='par_1_5' title="bbox 401 2671 1681 2972">
     <span class='ocr_line' id='line_1_21' title="bbox 510 2671 1681 2737; baseline 0.003 -3"><span class='ocrx_word' id='word_1_155' title='bbox 510 2673 539 2734; x_wconf 80' lang='lat'>3.</span> <span class='ocrx_word' id='word_1_156' title='bbox 569 2675 604 2734; x_wconf 92' lang='lat' dir='ltr'>In</span> <span class='ocrx_word' id='word_1_157' title='bbox 635 2672 791 2733; x_wconf 92' lang='lat' dir='ltr'>montibus</span> <span class='ocrx_word' id='word_1_158' title='bbox 823 2681 952 2732; x_wconf 88' lang='lat' dir='ltr'>sanctae</span> <span class='ocrx_word' id='word_1_159' title='bbox 984 2671 1176 2733; x_wconf 87' lang='lat' dir='ltr'>Catharinae</span> <span class='ocrx_word' id='word_1_160' title='bbox 1208 2682 1335 2734; x_wconf 89' lang='lat' dir='ltr'>exactor</span> <span class='ocrx_word' id='word_1_161' title='bbox 1363 2675 1503 2736; x_wconf 89' lang='lat' dir='ltr'>eiusdem</span> <span class='ocrx_word' id='word_1_162' title='bbox 1527 2678 1681 2737; x_wconf 91' lang='lat' dir='ltr'>contribu-</span> 
     </span>
     <span class='ocr_line' id='line_1_22' title="bbox 401 2780 1679 2862; baseline 0.002 -19"><span class='ocrx_word' id='word_1_163' title='bbox 401 2784 494 2843; x_wconf 90' lang='lat' dir='ltr'>tionis</span> <span class='ocrx_word' id='word_1_164' title='bbox 525 2782 648 2862; x_wconf 86' lang='lat' dir='ltr'>eligitur</span> <span class='ocrx_word' id='word_1_165' title='bbox 679 2781 827 2861; x_wconf 89' lang='lat' dir='ltr'>egregius</span> <span class='ocrx_word' id='word_1_166' title='bbox 859 2781 1014 2840; x_wconf 89' lang='lat' dir='ltr'>Antonius</span> <span class='ocrx_word' id='word_1_167' title='bbox 1046 2780 1290 2859; x_wconf 89' lang='lat' dir='ltr'>Czuetkowych,</span> <span class='ocrx_word' id='word_1_168' title='bbox 1322 2783 1498 2845; x_wconf 89' lang='lat' dir='ltr'>vicecomes</span> <span class='ocrx_word' id='word_1_169' title='bbox 1531 2785 1679 2846; x_wconf 89' lang='lat' dir='ltr'>nobilium</span> 
     </span>
     <span class='ocr_line' id='line_1_23' title="bbox 402 2888 1677 2972; baseline -0.001 -19"><span class='ocrx_word' id='word_1_170' title='bbox 402 2892 515 2971; x_wconf 89' lang='lat' dir='ltr'>Campi</span> <span class='ocrx_word' id='word_1_171' title='bbox 539 2890 769 2971; x_wconf 75' lang='lat' dir='ltr'>ZagrabiensiS,</span> <span class='ocrx_word' id='word_1_172' title='bbox 792 2888 845 2968; x_wconf 88' lang='lat' dir='ltr'>qui</span> <span class='ocrx_word' id='word_1_173' title='bbox 868 2888 909 2948; x_wconf 90' lang='lat' dir='ltr'>ad</span> <span class='ocrx_word' id='word_1_174' title='bbox 932 2908 1044 2948; x_wconf 85' lang='lat' dir='ltr'>manus</span> <span class='ocrx_word' id='word_1_175' title='bbox 1060 2890 1211 2967; x_wconf 85' lang='lat' dir='ltr'>praedicti</span> <span class='ocrx_word' id='word_1_176' title='bbox 1226 2891 1373 2951; x_wconf 81' lang='lat' dir='ltr'>Andreae</span> <span class='ocrx_word' id='word_1_177' title='bbox 1389 2890 1677 2972; x_wconf 69' lang='lat' dir='ltr'>Chedneldowych]</span> 
     </span>
    </p>

    <p class='ocr_par' dir='ltr' id='par_1_6' title="bbox 367 3000 1683 3723">
     <span class='ocr_line' id='line_1_24' title="bbox 404 3000 515 3062; baseline 0.027 -3"><span class='ocrx_word' id='word_1_178' title='bbox 404 3000 515 3062; x_wconf 82' lang='lat' dir='ltr'>tradet</span> 
     </span>
     <span class='ocr_line' id='line_1_25' title="bbox 367 3102 1682 3186; baseline 0.004 -21"><span class='ocrx_word' id='word_1_179' title='bbox 367 3108 369 3112; x_wconf 86' lang='grc'><strong>’</strong></span> <span class='ocrx_word' id='word_1_180' title='bbox 509 3105 538 3165; x_wconf 84' lang='grc'>4.</span> <span class='ocrx_word' id='word_1_181' title='bbox 562 3106 760 3183; x_wconf 86' lang='lat' dir='ltr'>Quicumque</span> <span class='ocrx_word' id='word_1_182' title='bbox 780 3102 909 3164; x_wconf 88' lang='lat' dir='ltr'>arbores</span> <span class='ocrx_word' id='word_1_183' title='bbox 925 3104 1089 3183; x_wconf 90' lang='lat' dir='ltr'>quercinas</span> <span class='ocrx_word' id='word_1_184' title='bbox 1106 3105 1297 3185; x_wconf 84' lang='lat' dir='ltr'>glandiferas</span> <span class='ocrx_word' id='word_1_185' title='bbox 1321 3107 1353 3166; x_wconf 92' lang='lat' dir='ltr'>in</span> <span class='ocrx_word' id='word_1_186' title='bbox 1377 3116 1466 3185; x_wconf 93' lang='lat' dir='ltr'>portu</span> <span class='ocrx_word' id='word_1_187' title='bbox 1484 3109 1570 3169; x_wconf 88' lang='lat' dir='ltr'>fluvii</span> <span class='ocrx_word' id='word_1_188' title='bbox 1586 3108 1682 3186; x_wconf 90' lang='lat' dir='ltr'>Odra,</span> 
     </span>
     <span class='ocr_line' id='line_1_26' title="bbox 403 3212 1683 3294; baseline 0.002 -19"><span class='ocrx_word' id='word_1_189' title='bbox 403 3235 441 3276; x_wconf 90' lang='lat' dir='ltr'>ex</span> <span class='ocrx_word' id='word_1_190' title='bbox 464 3215 607 3294; x_wconf 87' lang='lat' dir='ltr'>opposito</span> <span class='ocrx_word' id='word_1_191' title='bbox 631 3214 777 3289; x_wconf 86' lang='lat' dir='ltr'>Polyane,</span> <span class='ocrx_word' id='word_1_192' title='bbox 802 3213 833 3272; x_wconf 93' lang='lat' dir='ltr'>in</span> <span class='ocrx_word' id='word_1_193' title='bbox 857 3231 947 3272; x_wconf 90' lang='lat' dir='ltr'>suam</span> <span class='ocrx_word' id='word_1_194' title='bbox 970 3212 1145 3290; x_wconf 90' lang='lat' dir='ltr'>portionem</span> <span class='ocrx_word' id='word_1_195' title='bbox 1177 3215 1386 3293; x_wconf 87' lang='lat' dir='ltr'>extirpaturae</span> <span class='ocrx_word' id='word_1_196' title='bbox 1410 3216 1605 3294; x_wconf 86' lang='lat' dir='ltr'>adoptarunt,</span> <span class='ocrx_word' id='word_1_197' title='bbox 1630 3238 1683 3278; x_wconf 87' lang='lat' dir='ltr'>ex·</span> 
     </span>
     <span class='ocr_line' id='line_1_27' title="bbox 403 3320 1680 3403; baseline 0.002 -22"><span class='ocrx_word' id='word_1_198' title='bbox 403 3323 564 3383; x_wconf 90' lang='lat' dir='ltr'>mittuntur</span> <span class='ocrx_word' id='word_1_199' title='bbox 588 3322 708 3401; x_wconf 82' lang='lat' dir='ltr'>egregii</span> <span class='ocrx_word' id='word_1_200' title='bbox 739 3320 896 3399; x_wconf 88' lang='lat' dir='ltr'>Georgius</span> <span class='ocrx_word' id='word_1_201' title='bbox 922 3320 1188 3398; x_wconf 85' lang='lat' dir='ltr'>Snaz[thowych],</span> <span class='ocrx_word' id='word_1_202' title='bbox 1211 3322 1356 3381; x_wconf 82' lang='lat' dir='ltr'>Andreas</span> <span class='ocrx_word' id='word_1_203' title='bbox 1380 3322 1680 3403; x_wconf 67' lang='lat' dir='ltr'>Chedneldotvychl,</span> 
     </span>
     <span class='ocr_line' id='line_1_28' title="bbox 402 3428 1679 3511; baseline 0.004 -22"><span class='ocrx_word' id='word_1_204' title='bbox 402 3431 559 3511; x_wconf 76' lang='lat' dir='ltr'>Georgius</span> <span class='ocrx_word' id='word_1_205' title='bbox 583 3430 738 3501; x_wconf 86' lang='lat' dir='ltr'>Arbanaz,</span> <span class='ocrx_word' id='word_1_206' title='bbox 768 3429 917 3488; x_wconf 81' lang='lat' dir='ltr'>Matthias</span> <span class='ocrx_word' id='word_1_207' title='bbox 941 3428 1123 3508; x_wconf 89' lang='lat' dir='ltr'>Pogledych</span> <span class='ocrx_word' id='word_1_208' title='bbox 1148 3438 1179 3489; x_wconf 90' lang='lat' dir='ltr'>et</span> <span class='ocrx_word' id='word_1_209' title='bbox 1201 3431 1335 3490; x_wconf 86' lang='lat' dir='ltr'>Ioannes</span> <span class='ocrx_word' id='word_1_210' title='bbox 1359 3430 1511 3508; x_wconf 73' lang='lat' dir='ltr'>Klarych‚¹</span> <span class='ocrx_word' id='word_1_211' title='bbox 1530 3433 1582 3511; x_wconf 92' lang='lat' dir='ltr'>qui</span> <span class='ocrx_word' id='word_1_212' title='bbox 1605 3452 1679 3494; x_wconf 90' lang='lat' dir='ltr'>ocu·</span> 
     </span>
     <span class='ocr_line' id='line_1_29' title="bbox 401 3537 1680 3615; baseline 0.004 -18"><span class='ocrx_word' id='word_1_213' title='bbox 401 3538 466 3598; x_wconf 87' lang='lat' dir='ltr'>lata</span> <span class='ocrx_word' id='word_1_214' title='bbox 489 3537 643 3598; x_wconf 89' lang='lat' dir='ltr'>revisione</span> <span class='ocrx_word' id='word_1_215' title='bbox 674 3537 831 3611; x_wconf 90' lang='lat' dir='ltr'>videbunt,</span> <span class='ocrx_word' id='word_1_216' title='bbox 862 3544 1084 3615; x_wconf 89' lang='lat' dir='ltr'>compertaque</span> <span class='ocrx_word' id='word_1_217' title='bbox 1116 3537 1221 3615; x_wconf 89' lang='lat' dir='ltr'>itaque</span> <span class='ocrx_word' id='word_1_218' title='bbox 1249 3556 1335 3598; x_wconf 93' lang='lat' dir='ltr'>mera</span> <span class='ocrx_word' id='word_1_219' title='bbox 1367 3538 1411 3597; x_wconf 88' lang='lat' dir='ltr'>rei</span> <span class='ocrx_word' id='word_1_220' title='bbox 1443 3540 1574 3601; x_wconf 89' lang='lat' dir='ltr'>veritate</span> <span class='ocrx_word' id='word_1_221' title='bbox 1599 3560 1680 3601; x_wconf 93' lang='lat' dir='ltr'>com·</span> 
     </span>
     <span class='ocr_line' id='line_1_30' title="bbox 402 3644 1366 3723; baseline 0.002 -19"><span class='ocrx_word' id='word_1_222' title='bbox 402 3646 536 3705; x_wconf 90' lang='lat' dir='ltr'>munitas</span> <span class='ocrx_word' id='word_1_223' title='bbox 559 3663 657 3723; x_wconf 85' lang='lat' dir='ltr'>penes</span> <span class='ocrx_word' id='word_1_224' title='bbox 680 3644 813 3722; x_wconf 92' lang='lat' dir='ltr'>priorem</span> <span class='ocrx_word' id='word_1_225' title='bbox 838 3644 1070 3704; x_wconf 91' lang='lat' dir='ltr'>conclusionem</span> <span class='ocrx_word' id='word_1_226' title='bbox 1095 3663 1185 3704; x_wconf 90' lang='lat' dir='ltr'>suam</span> <span class='ocrx_word' id='word_1_227' title='bbox 1209 3646 1366 3723; x_wconf 89' lang='lat' dir='ltr'>procedet.</span> 
     </span>
    </p>

    <p class='ocr_par' dir='ltr' id='par_1_7' title="bbox 399 3751 1681 4135">
     <span class='ocr_line' id='line_1_31' title="bbox 508 3751 1680 3833; baseline 0.002 -21"><span class='ocrx_word' id='word_1_228' title='bbox 508 3752 537 3812; x_wconf 87' lang='lat'>5.</span> <span class='ocrx_word' id='word_1_229' title='bbox 561 3751 613 3811; x_wconf 92' lang='lat' dir='ltr'>Ad</span> <span class='ocrx_word' id='word_1_230' title='bbox 636 3751 816 3829; x_wconf 88' lang='lat' dir='ltr'>petitionem</span> <span class='ocrx_word' id='word_1_231' title='bbox 841 3751 961 3831; x_wconf 90' lang='lat' dir='ltr'>egregii</span> <span class='ocrx_word' id='word_1_232' title='bbox 986 3752 1110 3811; x_wconf 90' lang='lat' dir='ltr'>loannis</span> <span class='ocrx_word' id='word_1_233' title='bbox 1131 3752 1282 3828; x_wconf 90' lang='lat' dir='ltr'>Bussych,</span> <span class='ocrx_word' id='word_1_234' title='bbox 1307 3752 1411 3813; x_wconf 90' lang='lat' dir='ltr'>medio</span> <span class='ocrx_word' id='word_1_235' title='bbox 1436 3753 1582 3833; x_wconf 90' lang='lat' dir='ltr'>Gregorii</span> <span class='ocrx_word' id='word_1_236' title='bbox 1606 3756 1680 3815; x_wconf 92' lang='lat' dir='ltr'>Gla·</span> 
     </span>
     <span class='ocr_line' id='line_1_32' title="bbox 401 3858 1681 3941; baseline 0.002 -22"><span class='ocrx_word' id='word_1_237' title='bbox 401 3860 554 3940; x_wconf 89' lang='lat' dir='ltr'>golchych</span> <span class='ocrx_word' id='word_1_238' title='bbox 577 3878 634 3938; x_wconf 92' lang='lat' dir='ltr'>pro</span> <span class='ocrx_word' id='word_1_239' title='bbox 658 3859 737 3918; x_wconf 85' lang='lat' dir='ltr'>illius</span> <span class='ocrx_word' id='word_1_240' title='bbox 761 3858 810 3918; x_wconf 93' lang='lat' dir='ltr'>hic</span> <span class='ocrx_word' id='word_1_241' title='bbox 834 3859 957 3936; x_wconf 88' lang='lat' dir='ltr'>publice</span> <span class='ocrx_word' id='word_1_242' title='bbox 989 3858 1189 3938; x_wconf 87' lang='lat' dir='ltr'>propositam,</span> <span class='ocrx_word' id='word_1_243' title='bbox 1222 3860 1436 3919; x_wconf 92' lang='lat' dir='ltr'>conceduntur</span> <span class='ocrx_word' id='word_1_244' title='bbox 1458 3861 1569 3921; x_wconf 90' lang='lat' dir='ltr'>decem</span> <span class='ocrx_word' id='word_1_245' title='bbox 1593 3864 1681 3941; x_wconf 89' lang='lat' dir='ltr'>plau·</span> 
     </span>
     <span class='ocr_line' id='line_1_33' title="bbox 399 3966 1678 4048; baseline 0.002 -21"><span class='ocrx_word' id='word_1_246' title='bbox 399 3975 464 4027; x_wconf 92' lang='lat' dir='ltr'>stra</span> <span class='ocrx_word' id='word_1_247' title='bbox 494 3966 649 4047; x_wconf 89' lang='lat' dir='ltr'>lignorum</span> <span class='ocrx_word' id='word_1_248' title='bbox 680 3986 742 4026; x_wconf 93' lang='lat' dir='ltr'>non</span> <span class='ocrx_word' id='word_1_249' title='bbox 772 3966 938 4046; x_wconf 85' lang='lat' dir='ltr'>glandines</span> <span class='ocrx_word' id='word_1_250' title='bbox 970 3966 1215 4043; x_wconf 88' lang='lat' dir='ltr'>producentium,</span> <span class='ocrx_word' id='word_1_251' title='bbox 1248 3966 1304 4027; x_wconf 89' lang='lat' dir='ltr'>sed</span> <span class='ocrx_word' id='word_1_252' title='bbox 1336 3967 1462 4027; x_wconf 87' lang='lat' dir='ltr'>alterius</span> <span class='ocrx_word' id='word_1_253' title='bbox 1486 3970 1613 4048; x_wconf 88' lang='lat' dir='ltr'>generis</span> <span class='ocrx_word' id='word_1_254' title='bbox 1638 3971 1678 4031; x_wconf 86' lang='lat' dir='ltr'>ad</span> 
     </span>
     <span class='ocr_line' id='line_1_34' title="bbox 402 4074 717 4135; baseline 0.006 -2"><span class='ocrx_word' id='word_1_255' title='bbox 402 4074 507 4135; x_wconf 89' lang='lat' dir='ltr'>focum</span> <span class='ocrx_word' id='word_1_256' title='bbox 530 4074 717 4135; x_wconf 79' lang='lat' dir='ltr'>necessaria</span> 
     </span>
    </p>

    <p class='ocr_par' dir='ltr' id='par_1_8' title="bbox 401 4179 1678 4370">
     <span class='ocr_line' id='line_1_35' title="bbox 507 4179 1678 4263; baseline 0.004 -23"><span class='ocrx_word' id='word_1_257' title='bbox 507 4179 536 4242; x_wconf 88' lang='grc'>6.</span> <span class='ocrx_word' id='word_1_258' title='bbox 561 4181 746 4260; x_wconf 86' lang='lat' dir='ltr'>Quicunque</span> <span class='ocrx_word' id='word_1_259' title='bbox 770 4180 902 4241; x_wconf 90' lang='lat' dir='ltr'>voluerit</span> <span class='ocrx_word' id='word_1_260' title='bbox 936 4182 1097 4241; x_wconf 89' lang='lat' dir='ltr'>succidere</span> <span class='ocrx_word' id='word_1_261' title='bbox 1127 4184 1270 4243; x_wconf 91' lang='lat' dir='ltr'>arborem</span> <span class='ocrx_word' id='word_1_262' title='bbox 1302 4183 1492 4263; x_wconf 89' lang='lat' dir='ltr'>quercinam,</span> <span class='ocrx_word' id='word_1_263' title='bbox 1524 4185 1591 4245; x_wconf 89' lang='lat' dir='ltr'>sive</span> <span class='ocrx_word' id='word_1_264' title='bbox 1624 4186 1678 4245; x_wconf 92' lang='lat' dir='ltr'>do·</span> 
     </span>
     <span class='ocr_line' id='line_1_36' title="bbox 401 4289 1678 4370; baseline 0.005 -23"><span class='ocrx_word' id='word_1_265' title='bbox 401 4290 547 4349; x_wconf 86' lang='lat' dir='ltr'>mesticus</span> <span class='ocrx_word' id='word_1_266' title='bbox 578 4289 644 4351; x_wconf 88' lang='lat' dir='ltr'>slve</span> <span class='ocrx_word' id='word_1_267' title='bbox 677 4297 852 4363; x_wconf 90' lang='lat' dir='ltr'>extraneus,</span> <span class='ocrx_word' id='word_1_268' title='bbox 882 4289 922 4348; x_wconf 90' lang='lat' dir='ltr'>ad</span> <span class='ocrx_word' id='word_1_269' title='bbox 955 4289 1067 4348; x_wconf 91' lang='lat' dir='ltr'>scitum</span> <span class='ocrx_word' id='word_1_270' title='bbox 1098 4290 1215 4370; x_wconf 85' lang='lat' dir='ltr'>lugaris</span> <span class='ocrx_word' id='word_1_271' title='bbox 1245 4291 1371 4351; x_wconf 90' lang='lat' dir='ltr'>debebit</span> <span class='ocrx_word' id='word_1_272' title='bbox 1403 4292 1479 4351; x_wconf 87' lang='lat' dir='ltr'>dare</span> <span class='ocrx_word' id='word_1_273' title='bbox 1511 4292 1605 4370; x_wconf 88' lang='lat' dir='ltr'>prius,</span> <span class='ocrx_word' id='word_1_274' title='bbox 1631 4293 1678 4353; x_wconf 92' lang='lat' dir='ltr'>sin</span> 
     </span>
    </p>
   </div>
   <div class='ocr_carea' id='block_1_3' title="bbox 400 4396 1635 4569">
    <p class='ocr_par' dir='ltr' id='par_1_9' title="bbox 400 4396 1635 4569">
     <span class='ocr_line' id='line_1_37' title="bbox 400 4396 1018 4477; baseline 0 -22"><span class='ocrx_word' id='word_1_275' title='bbox 400 4398 574 4476; x_wconf 87' lang='lat' dir='ltr'>neglexerit</span> <span class='ocrx_word' id='word_1_276' title='bbox 601 4396 777 4456; x_wconf 90' lang='lat' dir='ltr'>vadiabitur</span> <span class='ocrx_word' id='word_1_277' title='bbox 801 4416 856 4476; x_wconf 90' lang='lat' dir='ltr'>per</span> <span class='ocrx_word' id='word_1_278' title='bbox 880 4399 1018 4477; x_wconf 76' lang='lat' dir='ltr'>lagaros,</span> 
     </span>
     <span class='ocr_line' id='line_1_38' title="bbox 1371 4489 1635 4569; baseline 0.015 -22"><span class='ocrx_word' id='word_1_279' title='bbox 1371 4489 1520 4549; x_wconf 91' lang='lat' dir='ltr'>Notarius</span> <span class='ocrx_word' id='word_1_280' title='bbox 1543 4510 1583 4549; x_wconf 94' lang='lat' dir='ltr'>m.</span> <span class='ocrx_word' id='word_1_281' title='bbox 1607 4510 1635 4569; x_wconf 91' lang='lat' dir='ltr'>p.</span> 
     </span>
    </p>
   </div>
   <div class='ocr_carea' id='block_1_4' title="bbox 0 0 1972 5550">
    <p class='ocr_par' dir='ltr' id='par_1_10' title="bbox 0 0 1972 5550">
     <span class='ocr_line' id='line_1_39' title="bbox 0 0 1972 5550; baseline 0 0"><span class='ocrx_word' id='word_1_282' title='bbox 0 0 1972 5550; x_wconf 95' lang='lat' dir='ltr'> </span> 
     </span>
    </p>
   </div>
  </div>
 </body>
</html>
