3934 5550
1519 413 1584 477 345

415 631 462 693 15.
477 631 596 691 Nobilis
610 630 768 711 Georgius
778 631 960 692 Chunchich
972 631 1098 691 domum
1111 632 1207 691 habet
1216 631 1293 691 satis
1308 631 1424 690 bonam
1438 649 1584 690 unacum

302 759 428 800 camera
462 740 564 800 eidem
600 740 771 813 adiacente,
795 759 877 819 quae
909 758 1034 799 camera
1065 738 1201 799 inferiori
1236 739 1416 816 pavimento
1455 739 1583 864 indiget.

301 849 404 908 Haras
426 847 600 907 mediocres
622 847 819 925 reparatione
843 847 1048 907 necessarias.
1362 879 1367 885 ·

410 951 456 1014 16.
477 953 596 1014 Nobilis
609 955 767 1035 Georgius
788 953 987 1030 Gyurachich
1008 952 1129 1031 Majtan
1149 955 1259 1029 dichrs,
1274 955 1370 1014 habet
1386 901 1512 1015 domum·
1529 955 1584 1014 bo·

301 1081 383 1134 nam,
407 1080 463 1140 pro
487 1079 549 1140 qua
572 1061 711 1142 tegenda
735 1061 880 1140 aquisivit
904 1062 1050 1122 arborem
1078 1061 1088 1121 l
1114 1061 1169 1121 die
1204 1061 1269 1121 15,
1281 1062 1382 1122 martii
1407 1059 1490 1139 796,
1515 1063 1582 1122 sine
1679 1127 1685 1138 ,

304 1171 386 1229 bono
410 1177 494 1230 tecto
518 1169 645 1229 basibus
670 1179 775 1229 tamen
799 1169 1002 1249 indigentem,
1026 1184 1126 1246 penes
1151 1187 1245 1247 quarn
1270 1169 1396 1229 domurn
1421 1171 1580 1245 haras,·et

301 1277 502 1357 foenilegium
526 1277 558 1336 in
582 1277 705 1337 duabus
729 1276 881 1336 columnis
905 1276 1009 1350 habet,
1033 1277 1116 1336 nulla
1131 1276 1391 1336 secusaedilicia

418 1385 466 1448 17.
482 1385 601 1445 Nobilis
617 1384 733 1444 Paulus
750 1383 933 1445 Chunchich
949 1385 1045 1444 habet
1060 1385 1187 1444 domum
1203 1383 1313 1443 fortem
1330 1391 1361 1442 et
1377 1384 1583 1458 commodam,

300 1494 447 1554 horreum
470 1493 596 1566 bonum,
618 1493 713 1552 haras
737 1493 910 1552 mediocres
938 1492 1136 1570 reparatione
1160 1491 1356 1553 necessarias
1382 1499 1453 1569 post
1467 1491 1584 1571 aliquot

302 1619 410 1674 annos,
434 1617 591 1660 cameram
617 1619 711 1659 unam
740 1599 944 1659 domesticam
976 1617 1090 1659 novam
1119 1607 1151 1658 et
1174 1597 1268 1658 etiam
1297 1597 1492 1658 mediocrem*
1513 1609 1584 1676 post

302 1728 398 1768 unum
424 1709 596 1768 alterumve
621 1725 735 1766 annum
760 1707 957 1784 reparatione
981 1707 1202 1767 necessariam

356 1820 367 1837 ⁶
413 1816 460 1878 18.
484 1815 604 1876 Nobilis
636 1815 773 1874 Mathias
797 1814 981 1874 Chunchich
1016 1815 1157 1876 Kerznar
1184 1814 1293 1886 dictus,
1316 1815 1412 1874 habet
1447 1815 1583 1887 domum,

306 1923 440 1984 culinam
453 1933 485 1984 et
497 1941 654 1984 cameram
676 1923 735 1981 sub
758 1940 820 1981 uno
838 1931 929 1994 tecte,
953 1941 1035 2000 quae
1051 1941 1177 1982 camera
1193 1920 1314 2001 indiget
1327 1921 1479 1998 superiori
1494 1921 1580 2000 pavi>

302 2039 417 2092 mento.
441 2031 517 2091 ltem
534 2029 695 2108 privatam
719 2047 876 2088 cameram
901 2030 996 2088 habet
1019 2029 1156 2089 Mathias
1172 2048 1296 2104 novam,
1319 2030 1494 2107 haras-‘pro
1519 2029 1583 2088 ani·

302 2138 435 2197 malibus
460 2136 596 2196 cornutis
631 2137 740 2210 bonas,
775 2135 818 2194 ita
853 2143 884 2196 et
918 2155 974 2214 pro
998 2137 1163 2196 maialibus
1197 2134 1321 2196 novitus
1353 2137 1494 2214 inceptas
1528 2136 1582 2194 ha·

302 2264 354 2304 ras
378 2253 545 2306 exstruere.
1453 2311 1457 2317 ἡ

413 2348 461 2414 19.
484 2349 604 2411 Nobilis
620 2350 777 2431 Georgius
793 2351 964 2412 Barbarich
980 2352 1076 2412 habet
1091 2351 1218 2411 domum
1235 2351 1404 2430 pessimam
1423 2361 1455 2413 et
1470 2354 1578 2413 ruinae

302 2461 485 2538 proximam,
509 2459 569 2519 alia
594 2468 699 2518 autern
722 2459 807 2518 nulla
830 2457 980 2519 aedificia.
1054 2497 1057 2501 «

412 2563 463 2627 20.
479 2565 600 2626 Nobilis
614 2565 751 2626 Mathias
766 2555 929 2625 Arbauasz
952 2566 1048 2624 habet
1063 2566 1190 2625 domurn
1207 2576 1375 2647 angustam
1390 2586 1448 2646 pro
1463 2585 1521 2628 sua
1537 2568 1581 2627 la-

304 2674 397 2749 milia,
421 2674 563 2754 adeoque
581 2674 673 2734 aliam
696 2692 811 2734 novam
835 2673 955 2753 indiget
979 2673 1023 2732 ita
1045 2681 1160 2747 tamen,
1176 2682 1211 2732 ut
1234 2675 1324 2734 huius
1340 2675 1510 2735 modernae
1526 2676 1580 2734 do·

300 2801 370 2841 mus
394 2782 506 2842 robora
531 2781 651 2859 possint
674 2800 745 2841 curn
769 2781 859 2841 novis
890 2781 1022 2855 misceri,
1046 2781 1141 2841 haras
1171 2782 1268 2842 habet
1297 2783 1495 2862 reparatione
1526 2802 1580 2843 ne·

304 2888 459 2949 cessarias
484 2889 525 2948 ad
549 2890 711 2949 clausuras
734 2898 806 2963 tres,
831 2908 929 2967 penes
963 2890 1020 2947 has
1050 2888 1252 2969 foenilegium
1284 2890 1315 2948 in
1339 2908 1417 2949 uno-
1433 2892 1579 2950 continuo

302 2996 410 3055 ruinae
435 2996 617 3074 proximum,
641 3014 733 3056 secus
757 2997 841 3057 nulla
865 2997 1008 3056 aedificia
1085 3034 1089 3039 ·
1166 3030 1169 3034 ²

410 3101 462 3163 21.
484 3103 606 3163 Nobilis
629 3104 780 3182 Iosephus
803 3103 1027 3179 Fabijanchich
1050 3104 1146 3163 habet
1169 3105 1297 3163 domurn
1319 3105 1434 3164 bonam
1460 3104 1576 3164 ambitu

302 3230 384 3272 novo
404 3211 606 3290 indigentem,
623 3229 781 3271 cameram
805 3212 926 3271 duabus
948 3210 1047 3290 portis
1060 3212 1227 3289 provisam,
1242 3219 1339 3291 quam'
1352 3231 1511 3273 cameram
1522 3230 1579 3291 pro

301 3320 386 3379 haris
409 3319 467 3379 sibi
493 3318 662 3398 adaptavit,
686 3319 832 3378 horreum
857 3319 1027 3398 antiquum,
1043 3320 1126 3398 quod
1150 3320 1177 3378 si
1202 3319 1332 3379 voluerit
1354 3334 1504 3397 reparare·
1525 3320 1578 3379 ba·

301 3428 387 3487 sibus
411 3428 484 3488 tecti
508 3427 670 3504 nasztenyi
694 3426 784 3486 dictis
800 3425 965 3505 indigetf
963 3444 1061 3485 ornax
1085 3426 1226 3486 eiusdem
1249 3445 1305 3505 pro
1329 3426 1481 3552 pinsendo
1498 3445 1579 3504 pane

301 3538 412 3596 nullius
436 3534 551 3595 valoris
575 3542 630 3596 est.

413 3641 464 3705 22.
480 3642 602 3702 Nobilis
618 3641 758 3700 Thomas
772 3640 970 3701 Hervachich
986 3640 1082 3700 habet
1098 3640 1250 3701 domum
1241 3653 1272 3699 m
1285 3640 1448 3701 roboribus
1464 3635 1578 3700 bonam

303 3734 361 3811 sed
383 3737 518 3810 ambitus
542 3748 631 3809 deest
654 3766 693 3808 ex
717 3748 849 3828 integro,
871 3748 950 3808 dein-
968 3749 1115 3807 horreum
1138 3748 1170 3807 in
1194 3748 1361 3808 medietate
1385 3748 1467 3808 sine
1483 3756 1576 3825 tecto,

303 3857 352 3917 cui
375 3858 487 3917 horreo
510 3855 708 3915 necessariae
731 3854 824 3913 bases
847 3854 921 3919 tecti
944 3856 1116 3932 nasztenyi,
1140 3854 1297 3914 etmedia
1312 3849 1386 3932 pars
1409 3854 1579 3933 tecti-suot,

300 3982 391 4025 secus
415 3963 498 4025 nihil.
833 3970 836 3975 '
966 3952 994 3959 ‘¹
1121 4020 1125 4025 .
1218 3952 1222 3959 ’
1405 3956 1426 3978 ”
1539 3954 1543 3961 ’

406 4068 458 4133 23.
481 4069 600 4131 Nobilis
625 4070 756 4129 lacobus
781 4070 978 4130 Hervachich
1002 4068 1093 4129 simul
1117 4081 1188 4128 curn
1208 4068 1341 4146 losepho
1364 4068 1396 4127 in
1418 4061 1482 4128 una
1503 4086 1579 4130 area

301 4180 494 4251 constitutus,
518 4178 646 4256 quilibet
670 4196 758 4237 suam
783 4168 974 4237 camerulam
998 4176 1118 4235 habens
1141 4194 1197 4255 pro
1221 4174 1422 4250 habitatione,
1445 4176 1577 4235 lacobus

300 4304 375 4346 vero
399 4286 495 4345 habet
518 4304 594 4346 suas
617 4285 756 4365 priuatas
772 4273 867 4347 haras
883 4286 1034 4347 adunam
1051 4285 1237 4357 clausuram,
1251 4282 1283 4342 in
1298 4283 1455 4343 communi
1472 4276 1577 4343 autem

297 4394 415 4453 habent
438 4394 469 4453 in
493 4394 615 4453 duabus
639 4392 791 4454 clausuris
814 4393 909 4453 haras
933 4392 1041 4452 ruinae
1064 4392 1231 4470 proximas,
1256 4410 1348 4451 secus
1371 4390 1455 4451 nihil.
1529 4432 1532 4435 -
1573 4394 1576 4402 '

405 4499 456 4563 24.
473 4501 593 4561 Nobilis
607 4502 762 4561 Martinus
785 4500 984 4560 Hervachich
1007 4499 1102 4559 habet
1118 4501 1244 4560 domum
1261 4500 1374 4558 bonam
1389 4500 1505 4558 ambitu
1523 4518 1577 4557 ne-

299 4609 482 4684 cessariam,
498 4610 592 4669 haras
606 4610 729 4669 duabus
745 4609 896 4668 clausuris
911 4596 1057 4687 provisas
1073 4608 1270 4685 reparatione
1284 4608 1461 4686 indigentes
1470 4626 1477 4680 ;
1503 4608 1575 4665 item

295 4718 442 4777 horreum
466 4717 623 4777 mediocre
647 4716 742 4776 etiam
767 4716 920 4795 indigens,
944 4733 1036 4775 secus
1059 4715 1143 4774 nulla
1167 4715 1317 4775 aedificia.

403 4822 455 4885 25.
480 4823 599 4882 Nobilis
622 4824 757 4883 loannes
781 4823 872 4901 Bapt.
896 4821 1094 4882 Hervachich
1118 4822 1244 4881 domum
1274 4822 1369 4880 habet
1402 4820 1572 4899 pessimam

297 4932 404 4991 ruinae
427 4931 610 5010 proximam,
635 4950 715 4990 nova
741 4940 845 4991 tamen
870 4930 997 5009 indiget,
1022 4948 1078 5009 pro
1101 4948 1164 5008 qua
1187 4929 1353 5009 errigenda
1385 4929 1446 4987 iam
1479 4928 1574 4988 habet
