3934 5550
1466 398 1528 463 109

247 621 343 682 sionis
371 622 525 683 nobilibus
558 621 673 699 Campi
701 622 925 702 Zagrabiensis
949 622 1119 699 Turopolia
1143 622 1300 701 appellati,
1324 622 1528 698 ipsorumque

247 730 381 807 posteris
405 738 436 789 et
460 729 694 790 successoribus
718 728 873 789 universis
896 729 1091 803 innovantes,
1115 738 1267 807 perpetuo
1287 727 1439 787 valituras
1455 744 1527 805 gra·

246 836 328 897 tiose
352 836 537 897 confirmare
561 836 773 917 dignaremur.
798 836 940 913 Quarum
964 836 1090 915 quidem
1111 837 1282 914 primarum
1306 834 1379 895 dicti
1403 830 1529 911 capituli

247 944 471 1025 Zagrabieusis
494 944 653 1003 literarum
678 942 1005 1021 transumptionalium
1021 950 1111 1003 tenor
1124 944 1195 1003 talis
1212 951 1276 1003 est:
1301 942 1340 1017 (V
1351 941 1416 1000 ide
1440 940 1529 1001 doc.

248 1072 275 1113 a.
302 1048 394 1112 1603.
418 1049 469 1113 20.
493 1049 595 1113 febr.
620 1051 681 1110 Nr.
706 1048 769 1126 50.)
804 1050 946 1110 Aliarum
978 1068 1055 1109 vero
1087 1050 1305 1110 universorum
1337 1056 1473 1109 statuum
1498 1056 1531 1107 et

247 1158 390 1218 ordinum
414 1158 488 1217 dicti
512 1158 603 1237 regni
626 1157 723 1217 nostri
746 1157 933 1217 Sclauoniae
957 1157 1116 1216 literarum
1142 1156 1417 1235 exemptionalium
1441 1164 1532 1215 tenor

248 1265 386 1344 sequitur
408 1264 440 1324 in
464 1266 547 1325 hunc
569 1264 714 1325 modum:
740 1263 857 1339 (Vide
889 1266 972 1325 doc.
1004 1283 1113 1323 anno
1149 1260 1241 1325 1610.
1276 1262 1327 1325 23.
1360 1273 1530 1341 septem-

247 1372 333 1431 bris
368 1372 440 1431 sub
470 1372 536 1431 No.
572 1372 635 1448 55.)
671 1372 738 1431 Nos
773 1372 878 1450 itaque
909 1372 1086 1431 huiusmodi
1113 1371 1275 1431 humilima
1306 1370 1531 1450 supplicatione

248 1478 380 1557 praelati
419 1478 540 1539 Nicolai
580 1479 739 1538 Malenich
780 1487 811 1538 et
852 1478 983 1558 Georgii
1026 1479 1161 1559 Vagich,
1206 1498 1262 1556 pro
1304 1488 1394 1558 parte
1435 1479 1529 1538 dicto·

248 1606 317 1647 rum
340 1586 558 1646 universorum
582 1584 697 1665 Campi
720 1585 944 1666 Zagrabiensis
960 1586 1131 1664 Turopolia
1154 1586 1334 1664 nuncupati,
1351 1586 1443 1645 unius
1466 1604 1530 1645 ses·

248 1693 344 1753 sionis
382 1693 548 1767 nobilium,¹
578 1692 755 1754 nominibus
791 1703 822 1753 et
861 1694 1005 1771 personis
1038 1702 1165 1753 nostrae
1204 1694 1298 1753 modo
1337 1712 1399 1772 quo
1437 1711 1532 1771 supra

253 1810 398 1879 porrecta
421 1800 586 1877 maiestati,
611 1801 700 1880 regia
722 1800 916 1879 benignitate
946 1800 1103 1875 exaudita,
1136 1802 1306 1860 clementer
1330 1809 1360 1860 et
1385 1800 1531 1872 admissa,

252 1907 463 1995 praeinsertas
486 1908 586 1986 binas,
609 1928 690 1969 unus
713 1908 839 1987 quidem
865 1908 939 1968 dicti
963 1908 1088 1986 capituli
1111 1908 1336 1988 Zagrabiensis
1356 1918 1530 1986 transump-

251 2017 393 2091 tionales,
417 2026 449 2075 et
472 2017 588 2077 alteras
618 2016 830 2095 praelatorum
854 2016 945 2095 regni
969 2017 1067 2075 nostri
1098 2016 1286 2076 Sclauoniae
1313 2016 1529 2076 universorum

251 2132 389 2185 statuum
414 2131 446 2184 et
468 2125 612 2184 ordinum
641 2123 887 2203 exemptionales
919 2124 1034 2200 literas,
1058 2143 1121 2183 non
1144 2124 1285 2199 abrasas,
1315 2142 1378 2183 non
1409 2124 1530 2183 cancel·

252 2230 343 2305 latas,
374 2250 432 2290 nec
462 2230 494 2291 in
526 2230 630 2309 aliqua
661 2231 708 2291 sui
741 2239 828 2309 parte
856 2239 1030 2309 suspectas,
1054 2232 1111 2289 sed
1134 2231 1219 2290 omni
1242 2248 1370 2309 prorsus
1393 2230 1468 2289 vitio
1492 2249 1529 2289 ac

253 2337 424 2417 suspitione
448 2346 600 2413 carentes,
624 2338 842 2417 praesentibus
865 2337 962 2397 literis
985 2337 1100 2397 nostris
1117 2336 1362 2417 privilegialibus
1377 2338 1417 2396 de
1434 2337 1531 2396 verbo

255 2445 295 2505 ad
319 2444 449 2505 verbum
474 2444 541 2503 sine
555 2444 758 2506 diminutione
775 2454 806 2505 et
822 2452 994 2525 augmento
1011 2444 1136 2523 aliquali
1160 2445 1294 2505 insertas
1309 2452 1341 2503 et
1355 2443 1528 2522 inscriptas,

255 2552 359 2631 quoad
390 2572 500 2613 omnes
533 2553 705 2613 earundem
728 2552 870 2613 binarum
895 2552 1055 2612 literarum
1083 2552 1299 2627 continentias,
1322 2551 1478 2611 clausulas
1502 2558 1533 2610 et

256 2661 411 2733 articulos,
436 2668 575 2735 eatenus,
607 2670 771 2739 quatenus,
795 2660 925 2721 eaedem
958 2660 1015 2720 rite
1048 2669 1079 2719 et
1110 2659 1249 2740 legitime
1280 2660 1416 2719 existunt
1447 2678 1532 2719 erna-

255 2777 357 2844 natae,
389 2767 567 2846 viribusque
592 2768 762 2828 earundem
795 2767 912 2828 veritas
936 2767 1137 2849 suffragatur,
1161 2787 1199 2828 ac
1222 2768 1249 2826 si
1272 2775 1304 2828 et
1327 2768 1358 2827 in
1382 2775 1532 2846 quantum

252 2875 346 2936 iidem
371 2875 462 2936 unius
478 2876 627 2936 sessionis
650 2875 764 2954 Campi
781 2875 1006 2956 Zagrabiensis
1029 2875 1199 2954 Turopolia
1223 2875 1305 2951 dicti,
1329 2875 1419 2955 regni
1443 2873 1532 2933 istius

254 2984 350 3044 nostri
373 2983 560 3044 Sclauoniae
574 2983 703 3060 nobileS,
728 2983 758 3042 in
783 2983 1086 3060 praerecensitorum
1107 2984 1285 3044 huiusmodi
1299 2982 1533 3062 privilegiorum

251 3093 397 3152 continuo
421 3111 480 3151 usu
503 3092 663 3170 hucusque
687 3091 897 3170 perstiterunt,
921 3099 952 3151 et
975 3092 1070 3151 modo
1086 3111 1212 3171 quoque
1235 3091 1413 3170 persistunt,
1436 3097 1532 3162 ratas,

255 3207 364 3278 gratas
396 3207 427 3260 et
459 3207 589 3277 accepta
620 3199 782 3273 habentes,
814 3200 1068 3278 approbavimus,
1096 3201 1311 3259 roboravimus
1334 3208 1366 3259 et
1389 3207 1533 3275 accepta-

257 3305 368 3383 vimuS,
393 3325 430 3366 ac
453 3325 510 3385 pro
533 3306 682 3385 praelatis
706 3306 797 3366 unius
820 3307 970 3367 sessionis
994 3307 1108 3386 Campi
1132 3308 1302 3387 Turopolia
1325 3306 1479 3367 universis
1503 3315 1535 3364 et

252 3413 384 3493 singulis
408 3413 571 3486 nobilibus,
596 3414 830 3492 eorundemque
858 3415 1001 3492 posteris,
1026 3415 1214 3475 haeredibus
1245 3424 1277 3474 et
1300 3413 1534 3474 successoribus

254 3520 409 3580 universis
442 3521 637 3597 innonantes,
661 3529 813 3599 perpetuo
848 3521 999 3581 valituras
1022 3522 1161 3601 gratiose
1185 3521 1447 3596 confirmavimus,
1470 3520 1533 3579 imo

254 3636 465 3706 acceptamus,
490 3629 710 3706 approbamus,
742 3629 935 3704 roboramus,
968 3629 1222 3707 ratificamusque
1247 3639 1279 3687 et
1302 3629 1533 3703 confirmamus,

253 3737 343 3796 salvo
365 3735 431 3796 iure
457 3736 567 3810 alieno,
591 3737 701 3796 harum
726 3744 903 3796 nostrarum
928 3747 1051 3796 secreto
1074 3736 1176 3816 sigillo
1200 3746 1317 3813 nostro,
1340 3755 1402 3814 quo
1425 3743 1460 3794 ut
1479 3755 1533 3794 rex

253 3843 437 3923 Hungariae
471 3843 585 3902 utimur
619 3843 811 3922 impendenti
846 3843 1107 3902 communitorum
1141 3844 1252 3923 vigore
1288 3851 1319 3902 et
1355 3843 1533 3902 testimonio

252 3949 421 4016 literarum.
452 3951 568 4008 Datum
601 3969 656 4028 per
687 3969 800 4010 manus
832 3950 931 4009 fidelis
963 3949 1062 4010 nostri
1092 3950 1183 4010 nobis
1210 3950 1315 4010 dilecti
1339 3949 1535 4010 reverendis·

254 4056 325 4116 simi
349 4057 507 4117 Valentini
530 4058 660 4135 LeepeS,
684 4056 869 4118 Colocensis
893 4067 924 4116 et
947 4058 1132 4117 Bachiensis
1157 4057 1359 4118 ecclesiarum
1384 4057 1534 4116 canonice

255 4163 410 4224 unitarum
441 4164 531 4224 electi
563 4164 796 4242 archiepiscopi,
829 4164 1088 4225 administratoris
1122 4165 1322 4244 episcopatus
1355 4163 1531 4240 lauriensis,

249 4273 451 4351 locorumque
475 4273 646 4334 eorundem
663 4273 783 4332 comitis
805 4273 956 4351 perpetui,
972 4273 1140 4333 consiliarii
1157 4272 1264 4348 nostri,
1281 4282 1312 4331 et
1326 4291 1383 4350 per
1398 4289 1534 4350 regnum

254 4387 395 4438 nostrum
418 4379 602 4460 Hungariae
627 4380 719 4439 aulae
738 4388 864 4440 nostrae
881 4379 1067 4453 cancellarii,
1091 4380 1122 4440 in
1147 4379 1272 4438 civitate
1288 4386 1396 4438 nostra
1412 4378 1534 4437 Vienna

253 4487 409 4562 Austriae,
444 4487 495 4547 die
529 4487 684 4567 vigesima
720 4495 809 4547 sexta
842 4487 959 4546 mensis
994 4486 1077 4560 maii,
1108 4507 1190 4546 anno
1221 4486 1337 4546 domini
1368 4485 1533 4545 millesimo

253 4596 482 4656 sexcentesimo
514 4594 677 4675 vigesimo,
709 4614 878 4675 regnorum
909 4602 1085 4653 nostrorum
1114 4595 1246 4653 Romani
1269 4593 1379 4671 primo,
1403 4594 1534 4671 Hunga-

254 4703 319 4762 riae
343 4713 375 4763 et
397 4703 586 4781 reliquorum
618 4702 716 4779 tertio,
747 4701 896 4760 Bohemie
921 4719 997 4760 vero
1029 4719 1111 4760 anno
1144 4699 1284 4761 similiter
1311 4699 1410 4763 tertio.
1434 4701 1534 4758 Reve-

255 4811 448 4870 rendissimis
472 4829 510 4869 ac
534 4809 764 4869 venerabilibus
788 4809 819 4868 in
843 4807 969 4868 Christo
1003 4809 1144 4886 patribus
1170 4807 1311 4880 dominis,
1337 4809 1429 4867 Petro
1453 4807 1530 4864 Paz-

255 4938 358 4998 many,
374 4918 633 4998 metropolitanae
656 4917 888 4998 StrigoniensiS,
913 4925 945 4977 et
967 4917 1080 4978 eodem
1097 4916 1262 4976 Valentino
1286 4916 1417 4994 Leepes,
1441 4933 1531 4993 prae·
