3934 5550
399 416 465 480 518

397 637 603 716 temporibus,
638 632 805 713 praecipue
841 652 915 693 vero
952 631 1036 691 domi
1074 650 1158 692 suae
1186 631 1347 708 factarum,
1382 631 1467 690 iuxta
1501 631 1680 709 petitionem

406 746 546 805 eiusdem
579 745 766 822 deputantur
797 742 837 801 ad
868 741 1095 819 praecedentes
1127 759 1236 800 omnes
1269 758 1368 799 anuos
1398 739 1507 798 floreni
1534 739 1679 819 hungari·

400 854 485 915 cales
521 851 695 932 sexaginta,
719 869 798 930 quos
831 851 906 909 data
929 848 1095 909 occasione
1120 867 1138 907 a
1162 856 1228 907 tota
1260 847 1481 908 communitate
1512 847 1595 906 idem
1626 847 1679 907 do·

400 960 503 1020 miuus
527 978 633 1020 comes
657 958 797 1036 accipiet.

510 1067 650 1148 Egregio
668 1066 814 1125 Andreae
832 1064 1099 1141 Chednelrowych
1124 1083 1179 1142 pro
1204 1062 1393 1123 necessitate
1411 1081 1469 1122 sua
1485 1082 1547 1122 non
1564 1063 1681 1142 exigua

400 1177 580 1237 conceditur
614 1175 707 1234 robor
732 1191 828 1231 unum
860 1171 892 1230 in
923 1172 1012 1248 sylva
1045 1171 1201 1230 communi
1229 1178 1335 1230 nostra
1358 1170 1488 1248 Runzlry
1512 1171 1602 1249 Lugh
1627 1189 1679 1228 vo·

399 1293 478 1357 cata,
510 1283 593 1362 quod
616 1282 684 1360 ipse
707 1280 880 1358 cuicunque
914 1271 1047 1338 voluerit
1080 1287 1230 1338 extraneo
1261 1278 1357 1338 libere
1390 1277 1484 1352 dabit,
1516 1277 1680 1357 eidemque

400 1392 518 1453 licitum
546 1390 613 1453 erit.
1440 1463 1448 1476 ι

507 1499 558 1558 Ad
581 1498 761 1576 petitionem
785 1497 907 1576 egregii
933 1497 1038 1555 Lucae
1063 1495 1279 1572 Chernkoczy,
1312 1496 1361 1556 hic
1384 1495 1506 1575 publice
1530 1515 1586 1573 per
1609 1514 1680 1554 eum

401 1607 606 1686 personaliter
629 1606 753 1679 factam,
785 1612 934 1664 statutum
960 1609 1017 1679 est,
1041 1605 1125 1681 quod
1150 1603 1252 1662 coloni
1277 1603 1416 1662 eiusdem
1440 1603 1472 1662 in
1496 1601 1680 1662 Chemkocz

402 1721 641 1786 commorantes,
668 1711 699 1771 in
735 1713 825 1788 sylva
855 1719 963 1770 nostra
1001 1729 1118 1789 magna
1149 1710 1305 1770 communi
1341 1709 1515 1790 glandifera
1549 1709 1680 1784 Bunzky

403 1823 495 1902 Lugh
531 1828 652 1896 vocata,
685 1818 812 1878 arbores
845 1836 901 1896 pro
933 1818 1006 1898 igne
1040 1837 1102 1877 non
1137 1816 1313 1877 fructiferas
1343 1817 1409 1877 sive
1440 1815 1630 1896 glandiferas
1662 1834 1679 1874 a

402 1930 496 1988 modo
530 1928 679 2006 deinceps
711 1926 830 1986 cunctis
861 1927 1054 2004 temporibus
1085 1925 1246 1985 succidere
1271 1935 1301 1985 et
1325 1926 1354 1985 in
1380 1925 1490 1984 domos
1517 1943 1624 1984 eorum
1649 1924 1680 1984 in

403 2039 515 2096 eadem
546 2033 753 2094 Chemkoucz
787 2033 912 2093 habitas
946 2033 1103 2092 abducere
1134 2033 1254 2111 possint
1286 2041 1315 2092 et
1346 2034 1479 2108 valeant,
1495 2033 1561 2092 vita
1584 2031 1680 2111 ipsius

402 2146 507 2204 Lucae
542 2141 749 2218 Cherukoczy
775 2150 807 2200 et
829 2142 1000 2201 haeredum
1033 2141 1131 2218 ipsius
1165 2141 1326 2200 masculini
1357 2141 1519 2200 dumtaxat
1550 2141 1680 2200 durante

403 2271 514 2326 sexus;
532 2252 575 2311 ita
590 2260 704 2324 tamen,
732 2251 816 2328 quod
840 2251 867 2310 si
891 2252 1021 2310 arbores
1045 2250 1236 2329 glandiferas
1255 2250 1450 2327 [succilderet
1474 2250 1627 2328 quispiam
1643 2269 1680 2308 ex

404 2359 593 2438 praedilctis]
613 2357 740 2433 colonis,
757 2377 813 2436 pro
830 2358 955 2438 singula
987 2358 1097 2417 arbore
1131 2357 1305 2438 glandifera
1329 2402 1680 2426 ............

402 2512 628 2527 ........
653 2477 749 2538 catur,
782 2467 841 2524 hoc
865 2484 990 2544 quoque
1014 2485 1071 2543 per
1094 2484 1275 2543 expressum
1301 2466 1466 2538 declarat0,
1491 2465 1575 2543 quod
1598 2465 1678 2523 idern
1717 2533 1719 2538 .

404 2576 506 2634 Lucas
538 2573 765 2650 [Chernkoczy]
798 2573 1014 2650 haeredesque
1047 2572 1186 2632 eiusdem
1220 2575 1379 2651 praetacti,
1412 2573 1558 2633 universa
1585 2590 1681 2631 onera

404 2691 435 2742 et
470 2679 656 2761 gravamina
690 2681 722 2740 in
745 2726 972 2743 ........
999 2680 1145 2740 nobilium
1181 2679 1314 2740 subeant
1349 2688 1379 2740 et
1414 2699 1510 2758 penes
1547 2680 1680 2739 eandem

403 2789 657 2849 communitatem
681 2807 739 2847 suo
762 2764 896 2865 posses
920 2836 926 2848 .
951 2833 958 2846 .
983 2834 989 2845 .
1016 2835 1021 2846 .

447 2942 451 2949 .
510 2896 667 2976 Egregius
692 2894 818 2955 Gabriel
846 2896 1061 2971 Bulrouachky
1083 2915 1139 2973 pro
1163 2895 1338 2973 praeteritis
1354 2914 1504 2955 annorum
1527 2894 1679 2955 contribu-

405 3004 541 3063 tionibus
559 3002 708 3081 (exceptis
724 3002 782 3061 illis
806 3019 861 3061 sex
885 3002 1021 3076 florenis,
1044 3021 1122 3080 quos
1141 3003 1292 3063 hactenus
1309 3002 1420 3079 solvit),
1443 3004 1579 3062 florenos
1602 3004 1679 3061 hun-

403 3111 559 3192 garicales
595 3110 759 3169 duodecim
795 3109 991 3169 contribuere
1024 3110 1053 3171 in
1089 3110 1225 3169 medium
1257 3110 1385 3169 fratrum
1417 3110 1543 3169 debebit
1573 3119 1604 3169 et
1636 3119 1679 3169 te·

404 3219 534 3278 nebitur.

509 3326 629 3384 Eadem
653 3324 772 3384 ratione
803 3342 959 3403 generosa
982 3324 1108 3383 domina
1133 3324 1295 3383 Elizabeth
1319 3326 1431 3399 Brada,
1456 3326 1562 3386 relicta
1586 3325 1680 3385 vidua

404 3436 475 3494 olim
499 3432 648 3512 Stephani
671 3433 895 3509 Reryzlawych
916 3434 1052 3492 florenos
1068 3434 1288 3513 hungaricales
1303 3434 1467 3495 duodecim
1492 3434 1521 3493 in
1547 3435 1679 3493 eandem

404 3541 663 3601 contributionem
687 3541 796 3600 solvet.

510 3650 636 3707 Fratres
660 3647 809 3706 eremitae
833 3648 1015 3707 monasterii
1039 3649 1234 3708 Remetensis
1259 3647 1378 3708 ratione
1403 3649 1637 3709 contributionis
1662 3668 1679 3707 a

404 3765 448 3815 tot
473 3753 563 3814 annis
586 3754 763 3831 praeteritis
787 3754 894 3814 itidem
918 3756 1055 3813 florenos
1078 3756 1243 3815 duodecim
1267 3756 1393 3817 dabunt.

509 3861 628 3921 Nobilis
651 3862 830 3938 Stephanus
854 3861 998 3938 Kamych
1031 3864 1133 3921 retulit
1165 3865 1322 3941 quandam
1354 3863 1523 3923 fassionem
1547 3883 1603 3942 per
1626 3882 1678 3923 n0·

403 3972 495 4029 bilem
520 3969 676 4028 dominam
709 3969 922 4029 Elisabetham
946 3972 1171 4047 Ztanylowych
1189 3972 1318 4051 egregio
1344 3972 1477 4049 Caspari
1502 3974 1602 4047 Hada,
1627 3973 1679 4031 do-

403 4078 487 4137 mino
512 4085 542 4136 et
565 4076 676 4135 marito
708 4096 766 4135 suo
790 4076 821 4135 in
844 4096 949 4155 agone
980 4079 1088 4137 mortis
1122 4079 1245 4153 factam,
1271 4080 1415 4139 videlicet
1437 4082 1566 4139 totalem
1590 4100 1678 4140 suam

404 4186 577 4264 portionem
600 4184 632 4243 in
655 4185 732 4244 Also
756 4185 923 4246 Lukauecz
948 4186 1013 4245 vita
1037 4206 1095 4245 sua
1119 4188 1280 4247 dumtaxat
1304 4189 1445 4263 durante,
1465 4198 1539 4267 ¹post
1563 4189 1678 4249 obitum

405 4312 480 4353 vero
505 4292 603 4370 ipsius
635 4293 676 4352 ad
707 4293 860 4352 haeredes
892 4294 989 4373 ipsius
1013 4294 1146 4354 condam
1171 4296 1315 4356 dominae
1339 4296 1464 4355 latentis
1489 4297 1679 4357 devolvatur.

1371 4404 1520 4464 Notarius
1544 4424 1583 4463 m.
1607 4423 1636 4481 p.

510 4504 655 4575 Originale
680 4504 868 4558 chartaceum,
888 4506 918 4558 ln
937 4506 1052 4559 archivo
1071 4523 1212 4561 commun.
1232 4508 1297 4561 nob.
1317 4509 1353 4560 dc
1372 4508 1538 4577 Turopolje:
1557 4506 1681 4579 Congre-

403 4595 555 4665 gationalia
575 4594 642 4648 fasc.
661 4595 687 4647 8,

512 4756 521 4787 ¹
539 4756 581 4809 30.
602 4758 726 4810 ianuarii.
758 4758 922 4824 'scripturn
943 4774 1029 4825 supra
1048 4759 1130 4825 linea,
1149 4761 1177 4812 in
1197 4758 1270 4813 linea
1289 4760 1428 4812 deletum:
1450 4760 1609 4812 »Michaelis
1629 4760 1682 4813 La·

402 4847 574 4899 domerich«.
613 4846 684 4899 ³18.
705 4849 804 4901 martii.
