3934 5550
1484 431 1551 500 6'23'

246 670 249 676 ·
275 656 324 713 vel
358 653 565 731 procenturio,
606 663 659 711 aut
692 653 839 711 vexillifer
875 643 1094 728 universitatis,
1139 654 1337 731 caeteroquin
1373 675 1389 712 e
1422 664 1551 712 numero
1586 633 1592 644 ⁹

241 766 256 783 ’·
272 747 420 821 nobilium
444 761 565 834 delecti,
588 768 619 819 et
643 770 768 838 propter
793 761 1022 819 incumbentem
1044 779 1152 838 parem
1169 772 1238 821 cum
1256 761 1382 840 reliquis
1399 761 1553 820 nobilibus

267 869 425 928 'militandi
450 859 674 947 obligationem
698 867 818 926 salariis
842 877 1022 927 constanter
1046 869 1170 946 provisi.

380 976 437 1034 His
461 976 503 1034 ita
528 975 558 1034 in
582 993 699 1054 genere
724 976 763 1034 de
786 975 880 1034 initiis
905 988 935 1033 et
959 994 1129 1054 progressu
1162 975 1372 1036 universitatis
1406 975 1553 1036 nobilium

273 1084 385 1161 (Iampi
419 1083 607 1160 Turopolya‚
640 1084 741 1162 deque
775 1083 887 1142 actuali
913 1084 1052 1144 eiusdem
1076 1092 1158 1142 statu
1183 1083 1382 1161 praemissis,
1400 1085 1552 1162 reliquum

274 1204 329 1264 est,
361 1200 394 1250 ut
424 1191 576 1271 originem
607 1201 638 1249 et
668 1209 796 1249 causam
829 1192 1048 1252 modernorum
1082 1192 1262 1252 iudiciorum
1298 1201 1483 1266 nostrorum,
1521 1203 1550 1251 et

272 1281 373 1376 ipsum
398 1299 481 1357 illum
505 1298 645 1357 ordinem
670 1298 872 1372 iudiciarium,
896 1301 949 1378 qui
973 1301 1057 1378 apud
1081 1319 1138 1360 nos
1163 1300 1258 1380 viget,
1284 1301 1483 1379 explicemus.

343 1436 346 1457 ι
379 1407 590 1485 Posteaquam
608 1407 743 1465 maiores
759 1408 857 1467 nostri
874 1408 1002 1467 castello
1018 1409 1183 1468 Lukavecz
1201 1427 1255 1486 per
1273 1407 1358 1486 ipsos
1374 1408 1414 1468 ob
1432 1416 1549 1466 metum

274 1515 446 1572 Turcarum
470 1513 636 1573 securioris
660 1513 849 1573 detensionis
874 1533 969 1574 causa
993 1517 1107 1595 erecte,
1128 1533 1186 1593 per
1202 1515 1449 1594 praepotentiam
1474 1533 1554 1573 mar·

273 1621 392 1681 chionis
416 1621 573 1699 quondam
598 1621 887 1701 Brandemburgici,
911 1623 1036 1682 loannis
1061 1624 1134 1682 item
1158 1623 1274 1698 Thusz,
1298 1630 1404 1682 cotum
1427 1622 1552 1682 Dalma-

274 1729 335 1787 tiae
368 1737 399 1787 et
432 1727 580 1787 Croatiae
612 1728 694 1802 bani,
719 1708 847 1806 privati,
871 1730 1058 1810 magnisque
1083 1731 1214 1790 subinde
1238 1731 1350 1809 partim
1374 1750 1430 1808 per
1453 1730 1553 1810 ipsum

276 1838 424 1896 loannem
452 1837 566 1909 Thusz,
598 1835 711 1914 partim
735 1844 840 1909 autem
864 1855 920 1914 per
943 1837 1091 1898 loannem
1117 1835 1319 1916 Torquatum,
1344 1857 1381 1897 ac
1404 1835 1554 1897 tres-Co·
1631 1843 1634 1848 '

275 1945 367 2003 mites
391 1943 522 2016 Zrinios,
550 1942 691 2002 similiter
722 1943 821 2002 banos
854 1943 1011 2017 Croatiae,
1044 1955 1075 2004 et
1108 1945 1260 2006 violentos
1291 1943 1475 2004 mentionatl
1489 1947 1554 2002 'ca-

273 2052 353 2111 stelli
378 2068 587 2129 possessores,
612 2051 724 2128 partim
748 2051 883 2130 denique
907 2072 963 2131 per
988 2053 1064 2112 alios
1089 2052 1182 2112 etiarn
1199 2053 1389 2132 potentiores
1414 2051 1554 2124 miseriis,

278 2169 307 2218 et
324 2158 553 2218 calamitatibus
575 2158 759 2217 turbulentis
775 2159 833 2219 illis
850 2159 1041 2237 temporibus
1059 2160 1173 2232 alflicti,
1190 2161 1363 2239 mirumque
1380 2160 1410 2219 in
1428 2160 1554 2219 modum

267 2267 413 2326 divexati
436 2267 584 2341 luissent3
606 2275 813 2345 posteaquam
842 2268 954 2346 partim
978 2269 1019 2328 ob
1043 2250 1207 2330 continuas
1241 2269 1414 2329 Turcarum
1447 2287 1554 2328 excur-

275 2376 388 2440 siones,
412 2375 523 2452 partim
548 2393 623 2434 vero
648 2375 687 2434 ob
712 2375 919 2452 potentiorum
948 2385 1012 2436 tam
1045 2387 1272 2451 extraneorum,
1304 2395 1398 2454 quarn
1434 2384 1465 2436 et
1496 2376 1549 2434 do·

276 2481 477 2542 mesticorum
500 2483 626 2559 rapinas
650 2490 681 2541 et
704 2483 811 2558 spolia,
841 2485 953 2562 partim
968 2484 1101 2562 denique
1119 2484 1158 2542 ob
1175 2484 1398 2544 increscentem
1416 2484 1554 2561 ipsorum

277 2608 451 2664 numenim,
475 2591 721 2670 subsecutasque
748 2591 858 2652 exinde
879 2599 1055 2652 tenutorum
1073 2601 1103 2651 et
1119 2591 1301 2651 facultatum
1326 2589 1554 2651 subdivisiones

276 2715 314 2756 eo
338 2698 523 2756 calamitatis
554 2699 765 2775 devenissent,
798 2700 880 2779 quod
913 2701 1027 2759 nedum
1059 2718 1130 2760 sese
1158 2699 1334 2775 defendere,
1359 2700 1424 2774 sed,
1448 2717 1554 2778 quem·

276 2806 444 2863 admodum
476 2824 530 2864 rex
562 2806 743 2884 Rudolphus
774 2808 918 2886 loquitur,
950 2808 1001 2869 vix
1025 2826 1100 2887 prae
1124 2807 1229 2886 inopia
1254 2818 1284 2866 et
1308 2806 1466 2886 pauperie¹
1481 2824 1553 2865 evo-

277 2912 412 2971 catorias
447 2913 567 2991 aliquas
601 2915 773 2990 extrahere,
806 2924 837 2975 et
867 2916 936 2976 illas
970 2916 1081 2994 exequi
1105 2916 1209 2975 faeere
1233 2894 1393 2994 posse'ntp
1407 2916 1552 2974 observa-

275 3028 353 3092 runt,
385 3031 485 3080 semet
515 3022 605 3082 malis
637 3019 730 3081 tantis
762 3041 961 3102 nequaquam
996 3024 1082 3085 aliter
1114 3042 1242 3083 occurre
1275 3041 1376 3101 posse,
1409 3041 1502 3100 quam
1528 3021 1553 3080 si

275 3135 374 3187 semet
405 3127 518 3187 arctius
550 3129 716 3208 iungerent
747 3137 778 3189 et
811 3130 940 3204 unirent,
973 3149 1106 3209 seseque
1132 3139 1239 3189 mutua
1272 3139 1303 3189 et
1338 3128 1474 3189 vicissim
1498 3149 1550 3187 ex-

275 3243 423 3312 poscente
446 3235 636 3295 necessitate
659 3236 859 3296 unanimibus
883 3238 1001 3296 viribus
1025 3256 1087 3297 non
1112 3238 1205 3297 modo
1218 3238 1323 3317 quoad
1337 3238 1428 3311 bona,
1445 3254 1554 3295 verum

268 3342 370 3401 etiam
403 3350 546 3419 respectu
580 3359 753 3421 causarum,
786 3353 816 3404 et
848 3346 944 3405 litium
969 3346 1186 3419 defenderent,
1221 3343 1325 3423 itaque
1351 3341 1552 3403 anno-1560.

277 3468 382 3509 coram
407 3450 542 3527 capituto
555 3452 760 3536 Zagrabiensi
778 3452 934 3512 celebrata
952 3463 1082 3513 eatenus
1099 3453 1259 3530 perennali
1283 3452 1429 3527 fassione,
1454 3458 1555 3511 semet

134 3588 138 3597 ·
213 3588 217 3599 ·
279 3558 307 3615 in
333 3558 445 3617 tratres
481 3559 695 3637 adoptionales
727 3570 758 3619 et
790 3561 1051 3621 condivisionales
1076 3562 1163 3639 acsi
1190 3582 1227 3620 ex
1251 3580 1315 3619 uno
1340 3561 1409 3619 alvo
1444 3569 1474 3618 et
1499 3560 1551 3617 sti·

280 3666 345 3742 pite
370 3667 525 3743 procreati
558 3667 668 3740 forent,
701 3676 871 3739 assumunt,
902 3676 933 3727 et
957 3688 1037 3727 unus
1063 3669 1192 3728 alterum
1227 3675 1334 3727 contra
1358 3684 1467 3725 omnes
1491 3666 1555 3725 vio·

277 3774 376 3831 lentos
399 3772 590 3851 impetitores
624 3784 654 3833 et
677 3776 852 3835 turbatores
880 3775 1097 3835 communibus
1121 3775 1238 3835 viribus
1275 3784 1305 3835 et
1329 3773 1474 3852 expensis
1498 3774 1550 3833 de·

275 3880 403 3941 {endere
419 3890 450 3940 et
465 3882 545 3941 tueri
569 3882 758 3959 promittunt,
782 3901 914 3960 cumque
931 3902 971 3941 ne
988 3882 1175 3961 sicquidem
1198 3882 1264 3957 sibi,
1290 3880 1548 3958 lacultatibusque

277 3987 342 4046 suis
366 3988 556 4049 sufficienter
588 3998 786 4067 prospectum
811 3999 964 4067 putarent,
999 3990 1024 4053 si
1049 3990 1191 4050 nimirum
1217 3998 1303 4049 extra
1329 3988 1482 4068 gremium
1507 3987 1553 4045 ius

277 4105 308 4154 et
340 4095 489 4155 iustitiam
519 4116 670 4174 quaerere
705 4097 863 4170 deberent,
882 4112 956 4177 'quo
990 4098 1071 4157 hanc
1103 4107 1133 4158 et
1165 4098 1337 4177 promptius
1371 4105 1402 4155 et
1424 4094 1554 4169 facilius

277 4204 509 4283 minoribusque
542 4226 611 4265 cum
645 4206 790 4283 expensis
822 4207 971 4284 consequi
1004 4194 1137 4279 valeant,
1171 4206 1200 4267 in
1229 4205 1336 4264 ordine
1361 4204 1400 4263 ad
1425 4208 1554 4280 scopum
1602 4199 1607 4207 '

248 4319 250 4324 '
277 4313 360 4370 hunc
385 4314 547 4391 sequentia
565 4313 798 4374 constituerunt.
824 4314 935 4389 Primo,
959 4324 994 4372 ut
1017 4332 1122 4373 comes
1146 4314 1282 4392 ipsorum
1307 4310 1462 4371 terrestris
1486 4310 1550 4368 uni-

283 4439 394 4480 versas
420 4442 542 4495 causas,
568 4423 710 4501 adeoque
734 4423 818 4482 nulla
842 4440 969 4500 prorsus
994 4430 1133 4499 excepta,
1164 4421 1327 4480 universas
1351 4420 1419 4479 lites
1444 4430 1475 4479 et
1498 4416 1556 4477 dil-

277 4528 426 4589 ferentias
451 4531 570 4591 ratione
594 4549 859 4609 quorumcumque
881 4532 1034 4589 bonorum
1059 4538 1089 4587 et
1112 4528 1318 4607 negotiorum,
1343 4527 1462 4587 ratione
1479 4526 1553 4585 item

248 4648 252 4652 ’
278 4656 546 4717 quorumcumque
577 4638 761 4712 debitorum,
793 4638 938 4698 illationis
966 4638 1160 4707 damnorum,
1185 4635 1444 4707 verberationum,
1470 4634 1554 4692 inva-

278 4745 373 4803 sionis
398 4746 561 4805 domorum
578 4748 783 4821 colonorum,
807 4748 857 4805 vel
881 4746 1037 4805 curiarum
1068 4730 1286 4814 nobilitarium,
1316 4742 1410 4801 verbo
1435 4741 1556 4813 ratione

276 4871 535 4931 quorumcunque
552 4854 748 4933 negotiorum
767 4855 846 4913 inter
861 4854 946 4931 ipsos
963 4852 1082 4912 nobiles
1099 4851 1326 4931 emergentium
1343 4850 1508 4923 discutere,
1524 4858 1556 4908 et

279 4960 448 5020 diiudicare
464 4962 548 5021 solus
570 4963 682 5040 possit;
701 4963 779 5024 adeo
793 4962 917 5042 quidem
934 4974 966 5022 ut
988 4960 1134 5037 secundo,
1155 4954 1374 5040 nulli'prorsus
1398 4957 1554 5039 integrum
