3934 5550
979 606 1083 683 10⁴.

495 810 587 870 Anno
615 806 707 869 1698.
732 806 783 869 31.
807 808 951 869 octobris,
975 807 1162 888 Zagrabiae.

387 1003 581 1088 Stephomts
604 1000 845 1081 Selischeuich,
879 1004 1058 1087 episcopus
1089 998 1345 1086 Zagrabrensis,
1368 998 1489 1063 comiti
1511 999 1671 1063 terrestri

390 1112 512 1197 Campi
541 1110 803 1194 Trrropoliensis
821 1109 1002 1195 praecipit,
1026 1112 1065 1171 ut
1081 1129 1159 1172 eum
1179 1106 1345 1192 gentibus
1366 1106 1519 1171 eiusdem
1546 1106 1671 1191 Campi

717 1238 839 1283 versrts
872 1216 978 1281 Veliki
1003 1216 1163 1302 Gradcay
1178 1215 1335 1301 festinet.

602 1418 763 1479 Generose
788 1417 913 1478 domine
937 1416 1012 1476 mihi
1036 1414 1329 1476 observandissime.

497 1562 656 1623 lnauditur
689 1582 726 1622 ex
760 1561 918 1641 fidedigna
957 1562 1176 1620 nonnullorum
1208 1560 1438 1638 exploratorum
1469 1567 1563 1637 atque
1593 1557 1668 1617 ami-

390 1690 496 1732 corum
521 1672 680 1745 relatione,
704 1671 809 1741 Turca
832 1678 881 1730 sat
905 1677 1017 1748 potens
1039 1688 1097 1747 pro
1120 1668 1279 1747 praesenti
1302 1668 1343 1727 ad
1377 1666 1560 1726 Bibachium
1593 1685 1665 1725 con·

390 1787 541 1859 gregatas
566 1778 708 1850 existere,
732 1777 784 1857 qui
809 1777 922 1837 abinde
946 1776 1050 1835 nullus
1078 1775 1187 1836 dubito
1219 1794 1330 1835 omnes
1362 1774 1526 1852 possibiles
1558 1792 1666 1835 excur-

390 1886 495 1947 siones
518 1895 626 1946 contra
651 1886 786 1946 confinia
809 1904 869 1946 neo
894 1884 1055 1964 acquisita,
1079 1892 1110 1943 et
1140 1891 1245 1964 partes
1269 1883 1337 1943 illas
1368 1883 1533 1943 Wnnanas
1563 1882 1668 1943 facere

388 2014 449 2055 non
473 1994 697 2054 intermitteret
721 1992 843 2053 Idcirco
867 2012 907 2053 ne
931 1993 1044 2053 eadem
1068 1990 1211 2064 confinia,
1235 2001 1329 2069 atque
1353 1989 1507 2068 praescita
1524 2008 1598 2067 pars
1610 2008 1666 2068 per

390 2102 548 2162 inimicum
573 2101 682 2161 ruinae
714 2099 925 2174 subiciantur,
956 2108 1051 2179 atque
1082 2098 1219 2159 totaliter
1249 2098 1460 2172 devastentur,
1491 2115 1668 2176 generosae

395 2209 598 2271 dominationi
628 2216 753 2268 vestrae
785 2217 892 2268 tenore
926 2206 1137 2285 praesentium
1173 2225 1211 2265 ex
1245 2205 1435 2284 plenitudine
1474 2204 1671 2265 authoritatis

394 2316 470 2377 mihi
493 2324 624 2376 eatenus
648 2316 796 2375 attributa
827 2314 986 2394 praecipio
1010 2333 1048 2374 ac
1071 2314 1196 2388 mand0,
1219 2322 1253 2373 ut
1284 2311 1421 2392 acceptis
1452 2311 1672 2391 praesentibus

389 2443 427 2485 eo
451 2424 543 2499 lact0,
567 2431 598 2483 et
622 2423 760 2502 seposita
783 2422 895 2501 quavis
919 2421 1207 2499 procrastinatione,
1227 2429 1339 2500 gentes
1355 2419 1469 2497 Campi
1485 2420 1667 2498 Turopolya

391 2551 485 2592 curae
510 2550 586 2591 suae
611 2530 815 2603 concreditos,
839 2537 991 2609 quotquot
1014 2529 1149 2608 denique
1171 2528 1269 2588 levari
1301 2535 1455 2606 poterunt,
1486 2528 1593 2587 levare
1625 2526 1669 2586 vi·

390 2639 471 2699 ritim
495 2646 646 2711 teneatur,
670 2656 741 2697 cum
765 2638 876 2717 quibus
899 2655 956 2716 pro
981 2644 1053 2696 octo
1075 2635 1285 2716 integerrimis
1308 2633 1419 2694 diebus
1443 2652 1568 2694 annona
1599 2652 1670 2712 pro-

394 2746 478 2821 visis,
502 2754 533 2806 et
557 2746 636 2806 bene
661 2745 756 2806 armis
780 2744 945 2817 instructis,
962 2762 1073 2805 versus
1088 2742 1190 2805 Ueliki
1207 2741 1354 2820 Gradczy
1369 2741 1537 2818 festinabit,
1553 2740 1671 2803 ibidem

391 2855 553 2914 ulteriores
576 2872 734 2934 generosa
758 2853 928 2913 dominatio
952 2859 1058 2912 vestra
1081 2871 1101 2912 a
1123 2850 1289 2930 perillustri
1314 2851 1440 2911 domino
1471 2850 1561 2930 regni
1587 2850 1669 2910 vice·

391 2962 473 3022 bano
497 2972 628 3022 eatenus
653 2969 820 3039 acceptura
843 2959 987 3033 ordines;
1011 2978 1113 3038 neque
1137 2977 1230 3018 secus
1252 2958 1310 3017 sub
1334 2957 1511 3018 incursione
1544 2977 1670 3036 poenae

394 3069 566 3129 articularis
590 3068 720 3128 iactura.
744 3067 848 3144 Quam
872 3067 904 3126 in
927 3066 1046 3145 reliquo
1070 3065 1242 3126 diutissime
1259 3065 1470 3126 felicissimam
1494 3066 1599 3126 valere
1618 3085 1669 3125 ex·

389 3185 502 3257 optans
536 3194 657 3237 maneo.
680 3175 745 3234 Sub
769 3175 843 3235 dato
875 3174 1062 3255 Zagrabiae,
1094 3174 1144 3234 die
1175 3171 1227 3235 31.
1257 3173 1375 3234 mensis
1407 3174 1554 3248 octobris,
1583 3192 1669 3232 anno

391 3285 507 3345 domini
536 3280 628 3346 1698.

497 3411 678 3470 Generosae
703 3409 906 3470 dominationi
929 3417 1055 3470 vestrae
1078 3409 1197 3470 servire
1220 3419 1348 3490 paratus

1091 3552 1270 3631 Stephanus
1293 3553 1507 3614 Selischeuich
1529 3573 1570 3616 m.
1594 3571 1624 3632 p.

499 3677 538 3738 ln
569 3679 709 3741 dorso:
743 3677 906 3738 Generoso
941 3677 1068 3738 domino
1102 3678 1197 3737 Petro
1230 3678 1482 3755 Szenlrouachky
1517 3677 1670 3738 Wallicza

393 3784 484 3860 dicto,
521 3785 730 3846 universitatis
766 3785 914 3846 nobilium
950 3785 1063 3863 Campi
1098 3785 1322 3865 Zagrabiensis
1357 3787 1539 3865 Turopolya
1566 3786 1669 3845 vocati

390 3892 495 3955 comiti
518 3894 656 3953 terrestri
680 3901 738 3954 etc.
763 3892 901 3970 (titulus),
926 3893 1053 3952 domino
1077 3891 1151 3952 mihi
1174 3892 1469 3954 observandissimo.

484 4013 529 4056 ito.

485 4068 531 4113 ito.

484 4121 530 4168 ito·

484 4175 597 4220 itisrime.

403 4301 406 4308 ’
494 4285 640 4358 Originale
661 4283 850 4353 chartaceum,
869 4301 885 4340 a
904 4291 986 4356 tergo
999 4286 1127 4354 appressi
1141 4285 1222 4356 sigilli
1237 4286 1397 4355 vestigium,
1410 4301 1468 4354 quo
1482 4284 1562 4336 litera
1574 4283 1670 4336 clausa

388 4381 457 4429 crat.
477 4375 506 4428 ln
526 4375 640 4428 archivo
659 4391 800 4429 commun.
821 4376 886 4428 nob.
907 4376 944 4428 de
962 4375 1124 4445 Turopolje.
