<?xml version="1.0" encoding="UTF-8"?>
<!DOCTYPE html PUBLIC "-//W3C//DTD XHTML 1.0 Transitional//EN"
    "http://www.w3.org/TR/xhtml1/DTD/xhtml1-transitional.dtd">
<html xmlns="http://www.w3.org/1999/xhtml" xml:lang="en" lang="en">
 <head>
  <title>
</title>
<meta http-equiv="Content-Type" content="text/html;charset=utf-8" />
  <meta name='ocr-system' content='tesseract 3.04.00' />
  <meta name='ocr-capabilities' content='ocr_page ocr_carea ocr_par ocr_line ocrx_word'/>
</head>
<body>
  <div class='ocr_page' id='page_1' title='image "./povjesnispomeni00laszgoog_0391.png"; bbox 0 0 3934 5550; ppageno 0'>
   <div class='ocr_carea' id='block_1_1' title="bbox 359 376 426 450">
    <p class='ocr_par' dir='ltr' id='par_1_1' title="bbox 359 376 426 450">
     <span class='ocr_line' id='line_1_1' title="bbox 359 376 426 450; baseline -0.03 0"><span class='ocrx_word' id='word_1_1' title='bbox 359 376 426 450; x_wconf 85' lang='grc'>358</span> 
     </span>
    </p>
   </div>
   <div class='ocr_carea' id='block_1_2' title="bbox 360 594 1642 2725">
    <p class='ocr_par' dir='ltr' id='par_1_2' title="bbox 360 594 1641 1540">
     <span class='ocr_line' id='line_1_2' title="bbox 466 594 1638 679; baseline -0.005 -17"><span class='ocrx_word' id='word_1_2' title='bbox 466 601 494 662; x_wconf 90' lang='grc'>5.</span> <span class='ocrx_word' id='word_1_3' title='bbox 518 600 671 661; x_wconf 87' lang='lat' dir='ltr'><strong>Providus</strong></span> <span class='ocrx_word' id='word_1_4' title='bbox 703 599 881 679; x_wconf 85' lang='lat' dir='ltr'>Stephanus</span> <span class='ocrx_word' id='word_1_5' title='bbox 911 599 1074 674; x_wconf 81' lang='lat' dir='ltr'>Szvelrius,</span> <span class='ocrx_word' id='word_1_6' title='bbox 1110 599 1238 659; x_wconf 89' lang='lat' dir='ltr'>colonus</span> <span class='ocrx_word' id='word_1_7' title='bbox 1262 596 1506 672; x_wconf 88' lang='lat' dir='ltr'>Mraczlinensis,</span> <span class='ocrx_word' id='word_1_8' title='bbox 1542 594 1638 656; x_wconf 90' lang='lat' dir='ltr'>habet</span> 
     </span>
     <span class='ocr_line' id='line_1_3' title="bbox 360 705 1639 787; baseline -0.004 -19"><span class='ocrx_word' id='word_1_9' title='bbox 360 709 486 768; x_wconf 93' lang='lat' dir='ltr'>domum</span> <span class='ocrx_word' id='word_1_10' title='bbox 511 716 559 767; x_wconf 90' lang='lat' dir='ltr'>sat</span> <span class='ocrx_word' id='word_1_11' title='bbox 583 708 780 768; x_wconf 82' lang='lat' dir='ltr'>commodam</span> <span class='ocrx_word' id='word_1_12' title='bbox 797 708 999 787; x_wconf 84' lang='lat' dir='ltr'>intelligendo</span> <span class='ocrx_word' id='word_1_13' title='bbox 1015 706 1189 766; x_wconf 85' lang='lat' dir='ltr'>cubiculum</span> <span class='ocrx_word' id='word_1_14' title='bbox 1206 706 1349 786; x_wconf 91' lang='lat' dir='ltr'>primum,</span> <span class='ocrx_word' id='word_1_15' title='bbox 1364 705 1518 784; x_wconf 84' lang='lat' dir='ltr'>posterius</span> <span class='ocrx_word' id='word_1_16' title='bbox 1534 715 1639 764; x_wconf 89' lang='lat' dir='ltr'>autem</span> 
     </span>
     <span class='ocr_line' id='line_1_4' title="bbox 364 812 1639 895; baseline -0.005 -19"><span class='ocrx_word' id='word_1_17' title='bbox 364 817 403 876; x_wconf 89' lang='lat' dir='ltr'>de</span> <span class='ocrx_word' id='word_1_18' title='bbox 427 834 509 875; x_wconf 91' lang='lat' dir='ltr'>novo</span> <span class='ocrx_word' id='word_1_19' title='bbox 534 815 743 895; x_wconf 84' lang='lat' dir='ltr'>errigendum,</span> <span class='ocrx_word' id='word_1_20' title='bbox 767 814 861 874; x_wconf 88' lang='lat' dir='ltr'>habet</span> <span class='ocrx_word' id='word_1_21' title='bbox 877 815 994 893; x_wconf 89' lang='lat' dir='ltr'>aliquot</span> <span class='ocrx_word' id='word_1_22' title='bbox 1008 814 1131 890; x_wconf 87' lang='lat' dir='ltr'>robora,</span> <span class='ocrx_word' id='word_1_23' title='bbox 1154 814 1302 873; x_wconf 88' lang='lat' dir='ltr'>horreum</span> <span class='ocrx_word' id='word_1_24' title='bbox 1316 812 1391 872; x_wconf 90' lang='lat' dir='ltr'>nihil</span> <span class='ocrx_word' id='word_1_25' title='bbox 1405 813 1522 886; x_wconf 88' lang='lat' dir='ltr'>valens,</span> <span class='ocrx_word' id='word_1_26' title='bbox 1546 813 1639 871; x_wconf 89' lang='lat' dir='ltr'>haras</span> 
     </span>
     <span class='ocr_line' id='line_1_5' title="bbox 361 919 1640 1003; baseline -0.005 -19"><span class='ocrx_word' id='word_1_27' title='bbox 361 944 416 984; x_wconf 90' lang='lat' dir='ltr'>seu</span> <span class='ocrx_word' id='word_1_28' title='bbox 441 924 597 984; x_wconf 89' lang='lat' dir='ltr'>stabulum</span> <span class='ocrx_word' id='word_1_29' title='bbox 621 941 719 1003; x_wconf 87' lang='lat' dir='ltr'>penes</span> <span class='ocrx_word' id='word_1_30' title='bbox 743 923 889 981; x_wconf 89' lang='lat' dir='ltr'>horreum</span> <span class='ocrx_word' id='word_1_31' title='bbox 913 922 1079 982; x_wconf 87' lang='lat' dir='ltr'>mediocre.</span> <span class='ocrx_word' id='word_1_32' title='bbox 1104 923 1208 981; x_wconf 87' lang='lat' dir='ltr'>Haras</span> <span class='ocrx_word' id='word_1_33' title='bbox 1225 921 1404 980; x_wconf 91' lang='lat' dir='ltr'>animalium</span> <span class='ocrx_word' id='word_1_34' title='bbox 1422 919 1460 979; x_wconf 89' lang='lat' dir='ltr'>ad</span> <span class='ocrx_word' id='word_1_35' title='bbox 1478 920 1640 979; x_wconf 88' lang='lat' dir='ltr'>clausuras</span> 
     </span>
     <span class='ocr_line' id='line_1_6' title="bbox 361 1029 1641 1104; baseline -0.002 -15"><span class='ocrx_word' id='word_1_36' title='bbox 361 1029 382 1089; x_wconf 86' lang='grc'>4</span> <span class='ocrx_word' id='word_1_37' title='bbox 409 1050 508 1090; x_wconf 86' lang='lat' dir='ltr'>novas</span> <span class='ocrx_word' id='word_1_38' title='bbox 543 1049 580 1090; x_wconf 89' lang='lat' dir='ltr'>ex</span> <span class='ocrx_word' id='word_1_39' title='bbox 605 1031 711 1090; x_wconf 90' lang='lat' dir='ltr'>solidis</span> <span class='ocrx_word' id='word_1_40' title='bbox 742 1030 921 1104; x_wconf 86' lang='lat' dir='ltr'>roboribus;</span> <span class='ocrx_word' id='word_1_41' title='bbox 957 1029 1032 1089; x_wconf 91' lang='lat' dir='ltr'>item</span> <span class='ocrx_word' id='word_1_42' title='bbox 1064 1048 1221 1088; x_wconf 87' lang='lat' dir='ltr'>cameram</span> <span class='ocrx_word' id='word_1_43' title='bbox 1258 1029 1298 1088; x_wconf 88' lang='lat' dir='ltr'>ad</span> <span class='ocrx_word' id='word_1_44' title='bbox 1333 1047 1428 1087; x_wconf 91' lang='lat' dir='ltr'>unam</span> <span class='ocrx_word' id='word_1_45' title='bbox 1463 1029 1641 1087; x_wconf 87' lang='lat' dir='ltr'>clausuram</span> 
     </span>
     <span class='ocr_line' id='line_1_7' title="bbox 365 1134 1641 1212; baseline -0.003 -15"><span class='ocrx_word' id='word_1_46' title='bbox 365 1157 497 1212; x_wconf 80' lang='lat' dir='ltr'>novam:</span> <span class='ocrx_word' id='word_1_47' title='bbox 522 1140 594 1201; x_wconf 88' lang='lat' dir='ltr'>item</span> <span class='ocrx_word' id='word_1_48' title='bbox 620 1139 712 1198; x_wconf 90' lang='lat' dir='ltr'>aliam</span> <span class='ocrx_word' id='word_1_49' title='bbox 736 1156 894 1198; x_wconf 89' lang='lat' dir='ltr'>cameram</span> <span class='ocrx_word' id='word_1_50' title='bbox 928 1138 968 1197; x_wconf 90' lang='lat' dir='ltr'>ad</span> <span class='ocrx_word' id='word_1_51' title='bbox 1000 1157 1095 1196; x_wconf 90' lang='lat' dir='ltr'>unam</span> <span class='ocrx_word' id='word_1_52' title='bbox 1132 1135 1309 1196; x_wconf 87' lang='lat' dir='ltr'>clausuram</span> <span class='ocrx_word' id='word_1_53' title='bbox 1345 1135 1532 1210; x_wconf 82' lang='lat' dir='ltr'>mediorem3</span> <span class='ocrx_word' id='word_1_54' title='bbox 1567 1134 1641 1194; x_wconf 87' lang='lat' dir='ltr'>item</span> 
     </span>
     <span class='ocr_line' id='line_1_8' title="bbox 364 1243 1640 1325; baseline -0.003 -20"><span class='ocrx_word' id='word_1_55' title='bbox 364 1249 554 1306; x_wconf 85' lang='lat' dir='ltr'>camerulam</span> <span class='ocrx_word' id='word_1_56' title='bbox 578 1266 694 1306; x_wconf 90' lang='lat' dir='ltr'>novam</span> <span class='ocrx_word' id='word_1_57' title='bbox 717 1246 833 1306; x_wconf 89' lang='lat' dir='ltr'>bonam</span> <span class='ocrx_word' id='word_1_58' title='bbox 866 1245 1011 1305; x_wconf 89' lang='lat' dir='ltr'>omnibus</span> <span class='ocrx_word' id='word_1_59' title='bbox 1042 1244 1210 1325; x_wconf 83' lang='lat' dir='ltr'>provisam,</span> <span class='ocrx_word' id='word_1_60' title='bbox 1242 1245 1370 1304; x_wconf 87' lang='lat' dir='ltr'>domurn</span> <span class='ocrx_word' id='word_1_61' title='bbox 1403 1243 1544 1302; x_wconf 85' lang='lat' dir='ltr'>fabrilem</span> <span class='ocrx_word' id='word_1_62' title='bbox 1576 1262 1640 1301; x_wconf 89' lang='lat' dir='ltr'>me·</span> 
     </span>
     <span class='ocr_line' id='line_1_9' title="bbox 363 1349 1641 1433; baseline -0.003 -21"><span class='ocrx_word' id='word_1_63' title='bbox 363 1355 509 1428; x_wconf 90' lang='lat' dir='ltr'>diocrem,</span> <span class='ocrx_word' id='word_1_64' title='bbox 533 1363 616 1414; x_wconf 88' lang='lat' dir='ltr'>tecto</span> <span class='ocrx_word' id='word_1_65' title='bbox 639 1373 696 1433; x_wconf 89' lang='lat' dir='ltr'>pro</span> <span class='ocrx_word' id='word_1_66' title='bbox 722 1373 804 1414; x_wconf 91' lang='lat' dir='ltr'>nunc</span> <span class='ocrx_word' id='word_1_67' title='bbox 828 1354 910 1413; x_wconf 93' lang='lat' dir='ltr'>bono</span> <span class='ocrx_word' id='word_1_68' title='bbox 936 1372 999 1412; x_wconf 92' lang='lat' dir='ltr'>non</span> <span class='ocrx_word' id='word_1_69' title='bbox 1022 1353 1190 1433; x_wconf 90' lang='lat' dir='ltr'>provisam,</span> <span class='ocrx_word' id='word_1_70' title='bbox 1213 1351 1372 1412; x_wconf 83' lang='lat' dir='ltr'>fornacem</span> <span class='ocrx_word' id='word_1_71' title='bbox 1396 1349 1565 1429; x_wconf 87' lang='lat' dir='ltr'>pistoream</span> <span class='ocrx_word' id='word_1_72' title='bbox 1587 1370 1641 1408; x_wconf 93' lang='lat' dir='ltr'>no·</span> 
     </span>
     <span class='ocr_line' id='line_1_10' title="bbox 363 1461 753 1540; baseline 0 -20"><span class='ocrx_word' id='word_1_73' title='bbox 363 1461 444 1520; x_wconf 84' lang='lat' dir='ltr'>vitus</span> <span class='ocrx_word' id='word_1_74' title='bbox 469 1461 564 1540; x_wconf 86' lang='lat' dir='ltr'>errigi</span> <span class='ocrx_word' id='word_1_75' title='bbox 589 1461 753 1540; x_wconf 89' lang='lat' dir='ltr'>inceptam.</span> 
     </span>
    </p>

    <p class='ocr_par' dir='ltr' id='par_1_3' title="bbox 362 1564 1642 2725">
     <span class='ocr_line' id='line_1_11' title="bbox 470 1564 1642 1646; baseline -0.004 -20"><span class='ocrx_word' id='word_1_76' title='bbox 470 1565 499 1628; x_wconf 84' lang='lat'>6.</span> <span class='ocrx_word' id='word_1_77' title='bbox 524 1569 677 1628; x_wconf 87' lang='lat' dir='ltr'>Providus</span> <span class='ocrx_word' id='word_1_78' title='bbox 711 1569 890 1646; x_wconf 88' lang='lat' dir='ltr'>Stephanus</span> <span class='ocrx_word' id='word_1_79' title='bbox 921 1567 1092 1642; x_wconf 90' lang='lat' dir='ltr'>Bachunin,</span> <span class='ocrx_word' id='word_1_80' title='bbox 1116 1568 1245 1627; x_wconf 89' lang='lat' dir='ltr'>colonus</span> <span class='ocrx_word' id='word_1_81' title='bbox 1279 1564 1524 1638; x_wconf 82' lang='lat' dir='ltr'>Mraczlinensis‚</span> <span class='ocrx_word' id='word_1_82' title='bbox 1547 1565 1642 1624; x_wconf 88' lang='lat' dir='ltr'>habet</span> 
     </span>
     <span class='ocr_line' id='line_1_12' title="bbox 362 1670 1642 1754; baseline -0.004 -19"><span class='ocrx_word' id='word_1_83' title='bbox 362 1676 489 1736; x_wconf 92' lang='lat' dir='ltr'>domum</span> <span class='ocrx_word' id='word_1_84' title='bbox 514 1694 570 1754; x_wconf 92' lang='lat' dir='ltr'>pro</span> <span class='ocrx_word' id='word_1_85' title='bbox 594 1696 676 1735; x_wconf 92' lang='lat' dir='ltr'>nunc</span> <span class='ocrx_word' id='word_1_86' title='bbox 700 1676 775 1736; x_wconf 89' lang='lat' dir='ltr'>satis</span> <span class='ocrx_word' id='word_1_87' title='bbox 799 1674 932 1751; x_wconf 92' lang='lat' dir='ltr'>bonam;</span> <span class='ocrx_word' id='word_1_88' title='bbox 956 1675 1030 1735; x_wconf 90' lang='lat' dir='ltr'>item</span> <span class='ocrx_word' id='word_1_89' title='bbox 1046 1677 1192 1735; x_wconf 89' lang='lat' dir='ltr'>horreum</span> <span class='ocrx_word' id='word_1_90' title='bbox 1206 1682 1237 1733; x_wconf 94' lang='lat' dir='ltr'>et</span> <span class='ocrx_word' id='word_1_91' title='bbox 1252 1672 1454 1751; x_wconf 81' lang='lat' dir='ltr'>foenilegium</span> <span class='ocrx_word' id='word_1_92' title='bbox 1471 1670 1642 1749; x_wconf 91' lang='lat' dir='ltr'>antiquum,</span> 
     </span>
     <span class='ocr_line' id='line_1_13' title="bbox 362 1779 1640 1858; baseline -0.005 -16"><span class='ocrx_word' id='word_1_93' title='bbox 362 1783 419 1843; x_wconf 90' lang='lat' dir='ltr'>sed</span> <span class='ocrx_word' id='word_1_94' title='bbox 442 1782 518 1844; x_wconf 88' lang='lat' dir='ltr'>satis</span> <span class='ocrx_word' id='word_1_95' title='bbox 542 1782 672 1858; x_wconf 81' lang='lat' dir='ltr'>bonam;</span> <span class='ocrx_word' id='word_1_96' title='bbox 696 1783 770 1843; x_wconf 89' lang='lat' dir='ltr'>item</span> <span class='ocrx_word' id='word_1_97' title='bbox 794 1783 888 1842; x_wconf 90' lang='lat' dir='ltr'>haras</span> <span class='ocrx_word' id='word_1_98' title='bbox 912 1783 953 1843; x_wconf 91' lang='lat' dir='ltr'>ad</span> <span class='ocrx_word' id='word_1_99' title='bbox 977 1784 1139 1842; x_wconf 87' lang='lat' dir='ltr'>clausuras</span> <span class='ocrx_word' id='word_1_100' title='bbox 1163 1779 1183 1839; x_wconf 83' lang='lat'><strong>3</strong></span> <span class='ocrx_word' id='word_1_101' title='bbox 1212 1780 1356 1858; x_wconf 86' lang='lat' dir='ltr'>antiquas</span> <span class='ocrx_word' id='word_1_102' title='bbox 1379 1779 1410 1838; x_wconf 92' lang='lat' dir='ltr'>in</span> <span class='ocrx_word' id='word_1_103' title='bbox 1435 1782 1517 1838; x_wconf 88' lang='lat' dir='ltr'>&#39;oono</span> <span class='ocrx_word' id='word_1_104' title='bbox 1540 1785 1640 1850; x_wconf 89' lang='lat' dir='ltr'>statu;</span> 
     </span>
     <span class='ocr_line' id='line_1_14' title="bbox 362 1887 1637 1962; baseline -0.008 -8"><span class='ocrx_word' id='word_1_105' title='bbox 362 1891 437 1954; x_wconf 89' lang='lat' dir='ltr'>item</span> <span class='ocrx_word' id='word_1_106' title='bbox 461 1909 603 1952; x_wconf 89' lang='lat' dir='ltr'>cameras</span> <span class='ocrx_word' id='word_1_107' title='bbox 627 1891 666 1950; x_wconf 90' lang='lat' dir='ltr'>ad</span> <span class='ocrx_word' id='word_1_108' title='bbox 691 1891 770 1952; x_wconf 90' lang='lat' dir='ltr'>duas</span> <span class='ocrx_word' id='word_1_109' title='bbox 794 1890 955 1952; x_wconf 88' lang='lat' dir='ltr'>clausurus</span> <span class='ocrx_word' id='word_1_110' title='bbox 981 1890 1039 1949; x_wconf 91' lang='lat' dir='ltr'>sub</span> <span class='ocrx_word' id='word_1_111' title='bbox 1063 1909 1125 1949; x_wconf 90' lang='lat' dir='ltr'>uno</span> <span class='ocrx_word' id='word_1_112' title='bbox 1148 1897 1241 1962; x_wconf 88' lang='lat' dir='ltr'>tecto,</span> <span class='ocrx_word' id='word_1_113' title='bbox 1273 1907 1336 1946; x_wconf 92' lang='lat' dir='ltr'>una</span> <span class='ocrx_word' id='word_1_114' title='bbox 1359 1887 1443 1946; x_wconf 93' lang='lat' dir='ltr'>bona</span> <span class='ocrx_word' id='word_1_115' title='bbox 1466 1887 1509 1944; x_wconf 88' lang='lat' dir='ltr'>ita</span> <span class='ocrx_word' id='word_1_116' title='bbox 1532 1895 1637 1945; x_wconf 91' lang='lat' dir='ltr'>tamen</span> 
     </span>
     <span class='ocr_line' id='line_1_15' title="bbox 363 1994 1639 2077; baseline -0.002 -20"><span class='ocrx_word' id='word_1_117' title='bbox 363 1999 447 2077; x_wconf 93' lang='lat' dir='ltr'>quod</span> <span class='ocrx_word' id='word_1_118' title='bbox 470 2017 533 2058; x_wconf 92' lang='lat' dir='ltr'>una</span> <span class='ocrx_word' id='word_1_119' title='bbox 557 1999 671 2058; x_wconf 90' lang='lat' dir='ltr'>novitis</span> <span class='ocrx_word' id='word_1_120' title='bbox 695 2006 825 2076; x_wconf 85' lang='lat' dir='ltr'>errecta,</span> <span class='ocrx_word' id='word_1_121' title='bbox 849 1994 912 2058; x_wconf 91' lang='lat' dir='ltr'>alia</span> <span class='ocrx_word' id='word_1_122' title='bbox 936 1998 1064 2076; x_wconf 87' lang='lat' dir='ltr'>antiqua</span> <span class='ocrx_word' id='word_1_123' title='bbox 1086 2016 1184 2075; x_wconf 91' lang='lat' dir='ltr'>penes</span> <span class='ocrx_word' id='word_1_124' title='bbox 1200 1996 1328 2057; x_wconf 88' lang='lat' dir='ltr'>basibus</span> <span class='ocrx_word' id='word_1_125' title='bbox 1345 1995 1485 2074; x_wconf 88' lang='lat' dir='ltr'>indigent</span> <span class='ocrx_word' id='word_1_126' title='bbox 1501 1994 1532 2052; x_wconf 93' lang='lat' dir='ltr'>in</span> <span class='ocrx_word' id='word_1_127' title='bbox 1551 2003 1639 2071; x_wconf 89' lang='lat' dir='ltr'>parte</span> 
     </span>
     <span class='ocr_line' id='line_1_16' title="bbox 363 2102 1641 2184; baseline -0.004 -19"><span class='ocrx_word' id='word_1_128' title='bbox 363 2125 435 2184; x_wconf 84' lang='lat' dir='ltr'>una,</span> <span class='ocrx_word' id='word_1_129' title='bbox 458 2125 538 2184; x_wconf 90' lang='lat' dir='ltr'>quos</span> <span class='ocrx_word' id='word_1_130' title='bbox 562 2106 655 2166; x_wconf 89' lang='lat' dir='ltr'>bases</span> <span class='ocrx_word' id='word_1_131' title='bbox 679 2106 795 2166; x_wconf 91' lang='lat' dir='ltr'>domini</span> <span class='ocrx_word' id='word_1_132' title='bbox 818 2113 982 2166; x_wconf 81' lang='lat' dir='ltr'>terrestres</span> <span class='ocrx_word' id='word_1_133' title='bbox 1010 2107 1086 2165; x_wconf 88' lang='lat' dir='ltr'>dare</span> <span class='ocrx_word' id='word_1_134' title='bbox 1119 2105 1294 2178; x_wconf 82' lang='lat' dir='ltr'>debebunt3</span> <span class='ocrx_word' id='word_1_135' title='bbox 1321 2103 1395 2162; x_wconf 88' lang='lat' dir='ltr'>item</span> <span class='ocrx_word' id='word_1_136' title='bbox 1420 2102 1576 2162; x_wconf 91' lang='lat' dir='ltr'>stabulum</span> <span class='ocrx_word' id='word_1_137' title='bbox 1601 2102 1641 2160; x_wconf 90' lang='lat' dir='ltr'>ad</span> 
     </span>
     <span class='ocr_line' id='line_1_17' title="bbox 363 2209 1641 2288; baseline -0.005 -16"><span class='ocrx_word' id='word_1_138' title='bbox 363 2233 458 2272; x_wconf 87' lang='lat' dir='ltr'>unam</span> <span class='ocrx_word' id='word_1_139' title='bbox 493 2213 669 2273; x_wconf 89' lang='lat' dir='ltr'>clausuram</span> <span class='ocrx_word' id='word_1_140' title='bbox 704 2213 878 2288; x_wconf 85' lang='lat' dir='ltr'>mediocre3</span> <span class='ocrx_word' id='word_1_141' title='bbox 915 2213 989 2273; x_wconf 83' lang='lat' dir='ltr'>item</span> <span class='ocrx_word' id='word_1_142' title='bbox 1024 2214 1119 2272; x_wconf 86' lang='lat' dir='ltr'>haras</span> <span class='ocrx_word' id='word_1_143' title='bbox 1155 2211 1313 2271; x_wconf 89' lang='lat' dir='ltr'>maialium</span> <span class='ocrx_word' id='word_1_144' title='bbox 1348 2227 1448 2269; x_wconf 85' lang='lat' dir='ltr'>novas</span> <span class='ocrx_word' id='word_1_145' title='bbox 1473 2209 1513 2268; x_wconf 91' lang='lat' dir='ltr'>ad</span> <span class='ocrx_word' id='word_1_146' title='bbox 1545 2227 1641 2266; x_wconf 89' lang='lat' dir='ltr'>unam</span> 
     </span>
     <span class='ocr_line' id='line_1_18' title="bbox 365 2316 1640 2399; baseline -0.006 -18"><span class='ocrx_word' id='word_1_147' title='bbox 365 2322 542 2381; x_wconf 88' lang='lat' dir='ltr'>clausuram</span> <span class='ocrx_word' id='word_1_148' title='bbox 567 2319 633 2382; x_wconf 88' lang='lat' dir='ltr'>sine</span> <span class='ocrx_word' id='word_1_149' title='bbox 658 2329 763 2399; x_wconf 86' lang='lat' dir='ltr'>porta;</span> <span class='ocrx_word' id='word_1_150' title='bbox 786 2321 860 2381; x_wconf 86' lang='lat' dir='ltr'>item</span> <span class='ocrx_word' id='word_1_151' title='bbox 885 2339 1044 2380; x_wconf 89' lang='lat' dir='ltr'>cameram</span> <span class='ocrx_word' id='word_1_152' title='bbox 1067 2338 1123 2399; x_wconf 93' lang='lat' dir='ltr'>pro</span> <span class='ocrx_word' id='word_1_153' title='bbox 1146 2319 1301 2378; x_wconf 78' lang='lat' dir='ltr'>trumento</span> <span class='ocrx_word' id='word_1_154' title='bbox 1325 2318 1440 2376; x_wconf 86' lang='lat' dir='ltr'>bonam</span> <span class='ocrx_word' id='word_1_155' title='bbox 1473 2316 1513 2375; x_wconf 89' lang='lat' dir='ltr'>ad</span> <span class='ocrx_word' id='word_1_156' title='bbox 1544 2334 1640 2374; x_wconf 91' lang='lat' dir='ltr'>unam</span> 
     </span>
     <span class='ocr_line' id='line_1_19' title="bbox 364 2423 1640 2503; baseline -0.006 -15"><span class='ocrx_word' id='word_1_157' title='bbox 364 2428 559 2503; x_wconf 82' lang='lat' dir='ltr'>clausuram3</span> <span class='ocrx_word' id='word_1_158' title='bbox 585 2429 657 2488; x_wconf 90' lang='lat' dir='ltr'>item</span> <span class='ocrx_word' id='word_1_159' title='bbox 682 2428 873 2488; x_wconf 91' lang='lat' dir='ltr'>camerulam</span> <span class='ocrx_word' id='word_1_160' title='bbox 905 2427 945 2486; x_wconf 90' lang='lat' dir='ltr'>ad</span> <span class='ocrx_word' id='word_1_161' title='bbox 974 2447 1069 2486; x_wconf 91' lang='lat' dir='ltr'>unam</span> <span class='ocrx_word' id='word_1_162' title='bbox 1102 2428 1279 2487; x_wconf 89' lang='lat' dir='ltr'>clausuram</span> <span class='ocrx_word' id='word_1_163' title='bbox 1311 2425 1442 2497; x_wconf 93' lang='lat' dir='ltr'>bonam;</span> <span class='ocrx_word' id='word_1_164' title='bbox 1475 2423 1548 2482; x_wconf 88' lang='lat' dir='ltr'>item</span> <span class='ocrx_word' id='word_1_165' title='bbox 1580 2423 1640 2481; x_wconf 85' lang='lat' dir='ltr'>lor·</span> 
     </span>
     <span class='ocr_line' id='line_1_20' title="bbox 365 2531 1642 2615; baseline -0.006 -19"><span class='ocrx_word' id='word_1_166' title='bbox 365 2555 476 2596; x_wconf 89' lang='lat' dir='ltr'>nacem</span> <span class='ocrx_word' id='word_1_167' title='bbox 489 2535 658 2615; x_wconf 88' lang='lat' dir='ltr'>pistoream</span> <span class='ocrx_word' id='word_1_168' title='bbox 675 2554 732 2615; x_wconf 92' lang='lat' dir='ltr'>pro</span> <span class='ocrx_word' id='word_1_169' title='bbox 748 2555 830 2596; x_wconf 88' lang='lat' dir='ltr'>nunc</span> <span class='ocrx_word' id='word_1_170' title='bbox 845 2543 913 2594; x_wconf 89' lang='lat' dir='ltr'>utut</span> <span class='ocrx_word' id='word_1_171' title='bbox 927 2535 1052 2608; x_wconf 89' lang='lat' dir='ltr'>bonam,</span> <span class='ocrx_word' id='word_1_172' title='bbox 1069 2535 1126 2594; x_wconf 86' lang='lat' dir='ltr'>sed</span> <span class='ocrx_word' id='word_1_173' title='bbox 1140 2542 1212 2614; x_wconf 90' lang='lat' dir='ltr'>post</span> <span class='ocrx_word' id='word_1_174' title='bbox 1228 2552 1322 2592; x_wconf 91' lang='lat' dir='ltr'>unum</span> <span class='ocrx_word' id='word_1_175' title='bbox 1341 2551 1456 2592; x_wconf 90' lang='lat' dir='ltr'>annum</span> <span class='ocrx_word' id='word_1_176' title='bbox 1471 2531 1642 2590; x_wconf 90' lang='lat' dir='ltr'>dominium</span> 
     </span>
     <span class='ocr_line' id='line_1_21' title="bbox 363 2643 811 2725; baseline 0.002 -22"><span class='ocrx_word' id='word_1_177' title='bbox 363 2652 525 2725; x_wconf 87' lang='lat' dir='ltr'>praestare</span> <span class='ocrx_word' id='word_1_178' title='bbox 549 2652 665 2704; x_wconf 89' lang='lat' dir='ltr'>tectum</span> <span class='ocrx_word' id='word_1_179' title='bbox 690 2643 811 2704; x_wconf 88' lang='lat' dir='ltr'>debeat.</span> 
     </span>
    </p>
   </div>
   <div class='ocr_carea' id='block_1_3' title="bbox 764 2823 1239 2903">
    <p class='ocr_par' dir='ltr' id='par_1_4' title="bbox 764 2823 1239 2903">
     <span class='ocr_line' id='line_1_22' title="bbox 764 2823 1239 2903; baseline 0.004 -20"><span class='ocrx_word' id='word_1_180' title='bbox 764 2825 804 2883; x_wconf 92' lang='lat' dir='ltr'>ln</span> <span class='ocrx_word' id='word_1_181' title='bbox 828 2824 1106 2903; x_wconf 89' lang='lat' dir='ltr'>possessione</span> <span class='ocrx_word' id='word_1_182' title='bbox 1131 2823 1239 2888; x_wconf 87' lang='lat' dir='ltr'>Lazi.</span> 
     </span>
    </p>
   </div>
   <div class='ocr_carea' id='block_1_4' title="bbox 365 2949 1649 4964">
    <p class='ocr_par' dir='ltr' id='par_1_5' title="bbox 365 2949 1643 3567">
     <span class='ocr_line' id='line_1_23' title="bbox 476 2949 1642 3030; baseline 0.002 -20"><span class='ocrx_word' id='word_1_183' title='bbox 476 2951 500 3011; x_wconf 94' lang='lat' dir='ltr'>l.</span> <span class='ocrx_word' id='word_1_184' title='bbox 525 2950 644 3011; x_wconf 85' lang='lat' dir='ltr'>Nobilis</span> <span class='ocrx_word' id='word_1_185' title='bbox 668 2952 818 3030; x_wconf 87' lang='lat' dir='ltr'>Iosephus</span> <span class='ocrx_word' id='word_1_186' title='bbox 843 2949 975 3010; x_wconf 89' lang='lat' dir='ltr'>Mikulin</span> <span class='ocrx_word' id='word_1_187' title='bbox 998 2950 1094 3010; x_wconf 91' lang='lat' dir='ltr'>habet</span> <span class='ocrx_word' id='word_1_188' title='bbox 1117 2951 1243 3010; x_wconf 90' lang='lat' dir='ltr'>domum</span> <span class='ocrx_word' id='word_1_189' title='bbox 1275 2951 1305 3010; x_wconf 93' lang='lat' dir='ltr'>in</span> <span class='ocrx_word' id='word_1_190' title='bbox 1330 2951 1444 3010; x_wconf 91' lang='lat' dir='ltr'>misero</span> <span class='ocrx_word' id='word_1_191' title='bbox 1476 2961 1566 3027; x_wconf 90' lang='lat' dir='ltr'>statu,</span> <span class='ocrx_word' id='word_1_192' title='bbox 1590 2951 1642 3024; x_wconf 87' lang='lat' dir='ltr'>ita,</span> 
     </span>
     <span class='ocr_line' id='line_1_24' title="bbox 365 3057 1642 3138; baseline -0.002 -19"><span class='ocrx_word' id='word_1_193' title='bbox 365 3068 398 3119; x_wconf 89' lang='lat' dir='ltr'>ut</span> <span class='ocrx_word' id='word_1_194' title='bbox 422 3059 448 3119; x_wconf 88' lang='lat' dir='ltr'>si</span> <span class='ocrx_word' id='word_1_195' title='bbox 472 3077 586 3119; x_wconf 90' lang='lat' dir='ltr'>novam</span> <span class='ocrx_word' id='word_1_196' title='bbox 611 3059 715 3118; x_wconf 85' lang='lat' dir='ltr'>lacere</span> <span class='ocrx_word' id='word_1_197' title='bbox 739 3057 840 3133; x_wconf 88' lang='lat' dir='ltr'>vellet,</span> <span class='ocrx_word' id='word_1_198' title='bbox 865 3076 902 3117; x_wconf 84' lang='lat' dir='ltr'>ex</span> <span class='ocrx_word' id='word_1_199' title='bbox 928 3058 1054 3137; x_wconf 88' lang='lat' dir='ltr'>antiqua</span> <span class='ocrx_word' id='word_1_200' title='bbox 1078 3066 1207 3136; x_wconf 92' lang='lat' dir='ltr'>possent</span> <span class='ocrx_word' id='word_1_201' title='bbox 1230 3059 1326 3119; x_wconf 92' lang='lat' dir='ltr'>harae</span> <span class='ocrx_word' id='word_1_202' title='bbox 1350 3060 1425 3133; x_wconf 87' lang='lat' dir='ltr'>fieri,</span> <span class='ocrx_word' id='word_1_203' title='bbox 1453 3060 1526 3138; x_wconf 87' lang='lat' dir='ltr'>quia</span> <span class='ocrx_word' id='word_1_204' title='bbox 1541 3058 1642 3119; x_wconf 80' lang='lat' dir='ltr'>famu-</span> 
     </span>
     <span class='ocr_line' id='line_1_25' title="bbox 366 3165 1643 3247; baseline 0.001 -22"><span class='ocrx_word' id='word_1_205' title='bbox 366 3166 464 3226; x_wconf 91' lang='lat' dir='ltr'>litium</span> <span class='ocrx_word' id='word_1_206' title='bbox 490 3174 539 3225; x_wconf 91' lang='lat' dir='ltr'>sat</span> <span class='ocrx_word' id='word_1_207' title='bbox 564 3166 726 3245; x_wconf 89' lang='lat' dir='ltr'>copiosum</span> <span class='ocrx_word' id='word_1_208' title='bbox 757 3165 861 3241; x_wconf 89' lang='lat' dir='ltr'>habet,</span> <span class='ocrx_word' id='word_1_209' title='bbox 891 3166 1037 3225; x_wconf 89' lang='lat' dir='ltr'>horreum</span> <span class='ocrx_word' id='word_1_210' title='bbox 1069 3165 1185 3224; x_wconf 92' lang='lat' dir='ltr'>bonum</span> <span class='ocrx_word' id='word_1_211' title='bbox 1209 3174 1292 3226; x_wconf 88' lang='lat' dir='ltr'>tecto</span> <span class='ocrx_word' id='word_1_212' title='bbox 1315 3166 1464 3226; x_wconf 88' lang='lat' dir='ltr'>assericio</span> <span class='ocrx_word' id='word_1_213' title='bbox 1488 3166 1643 3247; x_wconf 85' lang='lat' dir='ltr'>indigens,</span> 
     </span>
     <span class='ocr_line' id='line_1_26' title="bbox 365 3272 1642 3349; baseline -0.002 -16"><span class='ocrx_word' id='word_1_214' title='bbox 365 3292 524 3333; x_wconf 89' lang='lat' dir='ltr'>cameram</span> <span class='ocrx_word' id='word_1_215' title='bbox 559 3273 775 3333; x_wconf 83' lang='lat' dir='ltr'>frumentalem</span> <span class='ocrx_word' id='word_1_216' title='bbox 809 3272 923 3332; x_wconf 89' lang='lat' dir='ltr'>bonam</span> <span class='ocrx_word' id='word_1_217' title='bbox 958 3274 998 3332; x_wconf 95' lang='lat' dir='ltr'>ad</span> <span class='ocrx_word' id='word_1_218' title='bbox 1029 3292 1124 3332; x_wconf 89' lang='lat' dir='ltr'>unam</span> <span class='ocrx_word' id='word_1_219' title='bbox 1155 3275 1341 3349; x_wconf 88' lang='lat' dir='ltr'>clausuram,</span> <span class='ocrx_word' id='word_1_220' title='bbox 1372 3274 1466 3333; x_wconf 90' lang='lat' dir='ltr'>haras</span> <span class='ocrx_word' id='word_1_221' title='bbox 1497 3274 1528 3333; x_wconf 93' lang='lat' dir='ltr'>in</span> <span class='ocrx_word' id='word_1_222' title='bbox 1560 3274 1642 3333; x_wconf 90' lang='lat' dir='ltr'>malo</span> 
     </span>
     <span class='ocr_line' id='line_1_27' title="bbox 366 3379 1629 3461; baseline 0.001 -23"><span class='ocrx_word' id='word_1_223' title='bbox 366 3389 466 3454; x_wconf 89' lang='lat' dir='ltr'>statu;</span> <span class='ocrx_word' id='word_1_224' title='bbox 489 3381 564 3441; x_wconf 88' lang='lat' dir='ltr'>item</span> <span class='ocrx_word' id='word_1_225' title='bbox 589 3380 779 3440; x_wconf 90' lang='lat' dir='ltr'>camerulam</span> <span class='ocrx_word' id='word_1_226' title='bbox 814 3379 920 3439; x_wconf 91' lang='lat' dir='ltr'>domui</span> <span class='ocrx_word' id='word_1_227' title='bbox 957 3379 1136 3461; x_wconf 86' lang='lat' dir='ltr'>contiguam</span> <span class='ocrx_word' id='word_1_228' title='bbox 1161 3382 1358 3458; x_wconf 87' lang='lat' dir='ltr'>mediocrem,</span> <span class='ocrx_word' id='word_1_229' title='bbox 1373 3381 1533 3441; x_wconf 74' lang='lat' dir='ltr'>fornacem</span> <span class='ocrx_word' id='word_1_230' title='bbox 1548 3382 1629 3458; x_wconf 89' lang='lat' dir='ltr'>pisto</span> 
     </span>
     <span class='ocr_line' id='line_1_28' title="bbox 367 3487 1322 3567; baseline 0.004 -22"><span class='ocrx_word' id='word_1_231' title='bbox 367 3506 452 3546; x_wconf 89' lang='lat' dir='ltr'>ream</span> <span class='ocrx_word' id='word_1_232' title='bbox 477 3488 591 3546; x_wconf 91' lang='lat' dir='ltr'>bonam</span> <span class='ocrx_word' id='word_1_233' title='bbox 615 3487 672 3546; x_wconf 88' lang='lat' dir='ltr'>sed</span> <span class='ocrx_word' id='word_1_234' title='bbox 695 3506 751 3566; x_wconf 91' lang='lat' dir='ltr'>per</span> <span class='ocrx_word' id='word_1_235' title='bbox 775 3487 1000 3567; x_wconf 86' lang='lat' dir='ltr'>negligentiam</span> <span class='ocrx_word' id='word_1_236' title='bbox 1023 3488 1106 3547; x_wconf 91' lang='lat' dir='ltr'>bono</span> <span class='ocrx_word' id='word_1_237' title='bbox 1129 3495 1212 3547; x_wconf 91' lang='lat' dir='ltr'>tecto</span> <span class='ocrx_word' id='word_1_238' title='bbox 1229 3496 1322 3549; x_wconf 84' lang='lat' dir='ltr'>caret.</span> 
     </span>
    </p>

    <p class='ocr_par' dir='ltr' id='par_1_6' title="bbox 367 3591 1645 3979">
     <span class='ocr_line' id='line_1_29' title="bbox 479 3591 1644 3675; baseline -0.001 -22"><span class='ocrx_word' id='word_1_239' title='bbox 479 3592 507 3655; x_wconf 86' lang='lat'>2.</span> <span class='ocrx_word' id='word_1_240' title='bbox 533 3594 663 3653; x_wconf 89' lang='lat' dir='ltr'>loannes</span> <span class='ocrx_word' id='word_1_241' title='bbox 687 3596 777 3675; x_wconf 89' lang='lat' dir='ltr'>Bapt.</span> <span class='ocrx_word' id='word_1_242' title='bbox 801 3594 933 3654; x_wconf 87' lang='lat' dir='ltr'>Mikulin</span> <span class='ocrx_word' id='word_1_243' title='bbox 968 3596 1095 3654; x_wconf 91' lang='lat' dir='ltr'>domum</span> <span class='ocrx_word' id='word_1_244' title='bbox 1119 3595 1309 3655; x_wconf 88' lang='lat' dir='ltr'>mediocrem</span> <span class='ocrx_word' id='word_1_245' title='bbox 1330 3591 1461 3655; x_wconf 80' lang='lat' dir='ltr'>¹basibus</span> <span class='ocrx_word' id='word_1_246' title='bbox 1485 3603 1589 3655; x_wconf 90' lang='lat' dir='ltr'>tamen</span> <span class='ocrx_word' id='word_1_247' title='bbox 1613 3603 1644 3655; x_wconf 91' lang='lat' dir='ltr'>et</span> 
     </span>
     <span class='ocr_line' id='line_1_30' title="bbox 367 3702 1644 3783; baseline 0 -22"><span class='ocrx_word' id='word_1_248' title='bbox 367 3712 450 3761; x_wconf 89' lang='lat' dir='ltr'>tecto</span> <span class='ocrx_word' id='word_1_249' title='bbox 475 3702 623 3761; x_wconf 88' lang='lat' dir='ltr'>assericio</span> <span class='ocrx_word' id='word_1_250' title='bbox 647 3702 848 3783; x_wconf 86' lang='lat' dir='ltr'>indigentem,</span> <span class='ocrx_word' id='word_1_251' title='bbox 872 3704 1019 3762; x_wconf 87' lang='lat' dir='ltr'>horreum</span> <span class='ocrx_word' id='word_1_252' title='bbox 1043 3705 1159 3763; x_wconf 91' lang='lat' dir='ltr'>bonum</span> <span class='ocrx_word' id='word_1_253' title='bbox 1174 3704 1229 3763; x_wconf 91' lang='lat' dir='ltr'>sed</span> <span class='ocrx_word' id='word_1_254' title='bbox 1253 3703 1380 3762; x_wconf 87' lang='lat' dir='ltr'>basibus</span> <span class='ocrx_word' id='word_1_255' title='bbox 1404 3704 1557 3783; x_wconf 85' lang='lat' dir='ltr'>indigens.</span> <span class='ocrx_word' id='word_1_256' title='bbox 1581 3704 1644 3762; x_wconf 91' lang='lat' dir='ltr'>Ha·</span> 
     </span>
     <span class='ocr_line' id='line_1_31' title="bbox 367 3810 1645 3889; baseline 0 -20"><span class='ocrx_word' id='word_1_257' title='bbox 367 3810 452 3869; x_wconf 89' lang='lat' dir='ltr'>rulas</span> <span class='ocrx_word' id='word_1_258' title='bbox 476 3811 516 3869; x_wconf 91' lang='lat' dir='ltr'>ad</span> <span class='ocrx_word' id='word_1_259' title='bbox 540 3830 633 3869; x_wconf 87' lang='lat' dir='ltr'>unam</span> <span class='ocrx_word' id='word_1_260' title='bbox 658 3810 834 3869; x_wconf 87' lang='lat' dir='ltr'>clausuram</span> <span class='ocrx_word' id='word_1_261' title='bbox 859 3810 1021 3889; x_wconf 67' lang='lat' dir='ltr'>pessimas</span> <span class='ocrx_word' id='word_1_262' title='bbox 1045 3811 1204 3870; x_wconf 87' lang='lat' dir='ltr'>iornacem</span> <span class='ocrx_word' id='word_1_263' title='bbox 1228 3810 1397 3889; x_wconf 89' lang='lat' dir='ltr'>pistoream</span> <span class='ocrx_word' id='word_1_264' title='bbox 1420 3830 1477 3888; x_wconf 89' lang='lat' dir='ltr'>per</span> <span class='ocrx_word' id='word_1_265' title='bbox 1495 3810 1645 3870; x_wconf 89' lang='lat' dir='ltr'>incuriam</span> 
     </span>
     <span class='ocr_line' id='line_1_32' title="bbox 370 3916 629 3979; baseline 0.015 -4"><span class='ocrx_word' id='word_1_266' title='bbox 370 3917 482 3977; x_wconf 90' lang='lat' dir='ltr'>nullius</span> <span class='ocrx_word' id='word_1_267' title='bbox 507 3916 629 3979; x_wconf 80' lang='lat' dir='ltr'>valoris</span> 
     </span>
    </p>

    <p class='ocr_par' dir='ltr' id='par_1_7' title="bbox 369 4022 1648 4639">
     <span class='ocr_line' id='line_1_33' title="bbox 476 4022 1645 4106; baseline 0.002 -23"><span class='ocrx_word' id='word_1_268' title='bbox 476 4022 505 4085; x_wconf 83' lang='lat'>3.</span> <span class='ocrx_word' id='word_1_269' title='bbox 530 4025 673 4085; x_wconf 88' lang='lat' dir='ltr'>Andreas</span> <span class='ocrx_word' id='word_1_270' title='bbox 708 4027 905 4086; x_wconf 89' lang='lat' dir='ltr'>Frankovich</span> <span class='ocrx_word' id='word_1_271' title='bbox 939 4026 1034 4085; x_wconf 91' lang='lat' dir='ltr'>habet</span> <span class='ocrx_word' id='word_1_272' title='bbox 1058 4027 1185 4086; x_wconf 91' lang='lat' dir='ltr'>domum</span> <span class='ocrx_word' id='word_1_273' title='bbox 1209 4034 1258 4085; x_wconf 88' lang='lat' dir='ltr'>sat</span> <span class='ocrx_word' id='word_1_274' title='bbox 1281 4026 1479 4087; x_wconf 86' lang='lat' dir='ltr'>commodam</span> <span class='ocrx_word' id='word_1_275' title='bbox 1502 4027 1533 4085; x_wconf 93' lang='lat' dir='ltr'>in</span> <span class='ocrx_word' id='word_1_276' title='bbox 1556 4035 1645 4106; x_wconf 90' lang='lat' dir='ltr'>parte</span> 
     </span>
     <span class='ocr_line' id='line_1_34' title="bbox 371 4131 1646 4214; baseline 0.003 -25"><span class='ocrx_word' id='word_1_277' title='bbox 371 4131 517 4205; x_wconf 85' lang='lat' dir='ltr'>inferiori,</span> <span class='ocrx_word' id='word_1_278' title='bbox 542 4131 598 4191; x_wconf 91' lang='lat' dir='ltr'>sed</span> <span class='ocrx_word' id='word_1_279' title='bbox 621 4132 652 4192; x_wconf 90' lang='lat' dir='ltr'>in</span> <span class='ocrx_word' id='word_1_280' title='bbox 677 4144 765 4213; x_wconf 89' lang='lat' dir='ltr'>parte</span> <span class='ocrx_word' id='word_1_281' title='bbox 790 4132 942 4212; x_wconf 91' lang='lat' dir='ltr'>superiori</span> <span class='ocrx_word' id='word_1_282' title='bbox 967 4152 1085 4213; x_wconf 85' lang='lat' dir='ltr'>magna</span> <span class='ocrx_word' id='word_1_283' title='bbox 1115 4133 1314 4213; x_wconf 86' lang='lat' dir='ltr'>reparatione</span> <span class='ocrx_word' id='word_1_284' title='bbox 1345 4134 1545 4214; x_wconf 83' lang='lat' dir='ltr'>indigentem,</span> <span class='ocrx_word' id='word_1_285' title='bbox 1576 4136 1646 4193; x_wconf 92' lang='lat' dir='ltr'>hor·</span> 
     </span>
     <span class='ocr_line' id='line_1_35' title="bbox 372 4238 1647 4321; baseline 0.004 -25"><span class='ocrx_word' id='word_1_286' title='bbox 372 4238 492 4298; x_wconf 94' lang='lat' dir='ltr'>reolum</span> <span class='ocrx_word' id='word_1_287' title='bbox 517 4240 642 4311; x_wconf 86' lang='lat' dir='ltr'>bonum,</span> <span class='ocrx_word' id='word_1_288' title='bbox 668 4241 723 4300; x_wconf 87' lang='lat' dir='ltr'>sed</span> <span class='ocrx_word' id='word_1_289' title='bbox 747 4241 876 4300; x_wconf 91' lang='lat' dir='ltr'>basibus</span> <span class='ocrx_word' id='word_1_290' title='bbox 899 4240 1053 4321; x_wconf 86' lang='lat' dir='ltr'>indigens,</span> <span class='ocrx_word' id='word_1_291' title='bbox 1088 4241 1182 4300; x_wconf 91' lang='lat' dir='ltr'>haras</span> <span class='ocrx_word' id='word_1_292' title='bbox 1218 4242 1256 4300; x_wconf 90' lang='lat' dir='ltr'>ad</span> <span class='ocrx_word' id='word_1_293' title='bbox 1282 4242 1361 4301; x_wconf 92' lang='lat' dir='ltr'>duos</span> <span class='ocrx_word' id='word_1_294' title='bbox 1396 4244 1557 4303; x_wconf 90' lang='lat' dir='ltr'>clausuras</span> <span class='ocrx_word' id='word_1_295' title='bbox 1580 4262 1647 4301; x_wconf 90' lang='lat' dir='ltr'>me-</span> 
     </span>
     <span class='ocr_line' id='line_1_36' title="bbox 372 4346 1646 4428; baseline 0.005 -24"><span class='ocrx_word' id='word_1_296' title='bbox 372 4346 494 4405; x_wconf 85' lang='lat' dir='ltr'>diocres</span> <span class='ocrx_word' id='word_1_297' title='bbox 518 4346 646 4405; x_wconf 89' lang='lat' dir='ltr'>basibus</span> <span class='ocrx_word' id='word_1_298' title='bbox 671 4346 856 4427; x_wconf 86' lang='lat' dir='ltr'>indigentes.</span> <span class='ocrx_word' id='word_1_299' title='bbox 881 4348 1050 4408; x_wconf 89' lang='lat' dir='ltr'>Cameram</span> <span class='ocrx_word' id='word_1_300' title='bbox 1074 4348 1291 4407; x_wconf 78' lang='lat' dir='ltr'>immentalem</span> <span class='ocrx_word' id='word_1_301' title='bbox 1315 4350 1510 4428; x_wconf 90' lang='lat' dir='ltr'>reparatione</span> <span class='ocrx_word' id='word_1_302' title='bbox 1537 4369 1646 4410; x_wconf 87' lang='lat' dir='ltr'>neces·</span> 
     </span>
     <span class='ocr_line' id='line_1_37' title="bbox 372 4452 1648 4539; baseline 0.004 -28"><span class='ocrx_word' id='word_1_303' title='bbox 372 4452 498 4512; x_wconf 90' lang='lat' dir='ltr'>sariam.</span> <span class='ocrx_word' id='word_1_304' title='bbox 521 4454 694 4513; x_wconf 91' lang='lat' dir='ltr'>Fomacem</span> <span class='ocrx_word' id='word_1_305' title='bbox 720 4454 888 4533; x_wconf 89' lang='lat' dir='ltr'>pistoream</span> <span class='ocrx_word' id='word_1_306' title='bbox 912 4457 1005 4534; x_wconf 88' lang='lat' dir='ltr'>plane</span> <span class='ocrx_word' id='word_1_307' title='bbox 1036 4455 1148 4514; x_wconf 89' lang='lat' dir='ltr'>nullius</span> <span class='ocrx_word' id='word_1_308' title='bbox 1180 4456 1407 4517; x_wconf 88' lang='lat' dir='ltr'>aestimationis</span> <span class='ocrx_word' id='word_1_309' title='bbox 1439 4466 1470 4517; x_wconf 90' lang='lat' dir='ltr'>et</span> <span class='ocrx_word' id='word_1_310' title='bbox 1500 4458 1560 4516; x_wconf 92' lang='lat' dir='ltr'>hoc</span> <span class='ocrx_word' id='word_1_311' title='bbox 1591 4476 1648 4539; x_wconf 92' lang='lat' dir='ltr'>per</span> 
     </span>
     <span class='ocr_line' id='line_1_38' title="bbox 369 4560 536 4639; baseline 0.018 -22"><span class='ocrx_word' id='word_1_312' title='bbox 369 4560 536 4639; x_wconf 83' lang='lat' dir='ltr'>pigritiam.</span> 
     </span>
    </p>

    <p class='ocr_par' dir='ltr' id='par_1_8' title="bbox 371 4665 1649 4964">
     <span class='ocr_line' id='line_1_39' title="bbox 477 4665 1647 4750; baseline 0.005 -24"><span class='ocrx_word' id='word_1_313' title='bbox 477 4665 507 4727; x_wconf 84' lang='grc'>4.</span> <span class='ocrx_word' id='word_1_314' title='bbox 532 4666 694 4747; x_wconf 87' lang='lat' dir='ltr'>Gasparus</span> <span class='ocrx_word' id='word_1_315' title='bbox 719 4669 899 4745; x_wconf 90' lang='lat' dir='ltr'>Gyuranich</span> <span class='ocrx_word' id='word_1_316' title='bbox 923 4670 1050 4729; x_wconf 90' lang='lat' dir='ltr'>domum</span> <span class='ocrx_word' id='word_1_317' title='bbox 1082 4670 1230 4750; x_wconf 89' lang='lat' dir='ltr'>optimam</span> <span class='ocrx_word' id='word_1_318' title='bbox 1255 4690 1367 4730; x_wconf 89' lang='lat' dir='ltr'>novam</span> <span class='ocrx_word' id='word_1_319' title='bbox 1393 4671 1541 4731; x_wconf 86' lang='lat' dir='ltr'>assericio</span> <span class='ocrx_word' id='word_1_320' title='bbox 1564 4673 1647 4732; x_wconf 93' lang='lat' dir='ltr'>bono</span> 
     </span>
     <span class='ocr_line' id='line_1_40' title="bbox 371 4776 1649 4857; baseline 0.005 -26"><span class='ocrx_word' id='word_1_321' title='bbox 371 4782 454 4833; x_wconf 88' lang='lat' dir='ltr'>tecto</span> <span class='ocrx_word' id='word_1_322' title='bbox 489 4776 659 4852; x_wconf 89' lang='lat' dir='ltr'>provisam,</span> <span class='ocrx_word' id='word_1_323' title='bbox 690 4776 835 4835; x_wconf 89' lang='lat' dir='ltr'>horreum</span> <span class='ocrx_word' id='word_1_324' title='bbox 872 4776 1031 4855; x_wconf 91' lang='lat' dir='ltr'>antiquum</span> <span class='ocrx_word' id='word_1_325' title='bbox 1067 4778 1235 4853; x_wconf 90' lang='lat' dir='ltr'>ruinosum,</span> <span class='ocrx_word' id='word_1_326' title='bbox 1267 4799 1304 4837; x_wconf 86' lang='lat' dir='ltr'>ex</span> <span class='ocrx_word' id='word_1_327' title='bbox 1336 4798 1398 4857; x_wconf 92' lang='lat' dir='ltr'>quo</span> <span class='ocrx_word' id='word_1_328' title='bbox 1428 4787 1533 4837; x_wconf 90' lang='lat' dir='ltr'>tamen</span> <span class='ocrx_word' id='word_1_329' title='bbox 1566 4779 1649 4839; x_wconf 88' lang='lat' dir='ltr'>aliud</span> 
     </span>
     <span class='ocr_line' id='line_1_41' title="bbox 372 4881 1648 4964; baseline 0.005 -23"><span class='ocrx_word' id='word_1_330' title='bbox 372 4881 585 4943; x_wconf 84' lang='lat' dir='ltr'>aedificiolum</span> <span class='ocrx_word' id='word_1_331' title='bbox 611 4884 679 4943; x_wconf 89' lang='lat' dir='ltr'>lieri</span> <span class='ocrx_word' id='word_1_332' title='bbox 704 4894 816 4962; x_wconf 82' lang='lat' dir='ltr'>potest.</span> <span class='ocrx_word' id='word_1_333' title='bbox 838 4886 942 4943; x_wconf 85' lang='lat' dir='ltr'>Haras</span> <span class='ocrx_word' id='word_1_334' title='bbox 967 4904 1004 4944; x_wconf 81' lang='lat' dir='ltr'>ex</span> <span class='ocrx_word' id='word_1_335' title='bbox 1037 4885 1164 4964; x_wconf 87' lang='lat' dir='ltr'>antiqua</span> <span class='ocrx_word' id='word_1_336' title='bbox 1198 4887 1291 4946; x_wconf 91' lang='lat' dir='ltr'>dorno</span> <span class='ocrx_word' id='word_1_337' title='bbox 1322 4886 1421 4945; x_wconf 82' lang='lat' dir='ltr'>lactas</span> <span class='ocrx_word' id='word_1_338' title='bbox 1452 4888 1648 4964; x_wconf 88' lang='lat' dir='ltr'>reparatione</span> 
     </span>
    </p>
   </div>
   <div class='ocr_carea' id='block_1_5' title="bbox 0 0 1984 5550">
    <p class='ocr_par' dir='ltr' id='par_1_9' title="bbox 0 0 1984 5550">
     <span class='ocr_line' id='line_1_42' title="bbox 0 0 1984 5550; baseline 0 0"><span class='ocrx_word' id='word_1_339' title='bbox 0 0 1984 5550; x_wconf 95' lang='lat' dir='ltr'> </span> 
     </span>
    </p>
   </div>
  </div>
 </body>
</html>
