3934 5550
413 455 434 517 4

417 693 537 746 manez,
561 673 592 731 in
616 671 785 732 dominium
823 671 994 731 earundem
1018 680 1049 730 et
1073 671 1145 730 dicti
1180 670 1256 731 iuris
1280 670 1359 752 regii
1382 671 1413 730 in
1438 673 1556 732 eisdem
1590 672 1695 744 habiti,

416 780 639 859 statuissetque
663 780 792 840 easdem
816 788 847 839 et
871 778 952 839 idem
978 779 1106 855 eisdem,
1123 779 1323 858 ipsorumque
1346 779 1513 841 heredibus
1538 788 1569 840 et
1591 788 1695 860 poste-

418 887 568 963 ritatibus,
605 907 642 947 ac
665 885 812 947 fratribus
844 886 1029 960 carnalibus,
1054 887 1255 965 patruelibus
1287 906 1324 947 ac
1348 888 1642 967 generacionalibus
1665 896 1697 948 et

415 995 720 1070 condivisionalibus,
754 994 908 1055 nobilibus
939 994 1056 1055 scilicet
1089 995 1220 1073 pretacti
1243 995 1357 1075 Campi
1381 996 1604 1077 Zagrabiensis
1627 995 1694 1056 uni·

415 1103 523 1177 versis,
547 1103 638 1163 simul
653 1123 723 1163 cum
741 1103 860 1162 cunctis
884 1102 948 1161 suis
971 1102 1163 1176 utilitatibus,
1179 1103 1330 1180 premisse
1354 1121 1436 1163 nove
1460 1105 1641 1165 donacionis
1665 1112 1696 1164 et

417 1210 493 1271 iuris
516 1210 596 1290 regii
618 1210 714 1269 titulis
738 1209 813 1288 ipsis
838 1208 1089 1269 incumbentibus
1112 1217 1264 1288 perpetuo
1287 1210 1520 1287 possidendum,
1535 1213 1619 1272 nullo
1643 1231 1694 1290 pe-

416 1319 499 1378 nitus
534 1317 609 1377 inibi
646 1326 759 1377 extunc
785 1326 816 1377 et
839 1336 941 1395 neque
977 1323 1088 1395 expost
1122 1317 1172 1375 hic
1204 1335 1310 1377 coram
1344 1319 1435 1378 nobis
1470 1320 1698 1379 contradictore

418 1433 598 1503 apparente,
630 1423 789 1504 legittimis
822 1443 858 1482 ac
891 1422 1039 1504 congruis
1064 1431 1095 1482 et
1118 1423 1343 1484 sufficientibus
1366 1425 1476 1485 diebus
1499 1427 1585 1486 iuxta
1609 1427 1698 1506 regni

418 1533 675 1593 consvetudinem
693 1533 811 1593 eisdem
837 1532 925 1612 regio
949 1541 982 1592 et
1003 1540 1119 1605 nostro,
1139 1532 1254 1610 pariter
1279 1540 1310 1592 et
1333 1533 1424 1593 dictis
1447 1533 1557 1594 vicinis
1581 1534 1697 1594 ibidem

418 1640 674 1720 permanentibus
698 1648 730 1700 et
752 1659 872 1700 moram
896 1639 1077 1699 continuam
1100 1639 1361 1718 protrahentibus.
1394 1642 1428 1699 ln
1452 1641 1541 1701 cuius
1564 1641 1609 1701 rei
1632 1661 1697 1702 rne-

418 1749 548 1810 moriam
574 1757 605 1808 et
628 1747 848 1822 testimonium,
865 1747 1105 1826 firmitatemque
1121 1756 1305 1826 perpetuam
1321 1759 1483 1826 presentes
1506 1748 1613 1808 literas
1643 1769 1698 1808 no·

415 1866 497 1918 stras
525 1857 737 1936 privilegiales
761 1855 927 1934 pendentis
951 1863 982 1914 et
1007 1855 1155 1915 autentici
1179 1855 1271 1934 sigilli
1295 1856 1392 1915 nostri
1415 1856 1585 1916 munimine
1608 1857 1698 1916 robo-

416 1973 510 2045 ratas,
534 1963 715 2024 memoratis
751 1965 892 2055 Maptheo
924 1963 1051 2022 literato
1080 1963 1284 2039 Zalathnoky,
1309 1982 1346 2022 ac
1378 1962 1446 2022 aliis
1468 1964 1697 2042 suprascriptis,

418 2072 573 2132 nobilibus
597 2071 715 2131 scilicet
738 2071 811 2131 dicti
835 2070 948 2149 Campi
965 2070 1199 2150 ZagrabiensiS,
1223 2071 1453 2149 heredibusque
1477 2080 1509 2130 et
1532 2071 1696 2150 posterita-

407 2180 501 2240 tibus
532 2179 703 2239 eorundem
736 2178 897 2256 utriusque
929 2197 1023 2237 sexus
1046 2177 1200 2237 universis
1227 2186 1379 2256 perpetuo
1403 2179 1552 2238 valituras
1575 2179 1697 2239 dandas

421 2287 565 2346 duximus
590 2295 621 2345 et
645 2286 873 2346 concedendas.
906 2285 1021 2344 Datum
1047 2293 1134 2344 sexto
1159 2285 1281 2344 decimo
1304 2285 1356 2345 die
1379 2285 1441 2345 diei
1457 2285 1700 2345 iutroduccionis

416 2402 447 2454 et
471 2393 654 2454 statucionis
669 2401 912 2472 prenotatarum,
929 2412 1012 2453 anno
1029 2391 1146 2452 domini
1168 2393 1322 2452 milesimo
1338 2392 1590 2471 quingentesimo
1606 2409 1695 2453 sexa-

413 2501 534 2580 gesimo
562 2501 671 2579 primo,

523 2642 668 2712 Originale
695 2641 917 2706 membraneum,
942 2655 1051 2694 azona
1078 2641 1188 2694 sericea
1217 2640 1302 2704 rubri,
1321 2639 1384 2693 flavi
1413 2647 1442 2692 ot
1469 2641 1566 2692 viridis
1599 2640 1702 2693 coloris

417 2733 524 2799 pendet
544 2731 674 2803 sigillum.
694 2731 724 2785 ln
744 2731 858 2785 archivo
877 2745 1020 2784 commun.
1040 2730 1106 2783 nob.
1126 2729 1163 2783 de
1181 2729 1343 2799 Turopolje.

518 2846 535 2922 ’¹
553 2892 596 2949 23.
617 2892 720 2963 aprilis.

1038 3178 1081 3252 2.

529 3383 622 3440 Anno
652 3377 743 3440 1561.
768 3377 819 3439 20.
843 3380 924 3440 maii.
949 3381 982 3439 ln
1008 3399 1080 3440 arce
1103 3379 1281 3441 Ebersdorl.

419 3572 665 3636 Ferdz'nondus
688 3572 713 3635 I.
736 3571 946 3657 Hungariae
961 3576 1021 3636 etc.
1040 3592 1110 3650 rex,
1133 3572 1283 3655 capitulo
1299 3571 1525 3657 Zugrubiensi
1547 3571 1701 3651 ntur-rdet,

421 3684 459 3743 ul
484 3678 614 3742 nobiles
639 3676 912 3763 Czwethkowych
935 3680 970 3743 iu
992 3679 1244 3765 possessionem
1276 3680 1459 3764 Woynoscz
1481 3701 1571 3744 arona
1594 3680 1701 3743 dona-

751 3786 844 3849 tione
868 3786 952 3871 ipsis
975 3786 1143 3864 collatum,
1166 3786 1371 3850 introducat.

527 4004 744 4063 Ferdinandus
768 4003 873 4063 divina
897 4003 1022 4062 favente
1047 4004 1211 4062 clementia
1230 4006 1440 4062 Romanorum
1462 4005 1579 4063 electus
1603 4003 1699 4080 impe·

420 4121 505 4173 rator
529 4130 653 4189 semper
678 4118 840 4191 augustus
865 4130 902 4170 ae
926 4110 1125 4183 Germaniae,
1151 4110 1342 4188 Hungariae,
1366 4110 1537 4170 Bohemiae
1561 4119 1619 4171 etc.
1644 4128 1698 4170 rex

424 4228 490 4293 etc,
511 4219 654 4279 fidelibus
669 4219 783 4277 nostris
807 4217 1040 4277 honorabilibus
1064 4216 1199 4295 capitulo
1223 4218 1374 4277 ecclesiae
1404 4217 1626 4297 Zagrabiensis
1650 4237 1699 4276 sa-

421 4328 516 4386 lutem
541 4334 572 4385 et
595 4325 738 4404 gratiam.
763 4326 868 4401 Quum
885 4344 953 4401 nOS,
976 4344 1047 4383 cum
1073 4325 1112 4382 ad
1136 4325 1353 4384 nonnullorum
1370 4325 1507 4384 fidelium
1524 4333 1699 4385 nostrorum

424 4433 571 4493 humilem
596 4432 855 4511 supplicationem
879 4431 1034 4491 maiestati
1058 4440 1184 4490 nostrae
1209 4440 1375 4508 propterea
1390 4431 1514 4504 factam,
1537 4440 1602 4490 tum
1624 4449 1699 4491 vero

423 4540 548 4599 attentis
573 4549 604 4599 et
628 4538 832 4600 consideratis
855 4539 1012 4612 fidelitate,
1036 4539 1236 4616 fideliumque
1261 4539 1456 4598 servitiorum
1482 4540 1599 4599 meritis
1622 4541 1697 4599 fide·

421 4648 494 4707 lium
526 4658 702 4707 nostrorum
738 4646 885 4707 nobilium
921 4646 1048 4706 Martini
1078 4646 1345 4722 Czwethkowych
1377 4647 1416 4705 de
1446 4648 1635 4723 Woynoscz,
1659 4666 1697 4706 ac

421 4754 582 4833 Stephani,
619 4756 779 4833 GaspariS,
815 4754 988 4826 Michaelis
1023 4754 1176 4812 Matthaei
1216 4762 1247 4812 et
1284 4754 1372 4813 Pauli
1402 4755 1544 4829 tiliorum,
1575 4774 1698 4815 necnon

422 4863 564 4922 Thomae
597 4874 628 4922 et
661 4864 785 4923 loannis
816 4863 955 4923 similiter
988 4861 1253 4939 Czwethkowych
1290 4863 1330 4921 de
1366 4863 1476 4923 eadem
1510 4864 1697 4939 Woynoscz,

423 4969 618 5056 patruelium,
632 4990 669 5029 ac
693 4972 785 5049 Petri,
798 4967 936 5035 Mathaei
963 4978 993 5037 et
1017 4970 1043 5034 T
1045 4968 1157 5035 homae
1183 4970 1378 5052 Santhorych
1404 4979 1435 5029 et
1459 4969 1607 5035 Anthonii
1624 4970 1697 5035 Kta-
