3934 5550
1518 448 1582 523 135

295 662 516 741 Suazthouich,
551 664 676 743 fiscalis
712 666 861 729 Nicolaus
896 666 1086 747 liouaczich,
1120 669 1229 734 Simon
1252 673 1419 736 Pliuschalr
1456 684 1487 734 et
1519 675 1576 734 Mi·

298 776 386 833 chael
410 776 575 849 Musinich,
600 795 778 836 assessores
811 777 895 837 sedis
926 778 1107 839 iudiciariae
1130 781 1281 841 nobilium
1313 782 1426 861 Campi
1456 784 1576 862 Zagra·

296 882 414 942 biensis
438 882 526 942 aliter
550 884 793 963 Turopoliensis,
817 892 849 945 et
872 885 989 946 Paulus
1016 888 1198 966 Ztepanich,
1214 890 1364 950 vexillifer
1388 890 1575 963 eorundem;

298 989 432 1049 Michael
462 990 537 1050 item
570 988 767 1051 Laczlrouich
804 1012 841 1051 ac
874 994 1007 1053 loannes
1039 996 1275 1073 Zenlrouachky
1308 997 1396 1059 aliter
1427 998 1575 1073 Valycza,

295 1096 416 1156 nobiles
440 1082 580 1157 eiusdem
604 1098 727 1176 Campi,
744 1099 808 1158 suis
826 1109 857 1158 et
872 1100 1011 1179 ipsorum
1032 1103 1264 1163 communitatis
1287 1104 1464 1163 nominibus
1488 1110 1519 1163 et
1543 1103 1574 1162 in

292 1204 434 1282 personis
467 1205 542 1263 lassi
574 1214 646 1264 sunt
677 1224 715 1265 eo
746 1208 848 1278 mod0,
890 1209 974 1287 quod
1006 1219 1149 1268 recenter
1181 1210 1314 1270 evolutis
1346 1211 1457 1270 diebus
1491 1210 1572 1268 idem

295 1312 470 1371 vicecomes
493 1321 591 1372 totam
616 1315 724 1373 sedem
756 1314 893 1393 ipsorum
925 1316 1076 1381 nobilium
1106 1316 1220 1396 Campi
1250 1317 1452 1394 iudiciariam,
1481 1336 1571 1394 prae·

294 1426 380 1478 textu
405 1420 559 1479 violentae
586 1420 749 1480 cuiusdam
781 1422 968 1481 detentionis
1000 1424 1122 1501 providi
1153 1406 1278 1484 loannis
1309 1425 1440 1495 Zacher,
1472 1424 1572 1483 coloni

294 1528 349 1599 sui,
373 1547 429 1606 per
453 1528 586 1587 eandem
619 1528 726 1587 sedem
759 1528 963 1588 comitatuum
994 1531 1219 1610 Zagrabiensis
1243 1540 1274 1591 et
1297 1530 1467 1592 Crisiensis
1494 1532 1571 1591 iudi·

293 1634 421 1693 ciariam
446 1634 477 1692 in
501 1634 594 1693 certis
618 1634 800 1694 iudiciorum
833 1636 979 1697 oneribus
1004 1637 1147 1697 convinci
1171 1646 1202 1697 et
1227 1638 1397 1717 aggravari
1422 1648 1572 1713 curasset,

292 1761 329 1801 ac
347 1742 474 1801 ulterius
498 1762 623 1821 quoque
647 1751 711 1801 tam
736 1762 792 1821 pro
817 1744 1027 1822 captivatione
1052 1754 1083 1805 et
1106 1746 1174 1805 aliis
1198 1746 1360 1825 quibusvis
1384 1746 1502 1805 iniuriis
1517 1765 1573 1824 per

293 1851 435 1909 diversos
466 1850 586 1909 nobiles
615 1849 737 1928 Campi,
769 1859 910 1929 tempore
943 1853 1162 1931 captivationis
1185 1854 1283 1932 ipsius
1307 1853 1409 1913 coloni
1432 1854 1572 1931 patratis,

283 1976 386 2035 quam
411 1956 505 2016 etiarn
529 1976 585 2035 pro
610 1956 746 2016 ulteriori
771 1958 911 2018 eiusdem
934 1969 1005 2039 post
1028 1962 1127 2019 latum
1150 1961 1319 2039 superinde
1343 1960 1490 2019 iudicium
1515 1960 1571 2020 de-

289 2065 435 2136 tentione,
460 2064 602 2124 diversas
625 2066 770 2143 querelas
795 2074 825 2123 et
849 2067 1071 2144 acquisitiones
1095 2087 1222 2127 movere
1247 2067 1425 2142 habuisset;
1450 2088 1487 2127 ex
1512 2070 1566 2127 ad·

290 2190 381 2230 verso
412 2190 488 2231 vero
520 2172 727 2231 communitas
751 2180 782 2231 et
806 2174 897 2232 sedes
930 2172 1053 2252 Campi,
1084 2195 1202 2234 novum
1225 2176 1255 2234 in
1280 2175 1461 2253 praemissis
1490 2174 1568 2234 iudi·

289 2279 370 2338 cium
402 2279 527 2355 habere,
558 2293 691 2358 seseque
724 2279 896 2360 privilegiis
928 2282 993 2340 suis
1024 2300 1081 2359 pro
1112 2282 1290 2341 detentione
1314 2262 1489 2361 praemissa
1512 2284 1577 2342 de-.

287 2386 424 2463 tendere,
460 2395 490 2446 et
525 2387 640 2446 fiscalis
676 2406 801 2465 quoque
834 2396 866 2447 et
898 2389 948 2448 alii
981 2389 1097 2449 diversi
1129 2389 1249 2450 nobiles
1280 2389 1421 2449 eiusdem
1453 2388 1568 2468 Campi

290 2504 392 2575 certas
423 2495 586 2555 viceversa
619 2514 693 2553 suas
725 2495 960 2573 praetensiones
987 2506 1096 2557 contra
1127 2498 1229 2575 ipsum
1265 2498 1338 2557 dicti
1372 2498 1565 2557 vicecomitis

288 2602 445 2660 subditum
471 2621 597 2661 movere
623 2602 801 2663 voluissent.
825 2604 964 2664 Eaedem
989 2612 1095 2663 tamen
1118 2613 1224 2683 partes
1241 2606 1281 2664 ad
1297 2605 1566 2683 interpositionem

286 2708 410 2789 egregii
434 2708 577 2790 magistri
601 2709 726 2767 loannis
750 2711 929 2788 Zalmardy
954 2705 1000 2770 de
1019 2712 1211 2786 Diankoucz,
1227 2713 1453 2791 prothonotarii
1476 2712 1567 2792 regni

285 2817 472 2876 Scluuoniae
500 2817 608 2892 (salvis
632 2817 802 2896 privilegiis
820 2817 917 2897 ipsius
933 2819 1164 2878 communitatis
1187 2820 1397 2896 manentibus)
1416 2821 1456 2879 ad
1472 2821 1566 2879 talem

285 2925 482 2984 concordiam
519 2925 740 2984 devenissent:
776 2925 926 3002 imprimis
962 2926 1062 2984 dictus
1099 2927 1275 2986 vicecomes
1309 2929 1437 2986 totalem
1473 2946 1563 2986 suam

285 3033 520 3110 acquisitionem
547 3032 762 3110 praemissam,
787 3033 817 3091 in
842 3034 917 3092 sede
934 3034 1088 3093 dictorum
1104 3035 1307 3094 comitatuum
1325 3045 1434 3094 contra
1450 3054 1560 3112 saepe-

286 3139 400 3199 dictam
432 3140 539 3199 sedern
573 3139 687 3218 Campi
719 3142 813 3199 latam
846 3149 877 3199 et
907 3140 1077 3214 obtentam,
1109 3161 1147 3200 ac
1178 3142 1255 3201 alias
1286 3142 1450 3201 universas
1488 3162 1561 3201 suas

286 3247 514 3325 acquisitiones
538 3267 618 3325 quas
642 3248 807 3307 occasione
824 3247 1006 3307 iniuriarum
1026 3249 1088 3326 ipsi
1112 3249 1213 3309 coloni
1237 3269 1294 3309 suo
1319 3251 1479 3328 hucusque
1496 3251 1561 3309 illa-

284 3363 396 3428 tarum,
419 3363 482 3413 tarn
507 3361 617 3414 contra
648 3356 755 3414 sedem
780 3353 901 3433 Campi,
926 3375 1022 3434 quam
1045 3365 1153 3416 contra
1177 3357 1317 3436 privatos
1341 3356 1481 3416 eiusdem
1505 3376 1560 3416 no·

283 3461 361 3520 biles
393 3480 520 3521 movere
553 3461 714 3540 potuisset,
744 3462 845 3522 eidem
880 3463 1094 3522 communitati
1125 3463 1239 3541 Campi
1263 3483 1319 3542 per
1342 3463 1447 3522 omnia
1471 3464 1561 3523 remi-

284 3569 376 3628 sisset
408 3577 439 3628 et
470 3571 650 3642 relaxasset,
681 3549 851 3650 literaeque
882 3579 914 3630 et
946 3571 1022 3633 liter.
1050 3571 1255 3631 instrumenta
1278 3573 1394 3630 lactum
1420 3571 1562 3630 eiusdem

283 3676 494 3754 acquisitionis
528 3685 694 3756 tangentes
726 3685 757 3736 et
787 3677 1033 3751 concernentia„
1049 3698 1166 3750 cassas,
1198 3687 1230 3738 et
1263 3679 1380 3738 viribus
1405 3679 1557 3738 carituras

282 3783 527 3860 pronunciasset,
550 3784 597 3843 Ex
622 3785 756 3843 adverso
780 3803 855 3843 vero
879 3785 951 3843 dicti
970 3785 1152 3862 capitaneus
1176 3793 1207 3844 et
1230 3804 1418 3860 assessores,
1442 3804 1479 3845 ac
1502 3804 1558 3844 no·

282 3890 359 3950 biles
383 3899 414 3950 et
437 3899 665 3969 consequenter
689 3891 895 3950 communitas
919 3891 1042 3969 Campi,
1064 3892 1228 3952 universas
1252 3893 1391 3952 similiter
1414 3901 1558 3970 praeten-

282 3997 387 4057 siones
410 4017 484 4057 suas
509 4004 539 4058 et
562 3998 789 4076 requisitiones,
813 4017 892 4076 quas
916 4008 1025 4058 contra
1048 3998 1166 4058 dictum
1186 4000 1342 4059 subditum
1367 3999 1560 4058 vicecomitis

281 4105 433 4183 praedicti
465 4106 533 4184 pari
564 4105 657 4164 modo
689 4105 832 4164 suscitari
863 4106 1026 4185 hucusque
1059 4107 1242 4185 potuissent,
1270 4106 1405 4166 totaliter
1437 4125 1559 4166 cassas·

281 4222 351 4273 sent
375 4221 406 4272 et
430 4213 679 4276 annichilassent.
704 4232 742 4272 ac
765 4213 892 4294 insuper
916 4215 1061 4273 colonum
1085 4215 1219 4274 eundem
1240 4234 1312 4273 mox
1336 4223 1368 4273 et
1391 4214 1458 4290 ipso
1474 4213 1558 4272 iacto

281 4340 318 4380 ex
343 4321 520 4380 carceribus
544 4321 726 4380 dimissuros
751 4340 821 4380 esse
845 4322 1144 4400 compromisissent.

384 4460 529 4531 Originale
547 4463 736 4534 chartaceum.
755 4461 861 4514 Subtus
880 4478 1049 4534 appressum
1069 4462 1199 4532 sigillum.
1226 4466 1257 4515 ln
1276 4461 1390 4540 archivo
1409 4477 1555 4515 commun.

279 4551 345 4604 nob.
364 4551 401 4604 de
419 4551 581 4620 TuropolJ'e.
