3934 5550
423 397 466 459 48

427 616 502 675 iuris
538 615 737 694 aequitatem,
773 613 971 692 iustitiaeque
1004 612 1268 690 complementum
1298 612 1533 690 postulaverant
1564 610 1705 691 elargiri;

431 742 540 783 verum
572 723 654 801 quia,
678 731 770 801 prout
801 721 882 781 idem
916 720 1074 799 quondam
1107 720 1253 780 dominus
1289 720 1401 779 Petrus
1435 718 1603 795 Erdewdy,
1635 719 1712 779 alias

427 832 537 905 banus,
562 850 600 889 ex
624 843 732 889 tenore
757 836 788 887 et
811 827 1009 887 continentiis
1033 828 1246 905 praefatarum
1271 828 1430 887 literarum
1454 826 1528 886 dicti
1552 828 1710 906 quondam

426 939 543 999 domini
579 937 731 998 Ludouici
768 936 853 1016 regis
889 936 1200 1013 adiudicatoriarum,
1236 955 1292 1014 per
1327 935 1486 1014 praefatos
1522 936 1644 995 nobiles
1678 935 1709 995 in

426 1066 555 1107 causam
579 1054 729 1106 attractos
742 1044 774 1105 in
792 1044 1078 1122 comprobationem
1101 1044 1212 1103 iurium
1237 1062 1363 1103 suorum
1388 1044 1610 1121 productarum
1636 1042 1709 1102 edo·

425 1155 563 1227 cebatur,
595 1153 676 1212 inter
704 1152 864 1230 praelatos
895 1151 1015 1212 nobiles
1039 1150 1217 1229 praediales
1253 1151 1292 1210 ab
1329 1168 1400 1223 una,
1433 1160 1522 1229 parte
1559 1168 1634 1210 vero
1670 1149 1710 1209 ab

428 1265 527 1323 altera
559 1262 676 1322 dictum
701 1261 859 1341 quondam
883 1260 1057 1340 Georgium
1092 1260 1313 1331 marchionem,
1345 1259 1466 1319 ratione
1490 1267 1521 1319 et
1546 1267 1708 1337 praetextu

426 1378 582 1431 certarum
617 1370 814 1449 quarundam
849 1368 1077 1442 violentiarum,
1113 1367 1308 1441 damnorum,
1333 1365 1513 1427 iniuriarum
1546 1375 1577 1425 et
1609 1385 1706 1426 nocu-

427 1486 612 1551 mentorum,
635 1477 769 1556 primum
794 1495 899 1536 coram
924 1476 1067 1554 praelato
1092 1475 1217 1535 domino
1234 1476 1327 1535 Petro
1344 1476 1486 1553 Beryzlo‚
1500 1476 1592 1551 bano,
1606 1494 1708 1554 quan-

426 1589 499 1648 dam
523 1605 652 1646 causam
677 1596 794 1645 motam
818 1584 924 1656 luisse,
947 1584 1138 1663 tandemque
1163 1584 1296 1643 eandem
1318 1583 1474 1662 perviam
1491 1583 1707 1662 appellationis

426 1695 458 1755 in
482 1694 693 1773 praesentiam
725 1692 797 1753 dicti
829 1692 987 1770 quondam
1020 1690 1136 1751 domini
1168 1690 1320 1750 Ludouici
1350 1691 1435 1770 regis
1467 1691 1643 1765 deductam,
1676 1691 1706 1749 in

428 1801 668 1881 huiusmodique
693 1800 909 1861 violentiarum
933 1816 1031 1859 causa
1063 1798 1209 1859 iudicium
1234 1800 1350 1858 lactum
1374 1798 1479 1873 luisse,
1504 1799 1543 1858 de
1567 1799 1706 1879 proprie·

428 1917 493 1969 tate
516 1900 645 1969 tandem
669 1908 742 1968 dicti
766 1907 885 1968 castelli
909 1908 1106 1981 Lwlrawecz,
1130 1907 1208 1967 inter
1233 1906 1362 1966 easdem
1381 1916 1488 1985 partes
1512 1908 1627 1967 nullam
1651 1906 1707 1966 dil-

427 2016 601 2087 lerentiam,
625 2025 657 2076 et
680 2034 718 2075 ex
742 2015 945 2093 consequenti
968 2015 1086 2074 nullum
1110 2012 1258 2074 iudicium
1281 2013 1398 2074 factum
1414 2014 1519 2091 fuisse,
1545 2033 1583 2075 ex
1606 2032 1706 2094 eoque

426 2123 605 2183 huiusmodi
635 2123 752 2197 literae,
785 2124 825 2183 ad
856 2123 1032 2182 docendum
1063 2122 1131 2195 hoc,
1167 2123 1251 2200 quod
1285 2122 1511 2201 praescriptum
1543 2123 1704 2182 castellum

427 2234 613 2293 kaawecz
631 2231 841 2310 praescriptos
865 2230 984 2290 nobiles
1009 2231 1039 2289 in
1064 2248 1193 2289 causam
1227 2237 1375 2289 attractos
1402 2230 1493 2303 bono,
1526 2228 1705 2309 optimoque

427 2342 493 2400 iure
507 2338 716 2400 haereditario
745 2346 921 2411 concernat,
947 2338 1170 2397 insufficientes
1194 2356 1273 2411 esse,
1298 2336 1439 2415 praefato
1463 2338 1621 2417 quondam
1648 2338 1701 2397 do·

426 2447 510 2507 mino
534 2448 628 2506 Petro
655 2446 822 2523 Erdewdy,
855 2446 933 2505 alias
956 2446 1048 2520 bano,
1073 2464 1111 2505 ac
1134 2445 1287 2504 vicebano
1311 2464 1377 2519 suo,
1400 2444 1552 2524 magistro
1576 2445 1702 2523 protho-

426 2555 548 2614 notario
572 2553 670 2633 regni,
694 2552 848 2613 iudicibus
871 2552 1029 2625 nobilium,
1053 2552 1247 2630 caeterisque
1264 2552 1372 2613 iuratis
1389 2552 1603 2612 assessoribus
1618 2552 1702 2623 sedis

425 2680 502 2721 suae
526 2659 715 2736 iudiciariae,
739 2679 810 2719 cum
834 2660 902 2739 ipso
925 2660 957 2719 in
981 2660 1176 2720 discussione
1193 2658 1368 2738 praesentis
1392 2678 1508 2719 causae
1532 2659 1563 2719 in
1588 2658 1702 2719 iudicio

424 2767 634 2846 existentibus,
658 2768 760 2828 visum
791 2768 901 2841 iuerat,
927 2767 966 2827 de
994 2787 1126 2846 quorum
1158 2767 1287 2828 consilio
1319 2776 1528 2846 praematuro,
1560 2777 1591 2828 et
1625 2787 1703 2828 sana

424 2877 655 2948 deliberatione,
670 2876 904 2954 rationibusque
927 2887 959 2936 et
983 2876 1087 2936 causis
1111 2895 1149 2936 ex
1174 2875 1427 2954 praedeclaratis,
1451 2876 1519 2954 ipso
1542 2877 1700 2954 quondam

423 2985 550 3045 domino
573 2985 667 3044 Petro
690 2984 857 3060 Erdewdy,
882 2983 960 3043 alias
988 2985 1078 3058 ban0,
1112 2991 1291 3061 praetactas
1323 2983 1437 3056 literas,
1469 3002 1524 3062 per
1555 2984 1701 3044 iamlatos

421 3092 453 3152 in
477 3111 605 3151 causam
638 3097 789 3150 attractos
820 3090 852 3149 in
883 3091 1170 3168 comprobationem
1204 3091 1317 3150 iurium
1348 3109 1476 3150 suorum
1500 3109 1607 3151 coram
1630 3091 1700 3169 ipso

422 3199 599 3278 productas,
624 3198 665 3257 ad
688 3198 864 3258 docendum
887 3199 957 3271 hoc,
981 3199 1066 3276 quod
1089 3197 1206 3258 dictum
1231 3198 1394 3258 castellum
1411 3199 1607 3272 Lwlrawecz,
1631 3217 1701 3258 eos·

422 3307 494 3366 dem
517 3306 549 3364 in
572 3323 700 3365 causam
726 3312 876 3364 attractos
899 3307 991 3378 bono,
1007 3305 1188 3384 optimoque
1205 3305 1272 3365 iure
1288 3306 1497 3366 haereditario
1521 3315 1698 3383 concernat,

421 3414 645 3474 insufficientes
668 3433 739 3474 esse
763 3415 971 3486 decernendo,
992 3413 1173 3492 eisdemque
1188 3414 1220 3473 in
1237 3433 1365 3474 causam
1391 3413 1530 3474 attractis
1555 3416 1596 3475 ad
1620 3415 1700 3475 eius·

423 3521 494 3580 dem
519 3522 656 3591 condam,
678 3519 795 3581 domini
818 3521 903 3581 Petri
933 3522 1100 3597 Erdewdy,
1135 3521 1212 3582 alias
1243 3521 1324 3594 bani,
1356 3521 1541 3602 legittimam
1571 3521 1700 3601 requisi·

423 3629 549 3701 tionem,
582 3629 680 3688 semel
712 3637 805 3707 atque
833 3629 944 3688 iterum
968 3638 1001 3689 et
1023 3629 1115 3689 tertio
1137 3639 1209 3708 post
1242 3629 1350 3689 solitas
1373 3648 1497 3708 semper
1521 3629 1551 3689 in
1575 3649 1699 3708 proces·

423 3737 509 3796 sibus
541 3755 707 3796 causaram
738 3736 962 3815 prohibitiones
990 3737 1114 3812 factam,
1137 3737 1238 3796 nullas
1274 3736 1350 3797 alias
1385 3737 1491 3796 literas
1516 3746 1546 3796 et
1569 3738 1700 3798 literalia

420 3845 628 3903 instrumenta
662 3844 834 3922 producere
869 3845 1055 3916 valentibus,
1087 3845 1144 3904 sed
1175 3845 1206 3904 in
1239 3844 1426 3904 exhibitione
1459 3845 1600 3905 eiusdem
1633 3845 1697 3906 lite·

420 3970 525 4010 rarum
557 3950 782 4027 deficientibus,
814 3970 883 4012 cum
910 3952 993 4012 idem
1025 3953 1183 4030 quondam
1218 3952 1362 4011 dominus
1387 3953 1498 4011 Petrus
1529 3952 1697 4030 Erdewdy,

420 4058 498 4118 alias
527 4059 637 4128 banus,
666 4059 892 4137 praescriptum
924 4060 1086 4119 castellum
1111 4060 1306 4132 kaawecz,
1340 4059 1449 4139 vigore
1482 4059 1695 4138 praescriptae

419 4165 605 4237 donationis,
629 4166 712 4225 dicto
744 4166 870 4225 domino
894 4167 1036 4226 Thomae
1060 4167 1220 4244 Nadasdy,
1248 4167 1387 4246 palatino
1411 4174 1442 4226 et
1465 4167 1695 4240 locumtenenti,

419 4273 537 4345 factori,
561 4273 649 4332 reddi
673 4283 703 4333 et
727 4273 857 4332 restatui
888 4273 1004 4332 debere
1038 4274 1230 4334 decrevisset
1253 4284 1284 4334 et
1307 4274 1567 4354 pronunctiasset‚
1590 4275 1695 4334 huius-

420 4379 566 4460 modique
593 4380 784 4440 iudiciariam
803 4381 1059 4440 deliberationem
1078 4391 1109 4441 et
1129 4383 1317 4442 sententiam
1339 4401 1428 4442 suam
1452 4383 1593 4462 partibus
1609 4401 1696 4461 prae-

419 4487 509 4547 dictis
529 4486 725 4565 publicasset,
741 4488 900 4566 praefatus
919 4497 1102 4565 procurator
1119 4489 1149 4547 in
1171 4508 1299 4548 causam
1321 4497 1523 4550 attractorum
1539 4490 1694 4550 huismodi

418 4595 532 4655 iudicio
563 4595 660 4674 ipsius
691 4596 848 4674 quondam
881 4597 997 4655 domini
1030 4596 1114 4655 Petri
1138 4596 1303 4673 Erdewdy,
1329 4597 1405 4656 alias
1429 4598 1511 4671 bani,
1535 4617 1596 4658 non
1621 4617 1693 4658 con·

417 4711 531 4777 tentus,
563 4721 691 4762 causam
725 4705 858 4763 eandem
890 4703 921 4762 in
953 4705 1073 4764 curiam
1107 4705 1236 4784 regiam,
1261 4704 1378 4764 domini
1410 4705 1555 4765 videlicet
1586 4705 1695 4766 iudicis

419 4810 524 4870 curiae
547 4812 656 4891 regiae
684 4811 857 4872 maiestatis
880 4811 911 4870 in
935 4813 1155 4890 praesentiam,
1188 4830 1245 4891 per
1278 4813 1412 4872 eundem
1445 4813 1602 4892 quondam
1636 4814 1693 4873 Pe·

415 4930 498 4979 trum
528 4918 700 4994 Erdewdy,
735 4917 866 4997 banum,
897 4919 1064 4982 transmitti
1095 4921 1323 4998 postulaverat,
1355 4939 1448 4998 quam
1482 4921 1565 4981 idem
1598 4939 1697 4998 quon-
