3934 5550
1489 428 1554 489 225

270 653 391 725 larium,
415 669 511 729 quam
536 650 575 710 de
608 647 730 728 gremio
755 646 941 707 venerabilis
975 646 1102 725 capituli
1133 646 1286 706 ecclesiae
1317 644 1553 725 Zagrabiensis,

271 760 324 839 qui
348 760 389 819 ad
412 778 524 817 manus
548 756 657 817 haberi
680 763 826 835 poterant
856 755 1063 829 dominorum,
1098 755 1272 814 consultum
1306 753 1373 814 tore
1408 752 1551 827 iudicavi,

272 886 333 947 quo
357 873 554 945 quantocyus
576 863 725 923 universa
748 863 945 923 dominorum
970 871 1109 921 statuum
1133 870 1165 921 et
1188 862 1332 921 ordinum
1363 860 1452 940 regni
1475 860 1552 919 ban·

272 975 367 1050 deria,
391 974 534 1052 aliaeque
557 972 680 1032 vicinae
705 981 819 1051 gentes
842 971 873 1030 in
898 970 1046 1031 auxilium
1070 978 1166 1049 atque
1191 971 1232 1030 ad
1254 970 1468 1047 repellendum
1492 968 1549 1027 ini-

272 1082 394 1155 micum,
417 1080 470 1160 qui
493 1080 556 1140 iam
580 1078 747 1158 copiosiori
770 1098 901 1139 numero
925 1078 1083 1151 movisset,
1107 1085 1275 1157 partesque
1291 1078 1457 1137 Wnnanas
1474 1095 1551 1135 suae

272 1188 473 1250 iurisdictioni
490 1188 648 1249 subiectas
672 1188 789 1247 habere
813 1187 892 1247 velle
917 1186 1075 1260 niteretur,
1100 1185 1219 1245 directa
1237 1203 1347 1244 versus
1361 1184 1550 1263 praesidium

272 1299 374 1375 Nouy,
398 1296 493 1357 armis
516 1296 596 1357 bene
621 1295 781 1367 instructa,
798 1313 985 1373 annonaque
1009 1312 1066 1374 pro
1089 1291 1266 1372 quindecim
1290 1292 1400 1352 diebus
1416 1291 1551 1371 provisa,

271 1406 462 1466 festinarent.
484 1404 606 1465 idcirco
630 1422 788 1485 generosa
811 1402 981 1463 dominatio
1013 1408 1120 1461 vestra
1150 1408 1301 1479 tanquam
1332 1400 1445 1477 publici
1476 1399 1551 1459 boni

272 1514 398 1590 zelator,
424 1510 592 1591 assumptis
612 1511 643 1571 in
667 1510 837 1571 continenti
860 1510 1007 1591 gentibus
1040 1527 1134 1569 curae
1165 1526 1243 1567 suae
1274 1506 1469 1577 concreditis,
1501 1526 1551 1567 ar·

272 1622 392 1700 misque
417 1629 448 1680 et
472 1638 597 1681 annona
620 1618 801 1680 modalitate
825 1617 1019 1697 praescripta
1043 1615 1209 1690 instructis,
1233 1634 1272 1675 eo
1295 1615 1443 1676 testinare
1467 1623 1551 1674 sata·

271 1738 334 1810 get,
358 1730 537 1790 ulteriorem
561 1736 692 1788 eatenus
716 1728 747 1788 in
771 1727 916 1787 omnibus
940 1746 959 1787 a
983 1725 1147 1804 perillustri
1172 1724 1299 1784 domino
1315 1724 1469 1783 vicebano
1493 1723 1548 1783 ibi·

272 1838 343 1898 dem
368 1845 536 1915 acceptura
559 1836 708 1909 ordinem,
732 1854 835 1915 neque
867 1853 958 1894 secus
990 1834 1120 1893 tactura.
1152 1818 1256 1909 Quam
1286 1832 1318 1891 in
1349 1832 1468 1911 reliquo
1499 1832 1551 1892 diu

271 1943 447 2005 felicissime
471 1945 576 2004 valere
615 1951 738 2022 exopto,
773 1951 804 2002 et
838 1961 951 2003 maneo
981 1958 1157 2022 generosae
1191 1940 1394 2001 dominationi
1426 1948 1550 2001 vestrae

274 2052 391 2112 servire
415 2060 544 2131 paratus

526 2195 706 2275 Stephanus
729 2194 950 2267 Selischeuieh,
975 2192 1140 2271 episcopus
1165 2191 1387 2272 Zagrabiensis
1411 2212 1450 2253 m.
1475 2214 1504 2273 p.

379 2342 565 2421 Zagrabiae,
590 2340 620 2402 5.
645 2341 756 2415 martii,
780 2358 863 2400 anno
892 2336 974 2399 1698

376 2488 417 2546 ln
447 2488 581 2546 dorso:
618 2485 780 2545 Generoso
815 2484 940 2545 domino
972 2484 1066 2543 Petro
1096 2483 1347 2559 Szenkouachky
1384 2483 1550 2559 Wallicza,

269 2594 482 2653 universitatis
505 2593 654 2653 nobilium
678 2592 792 2672 Campi
815 2591 1038 2673 Zagrabiensis
1062 2591 1243 2670 Turopolya
1267 2589 1339 2651 dicti
1364 2591 1468 2652 comiti
1484 2601 1545 2653 ter-

267 2703 358 2763 restri
382 2711 449 2778 etc,
473 2702 598 2762 domino
622 2702 696 2762 mihi
720 2700 1015 2761 observandissimo.

373 2825 518 2896 Originale
538 2826 727 2893 chartaceum,
746 2843 764 2880 a
782 2834 864 2896 tergo
883 2841 1052 2894 oppressum
1072 2831 1117 2878 est
1136 2825 1269 2895 sigillum,
1287 2842 1345 2895 quo
1358 2825 1439 2879 litera
1451 2825 1548 2879 clausa

268 2923 336 2969 erat.
356 2917 387 2969 ln
406 2917 520 2970 archivo
540 2933 681 2970 commun.
702 2917 767 2971 nob.
788 2917 824 2970 de
843 2913 1007 2984 Turopolje.

861 3235 965 3308 1⁷⁷.

374 3436 464 3494 Anno
494 3432 586 3495 1698.
616 3433 663 3495 12.
688 3435 801 3514 aprilis,
825 3434 1011 3515 Zagrabiae.

265 3627 460 3713 Stephanus
484 3626 723 3708 Selischeuieh,
745 3628 925 3712 episcopus
956 3627 1209 3715 Zagrobiensiu
1233 3630 1354 3692 comiti
1387 3631 1547 3694 terrestri

271 3735 393 3821 Compi
435 3735 694 3822 Turopotiarrsr's
728 3734 918 3822 significat,
949 3739 989 3800 ut
1021 3735 1176 3800 homines
1209 3757 1292 3801 suos
1324 3741 1466 3822 paratos
1500 3738 1548 3802 ad

589 3844 782 3908 excundum
806 3847 927 3908 contra
950 3842 1082 3908 hostem
1106 3846 1225 3908 teneat.

478 4061 640 4121 Generose
663 4060 788 4120 domine
813 4060 886 4119 mihi
909 4060 1203 4122 observandissime.

372 4205 405 4263 In
421 4222 563 4282 nuperna
578 4203 774 4263 dominorum
789 4203 894 4279 inclyti
906 4202 998 4262 huius
1018 4203 1108 4283 regni
1119 4205 1346 4282 deputatorum,
1358 4205 1408 4263 hic
1424 4205 1455 4264 in
1471 4223 1543 4264 arce

264 4332 335 4372 mea
366 4312 523 4372 celebrata
554 4311 753 4386 conferentia,
786 4311 982 4391 exigentibus
1006 4311 1049 4371 ita
1073 4312 1309 4390 praesentaneis
1340 4312 1543 4372 confiniorum

266 4421 468 4480 Unnanorum
486 4419 733 4493 necessitatibus
749 4419 935 4499 praesertim
958 4419 1011 4479 ubi
1027 4419 1171 4480 inimicus
1195 4420 1226 4478 in
1249 4420 1362 4479 vicinio
1378 4419 1542 4498 copiosiori

263 4546 393 4588 numero
417 4536 638 4608 congregatus,
663 4529 774 4589 cadom
803 4527 938 4588 confinia
962 4527 993 4587 in
1017 4529 1111 4587 horas
1136 4537 1166 4587 et
1188 4535 1348 4587 momenta
1372 4546 1540 4608 aggressu·

263 4655 316 4695 rus
341 4644 567 4714 expectaretur,
591 4637 771 4696 conclusum
795 4636 894 4696 extitit
924 4635 1035 4710 taliter,
1060 4655 1122 4715 quo
1146 4645 1258 4716 gentes
1281 4636 1403 4696 vicinae
1434 4656 1540 4715 quem-

263 4745 431 4804 admodum
467 4751 498 4804 et
532 4743 679 4804 universa
710 4743 906 4803 dominorum
939 4751 1124 4823 magnatum
1160 4744 1319 4818 banderia,
1354 4745 1539 4804 necessariis

262 4851 405 4911 omnibus
430 4869 486 4929 pro
510 4851 694 4910 excursione
718 4851 852 4928 provisa,
877 4858 1050 4929 parataque
1075 4869 1109 4910 se
1134 4850 1293 4922 haberent,
1317 4858 1351 4909 ut
1374 4851 1540 4931 ingruente

261 4956 449 5018 necessitate
474 4968 505 5018 et
529 4945 658 5036 accepta
676 4958 775 5036 prima
800 4966 930 5018 eatenus
953 4958 1171 5032 insinuatione,
1187 4958 1268 5018 illico
1289 4976 1453 5018 excurrere
1469 4977 1538 5036 pos·

1435 5078 1470 5134 15
