3934 5550
834 636 941 711 104.

353 835 445 895 Anno
473 833 565 899 1694.
589 834 619 895 8.
644 836 838 915 septembris.
862 838 1049 917 Zagrabiae.

243 1028 401 1093 Adamas
424 1028 467 1094 de
489 1029 674 1115 Bartayan,
697 1029 817 1109 barrus,
841 1030 958 1095 comiti
980 1035 1060 1096 terr.
1087 1032 1209 1118 Corrrpi
1237 1034 1421 1119 Turopolio
1435 1056 1527 1099 com·

243 1137 360 1215 mittit,
383 1140 423 1202 ui
445 1158 524 1202 mem
547 1138 625 1203 suis
649 1137 849 1203 horninibus
872 1138 928 1203 die
951 1136 1004 1203 28.
1027 1145 1108 1225 sept.
1131 1140 1178 1205 ad
1192 1140 1349 1226 flrroium
1378 1142 1529 1227 Trepclra

638 1252 742 1331 pones
763 1244 897 1311 Bovich
920 1251 1124 1333 compareat.

456 1446 618 1506 Generose
642 1444 767 1505 domine
792 1444 891 1506 amice
915 1444 1005 1505 nobis
1029 1447 1235 1510 observande.

349 1554 488 1615 Salutem
514 1562 545 1613 et
568 1553 741 1613 olficiorum
766 1560 941 1613 nostrorum
966 1555 1281 1619 commendationem.
1305 1558 1441 1633 Quando
1458 1559 1523 1636 qui·

243 1662 314 1728 dem
338 1660 505 1721 terminum
528 1662 686 1743 generalis
710 1661 951 1737 insurrectionis,
975 1662 1059 1723 diem
1082 1663 1229 1724 videlieet
1265 1664 1314 1726 15.
1347 1668 1522 1744 praesentis

242 1769 359 1829 mensis
383 1770 569 1848 septembris
593 1788 648 1849 per
671 1788 729 1828 nos
753 1770 926 1848 praefixum
952 1778 983 1829 et
1007 1770 1158 1849 publicari
1189 1772 1315 1847 lactum,
1347 1774 1388 1832 ob
1420 1782 1523 1833 certas

242 1877 379 1937 rationes
402 1876 434 1936 in
457 1877 636 1938 dilationem
661 1896 785 1937 sumere
819 1877 1028 1951 debuerimus,
1064 1898 1272 1959 prorogamus
1307 1882 1442 1940 eundem
1478 1883 1518 1941 ad

243 1984 324 2044 diem
350 1982 402 2047 28.
427 1984 534 2044 itidem
557 1983 732 2064 praesentis
756 1983 873 2043 mensis
897 1985 1093 2062 septembris.
1117 1986 1191 2046 ldeo
1222 1987 1426 2047 dominationi
1450 2006 1520 2046 ves·

242 2100 308 2151 trae
325 2110 501 2172 generosae
524 2093 635 2151 harum
652 2098 828 2151 nostrarum
843 2091 933 2163 serie,
950 2092 1200 2171 authoritateque
1217 2101 1334 2170 nostra,
1351 2113 1414 2172 qua
1428 2095 1521 2173 pleno

242 2200 308 2259 iure
331 2199 490 2280 fungimur
513 2200 627 2275 banali,
651 2200 779 2260 firmiter
795 2198 1025 2278 praecipientes
1041 2200 1262 2260 committimus
1276 2209 1307 2261 et
1324 2202 1512 2261 mandamus

241 2316 397 2386 quatenus
421 2307 558 2386 acceptis
582 2306 808 2385 praesentibus,
831 2326 888 2387 pro
912 2316 1063 2368 annotata
1094 2308 1145 2367 die
1176 2305 1227 2368 28.
1258 2309 1353 2369 modo
1384 2309 1518 2369 labentis

245 2415 361 2475 mensis
393 2415 589 2494 septembris,
620 2415 661 2475 ad
690 2414 819 2475 fluvium
851 2415 996 2495 Trepcha
1027 2434 1125 2494 prope
1157 2416 1283 2489 Bovich,
1307 2435 1363 2494 per
1396 2435 1525 2493 passum

246 2522 368 2602 Degoy,
393 2522 444 2582 ubi
468 2542 547 2601 pons
571 2530 737 2597 extruetur,
761 2522 941 2582 modalitate
965 2522 998 2581 in
1021 2522 1175 2600 prioribus
1198 2522 1295 2581 literis
1323 2522 1438 2581 nostris
1462 2542 1516 2601 pu·

242 2629 411 2690 blicatoriis
435 2639 626 2707 expressata,
651 2629 771 2708 subque
795 2648 897 2707 poena
921 2637 1030 2689 contra
1053 2630 1200 2689 absentes
1214 2637 1340 2703 statuta,
1357 2637 1388 2688 et
1401 2629 1520 2708 absque

245 2746 389 2818 respectu
413 2736 593 2819 infligenda,
617 2736 815 2798 infallibiliter
838 2756 1020 2817 comparere
1045 2737 1129 2797 vellit
1153 2756 1191 2797 ac
1221 2744 1373 2812 teneatur,
1404 2736 1456 2811 ita,
1490 2745 1523 2796 ut

246 2846 448 2925 subsequenti
472 2845 524 2907 29.
548 2846 598 2906 die
621 2849 752 2906 lustrata
776 2846 891 2906 ibidem
915 2845 1031 2918 militia,
1054 2865 1127 2905 mox
1151 2843 1203 2905 30.
1226 2846 1277 2906 die
1301 2846 1431 2905 ulterius
1454 2864 1521 2904 mo·

243 2974 317 3015 vere
341 2955 448 3035 possit.
473 2954 643 3014 Caeterum
667 2954 782 3014 valebit
804 2953 943 3013 feliciter.
967 2953 1084 3012 Datum
1107 2953 1294 3033 Zagrabiae,
1329 2950 1358 3012 8.
1383 2960 1521 3031 septem·

246 3061 310 3122 bris
339 3059 423 3122 1694

351 3188 534 3252 Generosae
557 3187 777 3249 dominationis
801 3195 925 3248 vestrae
950 3187 1069 3246 amicus
1093 3187 1134 3245 ad
1157 3185 1261 3245 olficia
1283 3194 1413 3264 paratus

832 3333 950 3392 Comes
974 3331 1116 3392 Adamus
1140 3332 1179 3391 de
1204 3331 1361 3407 Batthyan
1384 3350 1425 3391 m.
1449 3350 1478 3407 p.

350 3483 384 3546 P.
407 3483 438 3545 S.
462 3483 618 3542 Vertatur.
641 3481 674 3540 P.
698 3480 729 3539 S.
766 3477 847 3538 Cum
883 3483 966 3536 recte
1002 3476 1063 3535 hac
1097 3475 1174 3534 hora
1210 3481 1312 3533 certas
1346 3473 1523 3552 fidedignas

244 3589 458 3669 acceperimus
481 3589 596 3664 literas,
619 3587 650 3646 in
674 3587 787 3665 quibus
811 3584 900 3644 nobis
923 3581 1076 3657 scribitur,
1100 3582 1184 3660 quod
1207 3581 1389 3640 Tartaricae
1413 3580 1523 3658 copiae

245 3698 284 3758 ad
310 3698 471 3757 armadam
495 3695 659 3755 Turcicam
683 3693 890 3774 pervenerint,
907 3690 1132 3768 intenduntque
1156 3688 1268 3749 alicubi
1292 3687 1430 3766 aliquam
1454 3706 1522 3748 cor-

244 3805 419 3883 ruptionem
442 3812 574 3880 tentare,
595 3801 701 3881 itaque
726 3799 895 3860 dominatio
920 3808 1026 3858 vestra
1050 3815 1214 3877 generosa,
1247 3795 1341 3855 etiam
1366 3804 1438 3855 ante
1462 3804 1522 3853 ter·

245 3914 363 3973 minum
388 3910 439 3973 28.
463 3911 506 3971 ita
530 3911 570 3970 sit
593 3917 713 3989 parata,
737 3916 770 3967 ut
795 3909 842 3966 vel
868 3907 908 3966 ad
932 3914 1073 3964 nostrum
1097 3903 1276 3964 ulteriorem
1300 3904 1450 3975 ordinem,
1475 3903 1524 3962 vel

246 4021 340 4081 etiam
365 4021 405 4080 ad
428 4019 661 4098 requisitionem
685 4015 841 4096 generalis
873 4013 1078 4074 confiniorum
1101 4010 1389 4083 Varasdinensium,
1414 4011 1523 4068 imme-

245 4129 329 4189 diate
354 4137 384 4188 et
408 4129 528 4206 absque
553 4126 614 4185 ulla
638 4143 726 4184 mora
750 4143 820 4182 cum
844 4122 908 4181 suis
933 4121 1104 4200 procedere
1122 4121 1242 4194 valeat;
1266 4137 1357 4178 secus
1374 4119 1432 4177 sub
1449 4139 1522 4198 gra·

246 4236 376 4296 vissima
400 4233 672 4295 animadversione
696 4232 872 4291 nullatenus
895 4229 1031 4288 factura.

353 4346 394 4404 ln
419 4345 557 4403 dorso:
594 4341 757 4400 Generoso
794 4338 918 4397 domino
954 4338 1048 4396 Petro
1083 4332 1240 4395 Vallicba¹
1263 4335 1524 4407 Szenlrouaohlry,

246 4453 360 4532 Campi
383 4449 571 4529 Turopoliae
596 4448 732 4508 commiti
746 4445 884 4507 terrestri
909 4454 975 4518 etc,
1002 4443 1103 4503 amico
1119 4443 1209 4502 nobis
1225 4441 1522 4502 observandissimo.

247 4560 327 4622 Cito.
352 4560 432 4623 Cito.
456 4559 536 4620 Cito.
560 4557 641 4618 Cito,

352 4683 496 4754 Originale
515 4682 705 4744 chartaceum,
725 4679 845 4750 sigillum
866 4695 883 4731 a
901 4678 997 4742 dors0,
1016 4692 1074 4746 quo
1093 4675 1173 4728 litera
1191 4675 1287 4728 clausa
1305 4681 1366 4726 erat
1384 4673 1475 4741 periit.
1497 4673 1526 4724 ln

245 4773 359 4826 archivo
378 4788 519 4825 commun.
539 4771 604 4833 nob,
624 4771 661 4822 de
680 4766 841 4835 Turopolje.

358 4899 363 4926 ¹
383 4900 431 4970 sic.
