3934 5550
1498 478 1562 548 lb3

388 684 405 763 ξ
437 686 466 746 4.
500 688 641 749 lacentes
673 691 754 751 intra
785 691 863 753 lines
895 690 1052 755 districtus
1083 692 1171 757 fundi
1195 699 1382 761 colonicales
1406 704 1509 780 prouti
1533 720 1563 762 er

284 790 353 852 loca
369 794 489 853 Chicbe
514 816 551 855 ac
568 798 734 859 Vukovina
753 799 904 860 districtui
921 802 1139 879 praesentibus
1156 804 1390 884 ingremiantur,
1408 817 1439 868 et
1454 828 1560 888 quem-

284 901 453 962 admodum
488 906 527 963 ab
560 905 609 965 his
641 907 716 967 locis
748 908 791 968 ita
820 917 850 967 et
881 909 920 968 ab
954 910 1022 969 aliis
1054 912 1157 971 fundis
1190 915 1411 976 colonicalibus
1435 918 1563 977 obveni-

285 1017 372 1070 entes
396 1021 514 1089 portae,
539 1015 578 1072 ab
602 1014 640 1085 iis
663 1016 827 1075 comitatus
844 1018 1067 1097 Zagrabiensis
1097 1023 1302 1099 separandae,
1327 1024 1368 1083 ad
1391 1026 1562 1085 districtum

282 1125 535 1196 transponuntur,
552 1123 676 1199 publica
700 1124 739 1182 ab
765 1124 801 1182 iis
826 1125 1053 1186 contributione
1069 1147 1126 1205 per
1142 1138 1367 1190 concernentes
1383 1131 1415 1190 in
1438 1151 1563 1192 cassam

283 1224 439 1286 districtus
471 1229 686 1305 dependenda.
719 1231 891 1291 Numerum
926 1241 1031 1293 autem
1062 1244 1231 1312 portarurn,
1256 1257 1355 1316 usque
1386 1239 1460 1298 dum
1491 1240 1563 1319 lege

284 1339 415 1393 eatenus
438 1336 598 1413 provisum
621 1337 721 1412 fuerit,
746 1340 865 1419 deliget
888 1342 978 1421 regni
1003 1343 1168 1420 palatinus.

563 1526 620 1585 De
656 1527 1001 1589 iurisdictione
1037 1531 1303 1594 districtus.

391 1680 409 1752 ς’
434 1677 462 1737 5.
486 1678 588 1756 Super
611 1680 765 1740 universis
797 1691 904 1742 contra
933 1684 1061 1743 stabiles
1085 1685 1242 1744 districtus
1266 1687 1392 1759 lncolas,
1417 1695 1471 1744 aut
1495 1686 1562 1746 eius

285 1803 484 1861 possessores
516 1786 642 1846 iormari
673 1790 868 1866 queuntibus
893 1809 949 1849 seu
973 1791 1086 1868 privati
1115 1792 1189 1851 iuris
1213 1793 1484 1871 praetensionibus
1508 1812 1564 1853 seu

285 1910 358 1949 vero
382 1892 593 1952 criminalibus
625 1894 754 1971 publicis
779 1895 952 1956 actionibus
984 1899 1212 1973 concernentia,
1245 1899 1401 1959 districtus
1425 1900 1492 1960 fora
1517 1901 1561 1959 iu-

285 1999 441 2059 dicabunt.

391 2131 408 2205 §
433 2127 462 2190 6.
486 2096 614 2191 Praeter
638 2131 775 2191 oblatam
799 2132 829 2190 in
853 2134 943 2213 regni
967 2132 1100 2192 comitiis
1124 2133 1383 2192 contributionem
1399 2133 1563 2192 militarem

286 2243 317 2292 et
341 2235 402 2294 alia
426 2236 564 2296 subsidia
587 2238 701 2315 poterit
722 2237 879 2297 districtus
904 2239 965 2300 fine
991 2242 1197 2319 regendarum
1222 2259 1346 2319 quoque
1370 2242 1565 2319 propriarum

285 2342 507 2402 necessitatum
542 2345 692 2404 directam
724 2346 859 2405 eiectare
887 2348 1156 2421 contributionem,
1179 2367 1235 2425 pro
1260 2348 1498 2408 necessitatibus
1521 2348 1566 2407 di·

285 2449 451 2509 strictualis
475 2452 751 2512 administrationis
780 2454 961 2533 requisitam
986 2455 1191 2515 domesticam
1216 2456 1476 2516 contributionem
1499 2456 1564 2514 uni·

287 2557 367 2615 versi
404 2558 611 2619 districtuales
646 2580 846 2639 possessores
880 2571 910 2621 et
946 2562 1066 2621 incolae
1097 2564 1329 2640 proportionata
1364 2564 1445 2623 ferre
1480 2573 1566 2622 tene·

287 2664 410 2725 buntur.

395 2797 412 2868 ς’
438 2793 466 2855 7.
490 2796 704 2872 Quantitatem
735 2797 857 2858 interim
882 2797 1118 2857 contributionis
1146 2798 1303 2858 districtus
1326 2798 1407 2858 ultra
1429 2797 1567 2857 delirum

287 2899 316 2958 in
341 2902 431 2980 regni
462 2902 594 2962 comitiis
625 2905 795 2965 maximum
828 2923 946 2984 augere
977 2925 1040 2964 non
1072 2905 1199 2982 poterit;
1231 2925 1328 2984 quare
1360 2923 1457 2982 scopo
1490 2905 1565 2962 deli-

286 3009 381 3086 gendi
405 3009 478 3068 dicti
502 3011 627 3069 maximi
652 3031 860 3090 expensarum
877 3013 1041 3072 elenchum
1058 3013 1201 3093 singulae
1218 3012 1307 3091 regni
1327 3011 1451 3071 diaetae
1475 3029 1565 3088 prae-

285 3124 410 3174 sentare
426 3117 622 3196 obligabitur,
639 3137 677 3177 eo
694 3138 801 3198 usque,
826 3120 899 3179 dum
925 3121 955 3179 id
980 3139 1036 3198 per
1059 3121 1148 3198 regni
1173 3119 1297 3180 comitia
1319 3119 1438 3178 iactum
1462 3117 1561 3190 luerit,

286 3223 422 3282 maximo
443 3224 634 3284 domesticae
661 3227 896 3286 contributionis
912 3246 968 3305 per
995 3227 1268 3287 locumtenentiale
1284 3225 1445 3285 consilium
1464 3226 1564 3284 deter-

287 3331 443 3392 minando

391 3459 409 3532 ξ
434 3454 463 3519 8.
487 3459 521 3516 ln
545 3478 621 3517 casu
652 3458 772 3519 interim
805 3460 1071 3519 extraordinariae
1103 3468 1134 3519 et
1167 3479 1288 3519 moram
1321 3478 1383 3518 non
1417 3457 1565 3536 patientis

284 3564 480 3623 necessitatis
513 3585 583 3624 cum
615 3566 733 3625 consilii
764 3567 1045 3626 locumtenentialis
1069 3576 1196 3639 annutu,
1227 3565 1267 3625 ad
1291 3565 1461 3644 tegendam
1485 3564 1568 3624 hauc

284 3673 452 3750 specialem
486 3674 712 3749 necessitatem,
741 3675 885 3752 specialis
909 3695 1033 3754 quoque
1060 3675 1203 3734 eiectatio
1228 3673 1303 3747 fieri,
1328 3681 1422 3752 atque
1446 3673 1487 3732 ad
1511 3672 1563 3731 de·

284 3781 483 3840 terminatum
509 3801 563 3859 per
587 3782 676 3861 regni
700 3782 825 3842 comitia
849 3783 1020 3843 maximum
1045 3781 1138 3859 adjici
1162 3783 1283 3860 poterit

395 3901 412 3974 p*
437 3896 466 3959 9.
491 3898 761 3958 Contributionem
790 3898 955 3958 militarem
980 3900 1019 3958 ab
1043 3898 1090 3973 iis,
1113 3898 1166 3977 qui
1189 3899 1270 3957 hanc
1300 3897 1330 3956 in
1361 3915 1457 3956 sensu
1488 3897 1566 3955 obti-

287 4007 425 4066 nentium
442 4007 548 4086 legum
565 4016 596 4066 et
612 4026 686 4065 usus
702 4007 839 4083 pendere
856 4007 1044 4085 obligantur,
1059 4004 1216 4065 districtus
1233 4004 1367 4084 colliget,
1389 4013 1420 4063 et
1444 4004 1566 4062 aerario

293 4114 380 4188 regio
404 4114 624 4174 submistrabit.
1443 4107 1450 4120 ⁶

396 4235 413 4306 ξ
443 4229 489 4290 10.
521 4231 718 4290 Contributio
749 4239 823 4289 tunc
855 4238 976 4290 tantum
1003 4229 1117 4308 poterit
1139 4227 1276 4304 ejectari,
1300 4229 1375 4287 dum
1399 4227 1451 4287 illa
1474 4229 1568 4288 bene·

290 4339 368 4412 licia,
392 4358 473 4418 quae
498 4339 528 4397 in
553 4339 708 4416 qublicam
740 4337 896 4397 districtus
930 4357 1054 4398 cassam
1083 4337 1178 4397 etiam
1201 4337 1363 4414 hucusque
1386 4335 1568 4412 influebant,

289 4447 552 4525 quemadmodum
585 4455 616 4505 et
647 4445 697 4505 alii
728 4455 898 4522 proventus
929 4446 969 4505 ad
1001 4446 1155 4524 tegendas
1187 4443 1392 4503 necessitates
1419 4442 1567 4502 insuffici-

290 4565 378 4614 entes
401 4555 524 4631 fuerint‚
548 4573 659 4633 quare:

397 4680 426 4737 a)
441 4664 560 4722 Horum
568 4661 791 4720 beneficiorum
808 4669 838 4719 et
853 4660 1045 4738 publicorum
1062 4669 1271 4740 proventuum
1287 4656 1433 4718 alienatio
1450 4657 1569 4735 absque

291 4771 409 4830 consilii
434 4767 714 4829 locumtenentialis
739 4775 866 4840 annutu,
891 4767 992 4826 locum
1016 4768 1119 4827 sortiri
1142 4787 1205 4826 non
1230 4766 1350 4843 poterit.

397 4880 428 4954 bl
455 4877 620 4936 Districtus
653 4875 817 4935 elenchum
849 4893 1023 4934 annuarum
1056 4894 1263 4953 expensarum
1292 4873 1420 4932 consilio
1453 4873 1568 4930 locum·

290 4986 450 5046 tenentiali
473 4984 601 5062 praevie
625 4985 825 5042 substernere
848 4981 1046 5060 obligabitur.
