3934 5550
879 628 983 699 140.

400 814 490 870 Anno
520 809 611 874 1691.
637 812 688 873 22.
713 814 825 892 aprilis.
850 816 884 874 In
900 816 1130 877 Keresatinecz.

290 968 457 1033 Nicotaus
490 970 656 1055 Erdeody,
691 970 811 1048 banus,
847 972 964 1037 comiti
994 977 1074 1039 terr.
1108 974 1230 1061 Campi
1242 995 1246 1003 ·
1266 976 1448 1063 Taropolia
1486 1001 1576 1044 com·

289 1074 404 1155 mittit,
426 1080 459 1140 et
481 1075 637 1142 homines
650 1098 733 1143 suos
755 1078 802 1142 ad
823 1076 1118 1146 insurructioiwm
1134 1086 1255 1147 cont-ra
1279 1082 1411 1149 Turcas
1429 1090 1574 1171 paratos

871 1190 990 1252 teneat.

507 1384 669 1445 Generose
694 1386 819 1446 domine
844 1387 943 1446 amice
967 1387 1262 1471 observandissime.

397 1512 534 1587 Quando
565 1513 690 1591 quidem
721 1524 824 1574 certas
856 1514 1012 1594 benignas
1035 1534 1112 1575 suae
1135 1517 1308 1577 maiestatis
1339 1518 1572 1579 sacratissimae

290 1618 406 1678 domini
430 1619 546 1679 domini
570 1620 667 1680 nostri
691 1623 717 1681 cl
727 1621 922 1681 ementissimi
944 1622 1050 1681 literas
1063 1622 1276 1697 intimatorias,
1294 1624 1416 1701 inclytis
1440 1625 1572 1685 statibus

290 1732 321 1787 et
351 1728 510 1787 ordinibus
542 1728 631 1808 regni
662 1732 874 1789 sonantes‘et
904 1730 1040 1790 directas
1072 1739 1214 1791 recenter
1249 1733 1491 1811 accepissemus,
1515 1754 1572 1813 pro

291 1854 422 1914 quarum
458 1844 634 1914 opportuna
658 1848 689 1897 et
713 1838 911 1897 instantanca
947 1840 1229 1899 communicatione
1264 1841 1446 1919 generalem
1481 1842 1572 1902 dictis

288 1943 421 2003 dominis
445 1943 577 2003 statibus
601 1954 632 2003 et
656 1944 815 2005 ordinibus
832 1946 1120 2025 congregationem,
1133 1966 1189 2025 pro
1205 1947 1256 2007 die
1274 1948 1407 2027 septima
1431 1949 1570 2027 proxime

289 2051 412 2112 affuturi
436 2052 552 2112 mensis
577 2052 658 2127 maii,
682 2054 860 2133 Zagrabiac
884 2053 1113 2127 celebrandam,
1143 2054 1357 2115 indicavimus.
1381 2056 1569 2135 Superveni-

289 2158 410 2219 entibus
434 2178 558 2238 quoque
583 2168 653 2220 actu
678 2160 797 2221 iteratis
820 2180 878 2238 per
900 2170 1004 2221 certos
1034 2162 1212 2241 fidedignos
1245 2164 1458 2241 exploratores
1482 2164 1569 2223 moli-

287 2267 404 2326 minum
428 2266 638 2343 relationibus,
667 2268 787 2327 Turcas
818 2268 963 2328 nimirum
988 2269 1018 2328 in
1042 2268 1175 2329 diversis
1205 2270 1347 2349 partibus
1376 2271 1480 2330 valido
1513 2292 1568 2330 nu·

287 2394 374 2434 mero
398 2394 467 2435 cum
493 2383 645 2453 apparatu
669 2375 949 2455 expugnandorum
973 2375 1201 2454 praesidiorum
1225 2378 1392 2451 confluere,
1408 2378 1440 2437 in
1463 2388 1569 2456 partes

287 2490 318 2542 et
341 2482 475 2571 copfinia
499 2492 606 2542 nostra
629 2481 825 2543 invasionem
858 2482 899 2542 ibi
930 2484 1143 2562 proponendo.
1171 2485 1212 2544 Ut
1236 2498 1341 2543 autem
1366 2486 1477 2544 eadem
1501 2505 1567 2544 mo-

286 2590 392 2650 limina
423 2599 454 2650 et
484 2590 671 2650 intentiones
704 2590 819 2650 inimici
850 2590 881 2649 in
904 2599 1045 2669 tempore
1077 2591 1292 2669 reprimantur,
1319 2594 1378 2652 hac
1402 2592 1567 2653 occasione

286 2698 395 2758 itidem
427 2699 609 2780 generalem
642 2697 821 2758 memoratis
854 2698 987 2758 dominis
1015 2699 1147 2758 statibus
1172 2708 1203 2759 et
1226 2698 1386 2758 ordinibus
1410 2700 1561 2759 insurrec-

285 2808 402 2867 tionem
426 2827 483 2887 pro
507 2807 556 2867 die
581 2826 664 2867 nona
681 2807 865 2886 praescripti
889 2809 1006 2867 mensis
1031 2807 1070 2866 ad
1093 2807 1223 2867 fluvium
1239 2807 1392 2886 Colapim,
1409 2828 1465 2887 pro
1489 2809 1567 2869 vici·

285 2915 364 2975 niori
387 2915 607 2976 commoditate
626 2915 865 2991 advenientium,
883 2917 922 2975 ad
947 2915 1183 2990 Lettbouanich,
1206 2916 1469 2991 Berkisseuinam,
1494 2918 1568 2976 alia-

285 3043 346 3102 que
370 3023 509 3084 eiusdem
535 3023 666 3083 viciniae
691 3023 941 3082 circumiacentia
965 3023 1043 3096 losa,
1067 3022 1124 3082 sub
1149 3022 1330 3082 modalitate
1354 3032 1385 3083 et
1410 3043 1512 3102 poena
1538 3024 1568 3083 in

286 3129 393 3188 ultima
416 3129 591 3190 Selliniensi
616 3130 862 3210 congregatione
888 3129 977 3206 regni
1002 3139 1127 3202 statuta,
1145 3130 1222 3189 citra
1238 3149 1363 3189 ornnem
1387 3130 1567 3189 ulteriorem

288 3245 426 3296 nostram
450 3236 673 3297 intimationem
699 3257 736 3296 ac
760 3238 909 3311 ordinem,
933 3237 1118 3315 terminique
1139 3236 1330 3296 dillationem
1346 3237 1566 3314 publicandam

287 3344 451 3405 voluimus.
482 3345 542 3404 Pro
573 3364 635 3423 quo
670 3345 802 3404 termino
838 3352 869 3403 et
903 3345 980 3418 loco,
1012 3352 1076 3402 tam
1109 3345 1149 3403 ad
1173 3344 1379 3422 praemissam
1406 3345 1566 3403 celebran-

287 3451 359 3512 dam
383 3451 473 3532 regni
497 3453 785 3532 congregationem,
809 3471 903 3530 quam
928 3453 968 3513 ad
993 3451 1068 3511 intiu
1082 3452 1197 3511 andam
1221 3451 1478 3511 insurrectionem
1497 3470 1565 3511 cas·

286 3567 432 3632 trensem,
457 3569 560 3620 vestra
586 3559 756 3620 dominatio
773 3578 938 3638 generosa,
953 3579 1016 3618 una
1039 3579 1112 3618 cum
1142 3557 1317 3618 hominibus
1341 3558 1414 3630 suis,
1441 3578 1568 3618 annona

284 3683 342 3744 pro
366 3666 453 3726 totali
485 3667 716 3726 continuatione
745 3675 918 3726 castrorum
941 3665 1076 3745 provisa,
1110 3684 1219 3724 versus
1251 3665 1425 3742 praescitas
1459 3674 1565 3743 partes

284 3783 316 3835 et
340 3776 408 3838 loca
439 3764 621 3854 comparere
646 3792 707 3834 non
732 3773 913 3854 gravabitur
946 3773 1014 3833 Nec
1037 3792 1128 3832 secus
1152 3773 1282 3832 iactura.
1305 3773 1338 3831 In
1364 3773 1483 3850 reliquo
1507 3791 1560 3832 va-

282 3882 358 3945 lebit
381 3882 565 3944 lelicissime.

390 4009 539 4071 Eiusdem
564 4029 738 4088 generosae
763 4009 981 4068 dominationis
1005 4015 1130 4068 vestrae

1033 4152 1151 4211 amicus
1175 4150 1391 4230 paratissimus

893 4261 930 4327 C.
954 4262 1102 4320 Nicolaus
1125 4259 1281 4335 Erdeody,
1304 4259 1405 4318 banus
1429 4277 1468 4316 m.
1492 4277 1522 4335 p.

393 4393 622 4466 Keresztinecz,
647 4390 698 4452 22.
724 4391 827 4468 aprilis
856 4388 952 4450 1691.

393 4521 434 4579 ln
458 4519 592 4578 dorso:
617 4517 779 4578 Generoso
804 4511 929 4575 domino
965 4517 1058 4574 Petro
1089 4512 1338 4586 Szenkouacblry
1371 4509 1460 4568 aliter
1490 4509 1564 4568 Ual-

285 4629 372 4700 lieza,
395 4627 607 4686 universitatis
631 4625 778 4684 nobilium
801 4625 915 4702 Campi
938 4622 1162 4702 Zagrabiensis
1178 4619 1357 4698 Turopolya
1374 4616 1479 4676 comiti
1503 4626 1564 4675 ter·

286 4733 376 4795 restri
400 4742 467 4808 ete,
492 4734 594 4793 arnico
616 4732 910 4792 observandissime

392 4857 537 4928 Originalc
564 4857 754 4920 chartaceum,
782 4853 863 4924 sigilli
893 4853 1031 4920 appressi,
1049 4869 1107 4920 quo
1126 4852 1207 4904 litera
1225 4848 1321 4902 clausa
1339 4853 1409 4912 crat,
1429 4847 1457 4898 in
1476 4845 1563 4897 dorso

285 4954 403 5032 apparet
421 4947 580 5014 vestigium.
601 4946 631 5008 ln
650 4944 764 5006 archivo
783 4959 924 4997 commun.
943 4943 1009 4995 nob.
1030 4942 1067 4994 dc
1086 4939 1248 5010 Turopolje.
