3934 5550
869 638 972 711 10³.

382 842 474 903 Anno
502 839 595 905 1698.
623 841 671 903 12.
694 840 839 902 octobris.
863 839 1050 920 Zagrabiae.

277 1036 471 1121 Stephanus
494 1033 732 1111 Selischeaich,
756 1035 935 1119 episcopas
958 1032 1215 1118 Zagrabieasis,
1246 1032 1368 1097 comiti
1398 1031 1557 1095 terrestri

280 1143 402 1230 Campi
430 1144 689 1230 Taropotieasis
701 1143 880 1228 praecipit,
903 1145 944 1205 ut
966 1142 1014 1204 ad
1033 1142 1185 1226 primam
1210 1140 1454 1204 invitationem
1478 1160 1557 1202 cam

402 1251 570 1337 gentibus
592 1251 669 1316 sais
697 1247 1003 1335 Taropotieasibas
1026 1252 1147 1313 cantra
1170 1247 1301 1312 hostem
1324 1250 1427 1312 exeat.

496 1470 657 1530 Generose
682 1468 807 1528 domine
830 1468 905 1527 mihi
928 1467 1134 1528 observande.

386 1614 618 1675 Praesentaneo
657 1633 734 1673 suae
775 1612 947 1673 maiestatis
978 1610 1218 1684 sacratissimae,
1243 1610 1359 1670 domini
1384 1610 1500 1669 domini
1524 1618 1556 1669 et

280 1722 365 1803 regis
388 1723 485 1783 nostri
520 1720 752 1782 clementissimi
788 1720 831 1780 ita
867 1720 1014 1800 exigente
1046 1718 1182 1794 servitio,
1214 1737 1277 1797 quo
1301 1718 1383 1778 idem
1408 1737 1465 1796 pro
1488 1718 1556 1777 zelo

279 1830 416 1890 fidelium
439 1830 558 1908 patriae
582 1835 708 1889 nostrae
740 1828 920 1905 incolarum,
953 1846 991 1887 ac
1027 1826 1141 1887 civium
1171 1834 1401 1905 promoveatur,
1435 1825 1557 1902 inclytis

280 1936 411 1997 statibus
435 1946 465 1997 et
489 1936 648 1996 ordinibus
673 1936 702 1997 id
726 1935 912 2014 tempestive
936 1934 1177 2015 significandum
1194 1934 1276 2009 duxi,
1293 1942 1449 2013 quatenus
1462 1932 1557 1993 armis

278 2047 358 2105 bene
382 2044 530 2117 instructi,
555 2052 586 2103 et
610 2042 775 2103 sufficienti
800 2062 923 2102 annona
959 2060 1016 2119 pro
1050 2049 1122 2101 octo
1157 2040 1268 2101 diebus
1301 2038 1426 2117 provisi,
1463 2038 1556 2099 aliam

279 2153 409 2231 primam
435 2160 572 2211 nostram
598 2158 728 2211 eatenus
751 2150 964 2227 paestolentur
988 2149 1222 2219 intimationem,
1246 2166 1308 2226 qua
1332 2154 1462 2225 accepta
1490 2147 1557 2205 sine

280 2279 376 2332 mora,
401 2267 432 2319 et
454 2258 602 2338 quapiam
626 2256 906 2337 procrastinatione
940 2274 1077 2330 movere,
1102 2273 1140 2315 ac
1173 2273 1220 2331 e0,
1253 2274 1316 2333 quo
1344 2254 1455 2314 iisdem
1488 2253 1555 2313 inti·

280 2367 416 2427 mabitur
450 2384 615 2427 excurrere
646 2365 767 2444 possint
802 2372 895 2444 atque
925 2364 1069 2426 debeant.
1102 2364 1209 2439 Quare
1241 2362 1335 2422 etiam
1367 2380 1555 2442 generosam

279 2474 524 2535 dominationem
547 2482 686 2534 vestram
709 2480 818 2533 tenore
842 2471 1055 2552 praesentium
1078 2472 1236 2550 requirere
1269 2469 1362 2546 volui,
1392 2469 1467 2529 velit
1500 2488 1555 2528 no·

278 2584 355 2643 biles
379 2582 492 2661 Campi
516 2582 704 2659 Turopolya,
721 2579 861 2659 aliosque
885 2598 979 2639 curae
1003 2598 1080 2639 suae
1105 2577 1300 2637 concreditos
1324 2576 1473 2650 homines,
1497 2576 1555 2635 sub

279 2690 458 2750 modaiitate
474 2689 657 2768 praemissa,
673 2688 767 2748 armis
790 2688 870 2747 bene
893 2688 1069 2760 instructos,
1086 2694 1117 2746 et
1133 2704 1257 2745 annona
1273 2703 1329 2762 pro
1351 2692 1422 2743 octo
1446 2682 1556 2743 diebus

277 2799 429 2878 provisos,
455 2799 494 2858 ad
519 2798 612 2858 aliam
628 2797 760 2876 primam
784 2815 888 2858 meam
912 2795 1147 2867 intimationem,
1170 2794 1265 2853 modo
1280 2793 1433 2852 hactenus
1448 2792 1554 2852 obser·

279 2915 360 2984 vat0,
385 2907 426 2966 ad
450 2905 677 2966 excurrentium
701 2911 838 2983 paratos¹
859 2903 986 2978 habere,
1022 2909 1055 2960 ut
1086 2920 1123 2961 eo
1155 2908 1222 2960 tum
1256 2901 1467 2978 subsequente
1500 2900 1554 2959 tali

277 3013 477 3088 intimatione,
502 3031 579 3094 erga
603 3021 767 3090 acceptum
791 3010 932 3072 ordinem
957 3010 1037 3070 illico
1060 3027 1217 3089 generosa
1248 3008 1417 3068 dominatio
1448 3016 1555 3067 vestra

277 3140 347 3180 cnm
371 3121 481 3181 iisdem
505 3139 642 3194 movere,
667 3139 703 3178 ac
728 3119 875 3199 progredi
898 3120 1021 3192 valeat3
1045 3136 1148 3196 neque
1172 3135 1263 3176 secus
1287 3117 1344 3174 sub
1376 3115 1552 3174 incursione

277 3247 398 3305 poenae
423 3227 595 3287 articularis
618 3226 747 3288 iactura.
772 3226 875 3304 Atque
900 3225 948 3284 his
973 3242 1129 3305 generosa
1161 3223 1331 3284 dominatio
1360 3230 1467 3282 vestra
1498 3240 1552 3281 va-

276 3334 350 3394 lebit
372 3335 426 3394 diu
449 3334 585 3396 feliciter.
610 3333 727 3394 Datum
758 3332 944 3412 Zagrabiae,
977 3332 1027 3392 die
1063 3329 1111 3393 12.
1142 3330 1259 3391 mensis
1292 3329 1437 3409 octobris,
1470 3347 1552 3388 anno

275 3442 391 3501 domini
419 3439 510 3502 1698.

381 3583 563 3646 Generosae
586 3583 615 3644 d.
640 3591 763 3643 vestrae
788 3581 906 3642 servire
929 3589 1060 3662 paratus

976 3725 1156 3803 Stephanus
1178 3723 1391 3784 Selischeuich
1414 3743 1454 3784 rn.
1478 3743 1506 3802 p.

379 3871 420 3930 ln
444 3871 583 3931 dorso:
608 3869 771 3930 Generoso
795 3869 921 3930 domino
944 3869 1039 3928 Petro
1070 3868 1320 3945 Szenkouachky
1353 3867 1441 3926 aliter
1473 3852 1550 3927 Val-

273 3977 358 4052 licza,
383 3977 595 4037 universitatis
619 3976 768 4036 nobilium
792 3975 905 4055 Campi
938 3976 1161 4056 Zagrabiensis
1193 3948 1361 4053 Turopolia
1394 3973 1466 4034 dicti
1498 3994 1549 4034 co-

271 4086 338 4145 miti
361 4086 499 4146 terrestri
523 4094 590 4160 etc,
615 4084 740 4144 domino
764 4084 971 4145 observando,

377 4223 521 4295 Originalc
540 4224 729 4290 chartaceum,
750 4239 765 4276 a
785 4224 872 4277 dorso
892 4238 1060 4291 appressum
1080 4229 1125 4274 est
1143 4222 1275 4291 sigillum,
1288 4239 1346 4291 quo
1359 4222 1440 4275 litera
1454 4222 1550 4278 clausa

272 4319 339 4366 erat.
359 4313 389 4365 In
409 4313 523 4366 archivo
542 4328 683 4366 commun.
704 4313 769 4366 nob.
789 4313 826 4366 de
841 4312 1004 4381 Turopolje.
1283 4318 1285 4321 '
