3934 5550
398 357 418 420 8

400 576 466 636 siae
490 575 713 655 Zagrabiensis
738 572 958 642 attestatorias,
983 571 1015 631 in
1039 569 1234 650 praenaratis
1265 569 1361 630 literis
1392 565 1625 630 adiudicatoriis
1649 575 1681 628 et

401 683 679 744 sententionalibus
700 683 928 761 praenominati
951 682 1025 741 olim
1049 680 1166 740 domini
1182 679 1333 739 Ludouici
1348 679 1441 758 regis,
1465 679 1510 738 sic
1533 687 1567 736 ut
1590 695 1682 756 prae·

401 792 499 851 iertur
522 790 710 868 descriptive
734 799 765 848 et
789 788 979 849 declarativa
1008 795 1181 860 contentas,
1205 805 1243 846 ex
1268 786 1378 846 iisdem
1402 786 1497 846 literis
1521 784 1681 844 adiudica-

402 899 490 958 toriis
514 908 544 958 et
569 897 847 959 sententionalibus
875 895 1040 956 transcribi
1064 905 1094 954 et
1117 895 1278 970 transumi,
1302 894 1460 973 literisque
1484 893 1598 952 nostris
1622 892 1683 970 pri-

402 1007 598 1086 vilegialibus
622 1005 661 1065 de
678 1006 775 1064 verbo
791 1005 975 1064 adverbum
997 1004 1064 1062 sine
1087 1003 1290 1063 diminutione
1315 1011 1346 1063 et
1370 1009 1540 1082 augmento
1557 999 1682 1078 aliquali

402 1113 496 1174 inseri
527 1123 558 1173 et
589 1113 714 1172 inscribi
738 1112 851 1187 iacere,
883 1131 939 1190 pro
963 1111 1084 1190 ipsique
1109 1111 1271 1170 Matthaeo
1299 1111 1429 1181 literato,
1454 1129 1491 1169 ac
1515 1109 1629 1168 Iacobo
1652 1115 1683 1166 et

403 1223 508 1282 Blasio
525 1221 715 1300 Pogledycb,
732 1220 927 1298 coeterisque
945 1219 1132 1297 supradictis
1154 1217 1308 1278 nobilibus
1322 1218 1436 1296 Campi
1450 1215 1683 1296 Zagrabiensis,

404 1337 498 1404 ratas,
522 1338 629 1410 gratas
653 1337 684 1388 et
708 1337 855 1406 acceptas
886 1328 1049 1401 habentes,
1081 1327 1267 1387 innovantes
1290 1335 1441 1405 perpetuo
1465 1324 1616 1385 valituras
1638 1324 1683 1382 iu·

402 1437 481 1496 rium
506 1437 677 1496 eorundem
702 1437 742 1495 ad
766 1436 930 1510 cautelam,
951 1436 1089 1516 gratiose
1114 1435 1299 1494 confirmare
1316 1434 1525 1513 dignaremur.
1541 1433 1682 1508 Quarum

402 1543 528 1623 quidem
553 1543 709 1603 literarum
735 1543 860 1620 capituli
893 1543 1046 1602 ecclesiae
1078 1540 1301 1622 Zagrabiensis
1333 1540 1597 1600 attestatoriarum
1629 1540 1681 1598 de-

401 1650 576 1730 scriptionis
601 1659 632 1710 et
655 1650 874 1711 declarationis
904 1659 994 1710 tenor
1026 1651 1097 1708 talis
1128 1657 1184 1724 est,
1209 1649 1330 1708 decima
1362 1649 1495 1726 septima
1528 1646 1681 1725 siqnidem

404 1766 435 1817 et
458 1757 566 1816 ultima
598 1758 745 1838 ipsarum,
770 1757 903 1835 praefati
936 1757 1080 1816 videlicet
1112 1756 1237 1832 capituli
1273 1756 1424 1815 ecclesiae
1459 1753 1682 1831 Zagrabiensis

404 1865 492 1924 litera
524 1865 727 1938 attestatoria,
745 1865 850 1924 clause
874 1875 908 1924 nt
932 1863 1117 1942 premittitur
1141 1863 1172 1923 in
1196 1864 1305 1942 papiro
1329 1862 1470 1922 confecta
1494 1861 1682 1936 declarabat,

402 1973 486 2051 quod
522 1991 591 2032 cum
627 1972 748 2032 nobiles
784 1971 909 2050 Gaspar
939 1973 978 2031 de
1010 1971 1183 2047 Schytari0,
1216 1981 1248 2031 et
1270 1971 1424 2031 lohannes
1456 1972 1495 2031 de
1510 1971 1682 2038 'llwzarca

404 2079 502 2139 nostri
534 2079 621 2158 regii,
653 2097 690 2138 ac
722 2079 875 2139 discretus
908 2079 1096 2139 Benedictus
1132 2079 1171 2138 de
1206 2077 1412 2155 Prodawych,
1436 2077 1681 2156 praebendarius

409 2187 495 2246 chori
519 2186 671 2246 ecclesiae
694 2186 918 2264 Zagrabiensis
943 2186 1078 2266 capituli,
1102 2186 1242 2245 eiusdem
1275 2185 1427 2246 ecclesiae
1457 2185 1609 2259 homines,
1633 2183 1682 2242 die

401 2293 557 2353 dominico
581 2293 660 2352 inira
683 2302 814 2352 octavas
836 2292 908 2353 festi
932 2293 1117 2353 visitationis
1143 2294 1372 2354 sacratissimae
1398 2293 1519 2352 Mariae
1544 2291 1682 2370 virginis,

401 2402 431 2460 in
457 2420 538 2461 anno
562 2401 695 2480 virginei
719 2410 826 2478 partus
860 2401 1022 2462 millesimo
1054 2403 1305 2482 quingentesimo
1330 2403 1452 2462 decimo
1475 2419 1559 2461 nono
1582 2409 1682 2460 trans-

404 2517 474 2568 acto
509 2503 671 2587 preteriti²,
704 2518 735 2568 et
765 2509 833 2568 aliis
861 2509 971 2568 diebus
1006 2520 1080 2569 tunc
1116 2510 1295 2571 immediate
1328 2509 1540 2589 sequentibus,
1576 2510 1616 2567 ad
1651 2507 1683 2566 id

405 2616 486 2694 aptis
511 2623 541 2675 et
565 2615 797 2690 sufficientibus,
810 2615 894 2675 iuxta
919 2617 1126 2676 continentias
1149 2617 1308 2678 literarum
1332 2627 1507 2677 nostrarum
1532 2635 1681 2694 praecep·

401 2723 559 2797 toriarum,
582 2723 653 2783 hinc
678 2723 796 2797 Budae,
821 2723 851 2783 in
874 2723 1013 2802 profesto
1030 2723 1245 2786 sanctissimae
1263 2735 1294 2785 et
1310 2724 1489 2787 individuae
1513 2722 1682 2796 Trinitatis,

405 2850 487 2891 anno
511 2813 547 2891 in*
564 2826 773 2909 praenotatol,
798 2832 838 2891 ad
866 2832 1091 2909 expositionem
1116 2841 1147 2892 et
1171 2834 1429 2911 supplicationem
1446 2833 1595 2894 nobilium
1620 2831 1681 2891 Ge·

401 2938 481 3020 orgii
518 2938 695 3015 Kwschycb
729 2940 768 2998 de
800 2940 970 3016 Kysobres,
1002 2942 1144 3001 Thomae
1176 2952 1207 3001 et
1238 2942 1404 3002 Bamabae
1435 2942 1617 3022 Pogledycb
1643 2941 1682 3000 de

404 3046 602 3123 Korylowcz,
625 3047 748 3106 loannis
773 3048 1003 3124 Laczlrowych,
1027 3050 1169 3109 Thomae
1194 3050 1330 3127 Modych
1355 3051 1394 3110 de
1418 3050 1532 3110 Maiori
1563 3048 1681 3122 Mlaka,

401 3153 522 3230 Quirini
548 3154 747 3231 Koskowycb
780 3156 819 3214 de
851 3156 1025 3233 Hraschya,
1058 3156 1181 3217 loannis
1214 3159 1371 3236 Pepelych
1395 3159 1434 3217 de
1458 3158 1580 3231 Plezzo,
1615 3157 1684 3216 Ste-

400 3260 495 3338 phani
520 3261 686 3338 Therbych
711 3262 750 3320 de
775 3264 895 3339 eadem,
924 3263 1022 3323 Marci
1048 3264 1239 3344 lirysanych¹
1264 3266 1303 3324 de
1327 3265 1498 3341 Mraczlyn,
1531 3274 1562 3323 et
1594 3263 1682 3323 Pauli

401 3368 628 3445 llyankowych
659 3370 697 3428 de
717 3370 888 3447 Kobylych,
905 3371 935 3430 in
954 3370 1077 3449 Campo
1100 3373 1307 3453 Zagrabiensi
1331 3384 1362 3432 et
1387 3374 1466 3432 ultra
1490 3373 1608 3431 Zauam
1633 3390 1680 3431 re-

403 3475 578 3549 sidentium,
609 3478 765 3537 maiestati
797 3488 923 3537 nostrae
956 3499 1050 3558 snper
1074 3499 1111 3539 eo
1135 3481 1259 3552 iactam,
1295 3482 1378 3558 quod
1401 3481 1546 3560 quamvis
1570 3480 1628 3559 ipsi
1653 3489 1683 3539 et

403 3602 509 3643 eorum
542 3585 759 3664 progenitores
791 3594 884 3664 atque
918 3588 1180 3665 praedecessores
1213 3607 1318 3648 merae
1354 3608 1477 3667 semper
1513 3588 1682 3647 nobilitatis

404 3691 500 3765 titulo,
524 3692 750 3771 privilegioque
776 3703 806 3753 et
837 3695 978 3754 libertate
1011 3697 1107 3755 iuncti
1141 3707 1172 3755 et
1203 3697 1305 3776 gavisi
1336 3696 1458 3769 luerint,
1486 3698 1557 3757 licet
1588 3696 1682 3757 etiam

403 3807 489 3859 certa
521 3799 648 3859 servitia
677 3802 716 3860 ad
748 3803 898 3861 castelum
923 3804 1101 3863 Lulrawecz
1133 3814 1163 3863 et
1195 3813 1331 3863 castrum
1363 3805 1511 3863 Medwed
1545 3804 1683 3883 superio-

406 3906 491 3965 ribus
517 3908 606 3966 annis
623 3907 752 3967 fecerint
768 3918 798 3967 et
812 3910 1015 3983 exhibuerint,
1033 3930 1072 3970 ea
1087 3920 1192 3970 tamen
1217 3931 1279 3970 non
1302 3920 1422 3989 sponte,
1437 3930 1562 3989 nonque
1579 3911 1684 3986 libere,

406 4014 460 4073 sed
488 4024 596 4073 coacte
621 4022 651 4073 et
677 4014 771 4089 inviti,
803 4026 951 4096 metuque
984 4018 1092 4076 mortis
1116 4028 1147 4077 et
1171 4019 1325 4078 evadendi
1349 4019 1476 4096 periculi
1508 4020 1611 4098 gratia
1641 4019 1685 4077 fe·

403 4122 527 4197 cissent,
559 4142 637 4200 quos
670 4122 794 4182 illustris
830 4125 974 4185 dominus
1007 4126 1164 4205 Georgius
1188 4127 1327 4186 marchio
1360 4127 1684 4206 Brandemburgensis

401 4241 551 4309 tanquam
586 4230 761 4309 praerliales
796 4251 879 4304 suoS,
915 4242 1024 4293 contra
1057 4242 1194 4293 veterem
1228 4235 1419 4294 nobilitatem
1453 4245 1485 4293 et
1520 4234 1683 4313 privilegia

403 4336 572 4397 nobilitatis
597 4338 743 4416 ipsorum,
769 4340 809 4398 ad
833 4341 937 4400 omnia
965 4341 1093 4401 servitia
1117 4362 1174 4401 sua
1198 4343 1389 4419 peragenda,
1414 4351 1508 4419 atque
1532 4360 1680 4401 censuum

403 4452 433 4504 et
457 4443 617 4503 daciarum
642 4445 827 4505 solutionem
860 4448 1046 4525 compellere
1073 4458 1104 4507 et
1135 4448 1309 4527 astringere
1334 4448 1491 4523 niteretur,
1516 4448 1546 4506 in
1571 4467 1681 4508 eorun-

404 4553 473 4611 dem
500 4551 739 4629 supplicantium
772 4552 996 4630 praeiudicium
1029 4555 1284 4632 periclitationem
1316 4556 1427 4614 iurium
1460 4574 1587 4614 suorum
1617 4575 1682 4615 ma-

403 4659 558 4718 nifestum.
591 4660 681 4735 Quae
706 4660 818 4736 omnia,
843 4670 906 4721 tam
932 4681 1026 4741 super
1049 4662 1208 4721 nobilitate
1233 4672 1264 4722 et
1288 4663 1437 4734 libertate,
1461 4682 1556 4741 qnam
1589 4664 1681 4723 etiam

404 4786 499 4845 super
523 4778 632 4827 coacta
658 4777 688 4827 et
713 4770 905 4847 compulsiva
930 4771 1080 4830 servitute
1105 4771 1251 4849 ipsorum,
1276 4771 1368 4830 certis
1385 4779 1416 4829 et
1431 4771 1577 4830 nonnulis
1604 4772 1684 4830 illins

401 4876 493 4954 regni
518 4876 615 4934 nostri
646 4876 832 4936 Sclanoniae
864 4878 1018 4937 nobilibus
1050 4888 1230 4937 constarent
1260 4878 1430 4955 evidenter,
1462 4898 1593 4957 quornm
1623 4880 1683 4938 fas·
