3934 5550
1503 415 1564 481 361

291 633 416 707 bonum,
452 634 546 693 haras
582 632 762 692 animalium
798 633 829 692 in
864 631 1002 712 pessimo
1043 641 1135 707 statu,
1170 634 1263 694 haras
1306 633 1464 694 maialium
1499 653 1569 713 par-

292 760 349 801 vas
372 741 565 803 commodas.

402 847 449 910 ll.
473 849 630 928 Georgius
656 849 828 909 szetnich
852 849 948 910 habet
971 853 1098 911 domum
1121 869 1237 910 novam
1260 851 1376 909 bonam
1400 869 1438 908 ex
1462 849 1570 909 solidis

292 957 462 1032 roboribus,
485 958 631 1018 horreum
655 958 816 1036 antiquum
839 959 1036 1038 reparatione
1069 957 1290 1032 necessarium,
1321 959 1416 1016 haras
1451 957 1569 1016 anima·

292 1065 365 1124 lium
390 1065 431 1124 ad
454 1063 475 1124 5
508 1066 671 1125 clausuras
699 1065 843 1145 antiquas
866 1065 980 1125 nullius
1003 1066 1127 1126 valoris.
1151 1067 1228 1124 ltem
1253 1083 1410 1124 cameram
1434 1064 1570 1124 frumen·

291 1174 386 1232 talem
411 1173 451 1232 ad
475 1173 554 1234 duas
577 1175 738 1234 clausuras
770 1175 895 1248 bonam,
919 1175 1054 1234 culinam
1084 1175 1271 1234 forinsecam
1300 1192 1416 1232 novam
1446 1173 1571 1247 bonam,

294 1289 324 1348 in
347 1307 410 1367 qua
434 1289 528 1348 etiam
551 1289 661 1348 fornax
685 1289 823 1369 pistorea
846 1297 956 1353 exstat.

404 1395 453 1458 12.
475 1395 620 1456 Andreas
643 1395 826 1457 Kovaclrich
850 1398 946 1457 habet
977 1398 1105 1457 domum
1137 1397 1252 1456 bonam
1284 1417 1398 1457 novam
1430 1397 1573 1457 omnibus

295 1503 462 1582 provisam,
486 1505 632 1564 horreum
655 1523 771 1564 novum
794 1504 920 1578 bonum,
943 1507 1038 1565 haras
1062 1505 1103 1564 ad
1127 1504 1146 1565 5
1174 1505 1335 1565 clausuras
1350 1523 1450 1564 novas
1466 1505 1573 1577 bonas,

296 1629 455 1670 cameram
478 1610 696 1671 frumentalem
720 1611 750 1670 in
774 1611 858 1672 bono
881 1621 973 1686 statu,
997 1612 1167 1690 pistoream
1197 1611 1358 1672 fornacem
1388 1631 1444 1690 per
1475 1611 1573 1691 negli-

296 1718 436 1798 gentiam
459 1727 542 1779 tecto
565 1736 628 1778 non
652 1719 818 1798 provisam.

408 1824 455 1888 13.
480 1827 613 1887 loannes
636 1827 725 1906 Bapt.
750 1827 932 1888 Kovachich
955 1828 1052 1888 habet
1074 1829 1201 1888 domum
1224 1847 1341 1888 novam
1364 1828 1480 1887 bonam
1503 1847 1568 1888 om-

298 1934 390 1993 nibus
425 1934 592 2012 provisam,
627 1935 772 1994 horreum
808 1955 922 1995 novum
959 1937 1085 2010 bonum,
1119 1937 1213 1995 baras
1245 1933 1446 2016 biangulares
1481 1936 1521 1994 ad
1553 1933 1572 1994 3

297 2042 458 2101 clausuras
483 2043 581 2101 bonas
614 2042 770 2102 assericeo
802 2051 884 2102 tecto
914 2043 997 2102 bono
1029 2043 1189 2121 provisas;
1212 2043 1287 2102 item
1321 2061 1479 2102 cameram
1510 2042 1572 2100 fru-

295 2149 464 2208 mentalem
500 2149 531 2208 in
563 2149 665 2226 aliqua
699 2159 787 2227 parte
818 2151 998 2228 pavimento
1022 2149 1174 2228 superiori
1205 2149 1417 2209 necessariam
1441 2150 1574 2222 bonam;

296 2255 369 2315 item
394 2273 553 2316 cameram
578 2257 617 2316 ad
641 2275 736 2316 unam
760 2257 938 2318 clausuram
962 2275 1077 2317 novam
1100 2265 1184 2317 tecto
1208 2257 1365 2317 assericeo
1394 2276 1477 2317 novo
1500 2275 1565 2335 pro·

296 2363 405 2438 visam,
428 2363 588 2424 lomacem
612 2363 781 2443 pistoream
804 2373 887 2424 tecto
910 2365 993 2425 bono
1017 2385 1080 2423 non
1107 2365 1276 2442 provisam.
1299 2365 1375 2424 ltem
1400 2383 1498 2442 penes
1522 2384 1573 2424 ca·

295 2488 414 2530 meram
438 2471 531 2530 haras
557 2471 704 2531 alatilium
729 2472 786 2532 sub
812 2491 873 2532 uno
896 2480 979 2532 tecto
1012 2472 1191 2550 pavimento
1223 2472 1359 2532 inferiori
1389 2470 1575 2552 indigentes.

407 2577 455 2639 14.
478 2579 657 2659 Stephanus
680 2580 884 2640 Gallekovich
908 2580 1004 2641 habet
1027 2581 1154 2640 domum
1177 2579 1303 2657 bonurn,
1326 2581 1472 2639 horreum
1496 2580 1574 2639 anti-

297 2705 393 2764 quum
418 2686 624 2764 reparatione
638 2688 790 2767 indigene,
816 2695 888 2747 ante
912 2689 1039 2748 domum
1063 2706 1221 2748 cameram
1246 2688 1287 2748 ad
1309 2687 1389 2747 duas
1413 2688 1574 2747 clausuras

298 2794 374 2853 satis
398 2790 524 2868 bonam,
547 2812 644 2874 penes
668 2796 749 2856 hanc
784 2796 943 2856 chardalra
978 2794 1059 2855 bona
1094 2795 1239 2855 omnibus
1274 2796 1401 2873 provisa
1432 2796 1575 2855 Thomas

296 2902 460 2981 privativa,
484 2903 536 2981 qui
561 2903 673 2962 alicubi
696 2910 840 2983 vagatur,
856 2904 950 2963 haras
966 2903 1168 2983 biangulares
1186 2902 1227 2962 ad
1242 2904 1404 2962 clausuras
1429 2902 1448 2963 5
1476 2902 1575 2962 bonas

294 3009 437 3068 omnibus
470 3010 621 3088 provisae,
644 3009 803 3070 fornacem
838 3010 1008 3089 pistoream
1043 3029 1099 3088 per
1133 3010 1359 3089 negligentiam
1394 3030 1456 3069 non
1492 3018 1575 3069 tecto

296 3116 378 3175 bono
407 3116 582 3195 provisam,
614 3117 687 3177 item
720 3118 815 3177 habet
846 3118 972 3177 domum
1003 3116 1146 3177 fabrilem
1178 3116 1314 3177 defuncti
1346 3118 1487 3176 Matlriae
1519 3136 1576 3177 an-

295 3224 424 3302 tiquam.

407 3330 454 3393 15.
478 3333 605 3392 Marcus
629 3332 834 3393 Gallelrovich
857 3333 952 3392 habet
976 3332 1102 3392 domum
1120 3331 1279 3411 antiquam
1296 3332 1327 3392 in
1343 3333 1458 3392 misero
1482 3342 1573 3409 statu,

296 3440 442 3500 horreum
468 3440 628 3519 antiquum
653 3440 850 3522 reparatione
882 3439 1112 3514 necessarium
1143 3440 1217 3499 item
1250 3440 1282 3500 in
1306 3440 1457 3500 columnis
1480 3440 1574 3500 habet

296 3548 506 3627 foenilegium,
530 3550 676 3609 horreum
700 3550 773 3609 item
798 3548 829 3608 in
853 3566 965 3627 campo
997 3548 1071 3607 foris
1102 3556 1190 3607 extra
1222 3568 1339 3628 pagum
1370 3550 1575 3610 novissimum

299 3656 443 3715 omnibus
479 3656 648 3733 provisum,
679 3657 794 3716 ibidem
830 3654 924 3715 etiam
958 3656 1054 3714 haras
1085 3650 1244 3714 maialium
1285 3653 1402 3730 bonas;
1435 3656 1509 3716 item
1544 3657 1575 3716 in

294 3762 391 3823 fundo
414 3764 526 3823 domus
557 3764 653 3824 habet
676 3784 832 3824 cameram
856 3764 1073 3823 frumentalem
1097 3764 1212 3824 bonam
1244 3782 1369 3837 novam,
1392 3766 1486 3824 haras
1510 3765 1574 3824 ani·

295 3872 422 3932 malium
459 3872 499 3931 ad
533 3881 598 3931 tres
633 3874 794 3932 clausuras
828 3872 859 3931 in
883 3874 966 3931 malo
990 3881 1082 3931 statu.
1107 3872 1182 3931 Item
1218 3871 1375 3931 stabulum
1408 3873 1448 3932 ad
1480 3892 1575 3931 unam

295 3990 417 4057 portam
442 4000 558 4039 novum
594 3980 739 4039 omnibus
774 3980 941 4057 provisum,
965 3977 1125 4038 fornacem
1149 3978 1320 4057 pistoream
1343 3998 1400 4057 per
1415 3980 1575 4060 pigritiam

294 4087 376 4147 bono
399 4096 483 4147 tecto
507 4106 569 4145 non
592 4086 768 4164 provisam;
792 4086 868 4146 item
891 4088 987 4145 habet
1011 4087 1137 4145 domum
1170 4086 1312 4145 fabrilem
1345 4087 1507 4165 antiquam
1543 4087 1576 4146 in

297 4193 380 4252 bono
404 4201 496 4257 statu.

408 4297 456 4361 16.
480 4294 636 4379 Iosephus
662 4299 866 4360 Gallekovich
902 4300 1062 4379 antiquam
1094 4301 1220 4359 domurn
1252 4300 1347 4360 habet
1377 4300 1575 4379 reparatione

299 4425 336 4467 ex
351 4406 473 4485 integro
487 4408 707 4483 necessariam,
722 4409 868 4468 horreum
894 4408 1064 4486 antiquum,
1088 4427 1245 4467 cameram
1261 4428 1411 4488 magnam
1440 4409 1576 4468 frumen-

302 4515 396 4573 talem
422 4515 598 4593 antiquam;
622 4516 696 4575 item
719 4515 876 4575 stabulum
901 4516 1072 4595 antiquum,
1089 4517 1166 4575 haec
1190 4515 1296 4575 omnia
1312 4518 1507 4594 reparatione
1532 4517 1575 4575 in·

303 4620 452 4701 digentia‚
475 4622 570 4681 haras
593 4641 693 4682 novas
718 4622 756 4683 ad
781 4631 846 4682 tres
869 4624 1040 4697 clausuras
1056 4622 1216 4682 lomacem
1240 4622 1409 4700 pistoream
1433 4623 1463 4681 in
1495 4624 1578 4682 bono

297 4738 390 4790 statu.

409 4836 458 4899 17.
484 4837 621 4897 Mathias
644 4837 750 4898 Koosz
774 4838 869 4897 habet
893 4838 1022 4897 domum
1047 4838 1208 4917 antiquam
1239 4838 1436 4917 reparatione
1470 4858 1579 4897 neces·

298 4946 423 5021 sariam,
446 4946 592 5005 horreum
618 4946 787 5024 antiquum,
811 4946 950 5025 proxime
975 4946 1156 5020 ruinabitur,
1181 4947 1220 5005 ad
1255 4966 1347 5005 unam
1371 4953 1492 5025 partem
1516 4946 1578 5005 iam
