3934 5550
402 403 470 464 598

507 617 692 675 Procurator
723 616 754 673 in
785 633 914 674 causam
938 620 1141 673 attractarum
1169 614 1342 690 praemissa
1367 633 1424 672 sua
1448 613 1478 671 in
1503 615 1624 693 legibus
1649 621 1679 672 ct

403 724 490 801 praxi
514 723 665 783 criminali
679 723 711 781 in
727 724 824 781 hocce
847 741 955 802 regne,
981 740 1017 780 ac
1042 719 1071 781 in
1096 720 1273 780 huiusmodi
1297 721 1492 799 potissimum
1518 741 1682 780 causarum

401 832 599 909 processibus
623 838 750 908 recepta
780 839 873 907 atque
897 829 1014 888 usitata
1037 829 1207 888 luculenter
1232 829 1442 900 corroborata,
1468 837 1498 887 et
1522 828 1684 888 contrariis

401 939 440 997 ab
473 939 606 997 adverso
637 938 814 996 nullatenus
845 936 923 995 elisa
955 935 1095 1003 inveniri,
1121 945 1151 994 et
1176 935 1329 1014 siquidem
1353 937 1456 994 eidem
1487 935 1678 1013 procuratori

401 1045 499 1104 fiscali
532 1044 735 1104 fundamenta
758 1043 854 1120 partis
886 1043 916 1101 in
941 1061 1070 1102 causam
1095 1050 1245 1101 attra2tae
1271 1041 1440 1120 disputare,
1469 1062 1570 1121 neque
1595 1061 1677 1101 com·

403 1160 533 1230 peteret,
560 1152 617 1210 sed
641 1158 671 1211 et
694 1169 751 1229 per
778 1151 847 1225 hoc,
878 1151 962 1228 quod
986 1150 1138 1227 producta
1162 1149 1323 1208 torturalia
1346 1157 1514 1226 praetensa
1538 1149 1682 1208 examina

404 1267 547 1337 respectu
573 1258 759 1317 inviculatae
783 1264 997 1335 praeattactae
1022 1257 1245 1335 Margarethae
1278 1257 1335 1315 sub
1367 1258 1491 1316 nomine
1523 1257 1683 1315 Barbarae

402 1365 697 1443 circumscriptivam
714 1372 896 1442 procurator
912 1364 1026 1422 actoris
1051 1363 1169 1422 diceret
1189 1363 1418 1440 indicationem,
1443 1383 1498 1441 per
1516 1365 1575 1422 hoc
1592 1363 1685 1422 etiarn

402 1473 532 1550 praevia
562 1491 620 1531 sua
651 1491 713 1530 non
745 1471 842 1530 everti
875 1489 976 1549 neque
1011 1471 1093 1530 enim
1117 1481 1308 1548 sequeretur,
1335 1471 1418 1549 quod
1446 1471 1520 1531 talia
1544 1471 1684 1530 defectus

404 1581 574 1639 actionales
598 1579 808 1654 sublevarent,
831 1577 860 1637 in
884 1579 1004 1657 reliquo
1028 1577 1180 1654 siquidem
1206 1578 1381 1655 praemissa
1405 1578 1614 1656 procuratoris
1632 1597 1682 1638 ac-

404 1687 481 1746 toris
512 1687 727 1765 praeallegata
759 1683 919 1744 assertivis
952 1685 1116 1744 dumtaxat
1139 1692 1170 1743 et
1194 1685 1368 1762 respective
1391 1684 1540 1762 putativis
1565 1685 1680 1744 ratioti-

404 1794 581 1853 nationibus
604 1793 782 1852 insisterent
806 1792 941 1870 petendo
965 1792 1077 1852 eadem
1102 1792 1186 1850 reiiei
1210 1800 1241 1850 et
1265 1791 1330 1851 suis
1355 1791 1467 1850 deferri
1491 1801 1640 1852 reservat.

505 1900 715 1960 Deliberatum
728 1908 789 1958 est:
803 1896 944 1959 Tametsi
957 1898 1431 1978 MargarethaCzundrekovich
1445 1899 1532 1958 aliter
1545 1899 1686 1958 Czuiuek

406 2009 445 2066 ad
469 2026 619 2085 praesens
643 2007 833 2066 invinculata
857 2015 887 2064 et
911 2005 942 2063 in
966 2024 1095 2065 causam
1120 2013 1261 2081 attracta,
1286 2006 1342 2064 sub
1367 2004 1492 2064 nomine
1516 2006 1685 2080 Barbarae,

403 2133 460 2192 per
491 2133 653 2174 erroneum
684 2111 949 2191 specificationem
980 2112 1021 2171 sit
1052 2119 1192 2185 attracta,
1229 2131 1297 2170 cum
1327 2121 1433 2170 tamen
1466 2111 1496 2171 in
1528 2113 1686 2189 productis

403 2221 603 2280 torturalibus
628 2219 822 2278 examinibus
846 2219 987 2277 Helenae
1013 2219 1127 2289 Koosz,
1144 2217 1336 2278 Catharinae
1360 2218 1489 2277 Czelieh
1514 2227 1544 2277 et
1568 2217 1684 2278 Catha-

406 2328 492 2390 rinae
523 2326 740 2386 Verchkovich
772 2328 811 2385 sit
844 2325 1048 2405 Margaretha
1072 2326 1240 2398 nominata,
1273 2335 1304 2384 et
1335 2334 1398 2384 tanr
1423 2327 1527 2403 quoad
1551 2326 1685 2404 priorem

405 2455 441 2496 ac
471 2435 655 2493 modernum
686 2433 840 2505 maritum,
868 2452 963 2511 quam
995 2440 1026 2491 et
1058 2433 1160 2491 locum
1195 2432 1395 2492 habitationis
1427 2431 1467 2490 sit
1498 2432 1687 2492 sufficienter

405 2540 647 2618 circumscripta,
672 2541 846 2616 eademque
878 2539 947 2616 ipsa
978 2539 1168 2598 invinculata
1193 2539 1362 2618 allegatam
1387 2539 1685 2599 condescensionem

406 2667 469 2706 non
487 2647 583 2724 sequi,
608 2648 664 2705 sed
683 2646 877 2723 procuratori
893 2646 1033 2704 eiusdem
1059 2665 1096 2704 ex
1109 2655 1197 2722 parte
1223 2647 1319 2724 ipsius
1335 2647 1366 2705 in
1384 2665 1510 2705 causam
1537 2655 1688 2706 attractae

407 2754 561 2832 interponi
584 2762 647 2812 tam
672 2751 732 2813 ltis
756 2752 1015 2813 contestationem
1041 2761 1133 2813 stare.

514 2858 683 2919 Caeterum
707 2861 779 2919 licet
793 2867 977 2938 procurator
999 2860 1031 2918 in
1046 2880 1175 2920 causam
1192 2868 1394 2920 attractarum
1419 2861 1449 2919 in
1467 2862 1686 2922 enodationem

407 2978 438 3027 et
462 2968 664 3028 sublevamen
690 2968 891 3047 Margaretae
909 2967 1090 3026 Koskovich
1114 2968 1176 3026 tale
1199 2969 1290 3045 quale
1316 2968 1599 3028 ecclesiasticarum
1619 2988 1687 3047 per-

406 3094 555 3134 sonarum
579 3074 656 3133 alias
680 3074 711 3132 in
735 3074 885 3132 similibus
910 3074 1013 3132 causis
1030 3074 1240 3133 criminalibus
1257 3074 1382 3133 cuilibet
1399 3094 1452 3133 reo
1471 3077 1575 3135 lavere
1601 3094 1686 3135 asso·

407 3182 545 3253 lentium,
576 3189 804 3258 cousequenter
837 3200 893 3257 pro
920 3181 1020 3239 solido
1045 3180 1247 3240 fundamento
1271 3181 1347 3239 haut
1370 3182 1593 3241 assumendum
1617 3203 1686 3260 pro·

410 3289 551 3349 duxisset
583 3289 829 3361 fundamentum,
853 3308 924 3346 curn
948 3299 1054 3347 tamen
1089 3298 1213 3366 praeter
1245 3290 1377 3348 eandem
1410 3289 1562 3349 Helenam
1590 3292 1686 3363 Koos,

408 3398 511 3455 adhuc
544 3395 603 3454 alia
628 3405 715 3453 terna
739 3404 846 3454 essent
869 3396 1093 3474 aggravateria
1125 3404 1233 3455 eontra
1257 3397 1390 3456 eandem
1422 3398 1461 3455 de
1493 3406 1684 3457 mortuarum

408 3502 567 3561 torturalia
601 3501 754 3572 examina,
784 3520 847 3559 non
878 3502 1022 3560 obstante
1047 3502 1199 3561 eiusmodi
1228 3502 1439 3563 ecclesiastica
1462 3476 1693 3585 recognitione,

409 3609 541 3669 eandem
566 3609 597 3668 in
621 3627 749 3668 causam
782 3617 946 3667 attractam
980 3609 1216 3689 Margaretham
1249 3611 1438 3685 Koskovich,
1463 3622 1554 3690 prout
1578 3621 1609 3671 et
1633 3612 1685 3673 Ni·

411 3718 532 3775 colaum
557 3716 763 3789 Dauutoviclr,
795 3717 1031 3793 Margaretham
1057 3716 1326 3788 Czandrekovich,
1363 3719 1599 3797 Margaretham
1634 3720 1686 3778 Ki-

410 3825 547 3900 szelyak,
581 3824 769 3883 Dorotheam
794 3825 983 3884 Trumbetas
1007 3825 1146 3884 seorsive
1170 3826 1274 3899 ternis,
1300 3846 1336 3885 ac
1360 3828 1513 3887 Helenam
1538 3828 1687 3904 Kernyak

410 3930 577 4009 quaternis,
602 3939 632 3989 et
649 3932 863 4010 Margaretam
884 3932 1025 3992 chhich
1049 3931 1137 4005 binis,
1154 3932 1327 4011 iisdemque
1345 3943 1442 3992 morte
1468 3934 1686 3995 authenticatis

410 4058 448 4097 ac
471 4038 612 4098 diversas
636 4046 720 4097 artes
743 4039 885 4119 magicas
908 4049 940 4098 et
963 4040 1116 4099 veneficia
1139 4040 1382 4118 exprimentibus
1400 4043 1598 4101 torturalibus
1615 4061 1685 4102 exa·

410 4146 544 4204 minibus
574 4155 733 4225 gravatas,
758 4148 900 4225 adeoque
934 4148 1046 4207 artium
1078 4148 1272 4227 magicarum
1307 4159 1338 4207 ct
1369 4150 1566 4208 actionalium
1597 4150 1688 4209 meri-

410 4264 510 4311 torum
542 4254 618 4311 haut
648 4253 742 4313 dubie
773 4272 853 4327 reas,
884 4255 1015 4333 praevia
1046 4254 1160 4314 diaboli
1193 4256 1284 4333 sigilli
1309 4256 1522 4315 reinventione
1547 4257 1687 4317 torturali

411 4359 546 4418 examini
571 4360 781 4421 subiiciendas
805 4362 940 4437 decerni,
964 4381 1027 4439 quo
1051 4372 1178 4440 peracto
1203 4364 1294 4424 finale
1320 4364 1450 4423 ferretur
1474 4364 1628 4423 iudicium.

838 4503 966 4563 Gabriel
990 4506 1145 4578 Skerlecz,
1170 4506 1318 4565 nobilium
1337 4507 1449 4587 Campi
1466 4507 1493 4569 T
1497 4509 1645 4587 uropolya

892 4613 1009 4671 iuratus
1035 4612 1174 4675 notarius
1199 4635 1237 4673 m.
1262 4634 1290 4696 p.

978 4807 994 4846 'l
1112 4813 1126 4845 ‘v

1044 4856 1056 4881 -u
