3934 5550
408 415 473 477 228

407 639 538 691 eatenus
563 629 743 708 acceperint
766 627 981 700 intimatorias,
1005 635 1145 686 actutum
1168 645 1215 701 eo,
1248 644 1310 704 quo
1342 626 1418 704 ipsis
1449 633 1557 685 eotum
1592 626 1691 685 iniun-

409 748 510 819 getur,
534 736 739 816 personaliter
763 754 834 795 sese
867 734 978 794 sistere
1003 742 1035 793 et
1058 752 1242 813 comparare
1274 732 1420 809 debeant,
1451 741 1689 811 teneanturque.

408 844 621 905 Dominationi
645 844 749 922 itaque
774 850 899 901 vestrae
923 859 1101 921 generosae
1126 842 1236 900 hanam
1261 840 1342 901 serie
1366 859 1404 899 ex
1429 840 1618 901 authoritate
1635 860 1689 900 no·

408 961 473 1013 stra
496 951 601 1012 banali
624 949 845 1011 committimus
869 956 900 1008 et
932 949 1129 1027 mandamus,
1158 955 1314 1026 quatenus
1349 947 1498 1025 praeviae
1533 947 1691 1027 benignae

409 1080 487 1121 suae
510 1058 684 1119 maiestatis
708 1056 939 1118 sacratissimae
964 1056 1184 1132 commissioni,
1218 1056 1386 1135 tactaeque
1417 1056 1553 1134 desuper
1584 1056 1689 1134 dispo·

410 1167 513 1227 sitioni
538 1174 663 1227 nostrae
687 1183 758 1225 sese
783 1164 1000 1239 accomodare,
1024 1163 1056 1223 in
1072 1182 1269 1243 personaque
1282 1163 1410 1242 propria
1426 1182 1496 1222 cum
1512 1162 1690 1223 hominibus

412 1275 469 1335 sibi
494 1272 650 1347 subiectis,
675 1292 747 1331 cum
770 1272 948 1350 provisione
980 1278 1114 1350 quatuor
1149 1271 1416 1330 hebdomadarum
1452 1289 1605 1348 annonae,
1637 1270 1690 1330 ubi

409 1384 454 1443 uti
477 1381 744 1462 praeinsinuatum
769 1387 862 1455 esset,
886 1379 963 1439 alias
988 1397 1026 1439 eo
1051 1379 1082 1437 in
1106 1398 1202 1457 passu
1225 1388 1350 1439 nostras
1375 1378 1531 1458 acceperit
1555 1378 1595 1438 ad
1618 1397 1689 1458 per·

412 1491 559 1551 sonaliter
583 1490 816 1571 insurgendum,
841 1496 872 1547 et
903 1487 934 1547 in
964 1506 1111 1566 campum
1140 1487 1375 1565 producendum
1409 1486 1623 1560 intimatorias‚
1655 1487 1686 1545 in

409 1606 554 1678 promptu
591 1616 661 1658 esse
697 1604 792 1676 queat
826 1604 857 1656 et
888 1603 1007 1676 parata.
1038 1594 1208 1655 Caeterum
1239 1594 1356 1654 valebit
1388 1593 1547 1656 foeliciter.
1572 1594 1688 1654 Datum

413 1707 567 1781 Rohoncz,
591 1706 641 1766 die
671 1705 716 1767 15.
741 1706 805 1765 iulii
833 1701 924 1765 1698.

514 1852 696 1911 Generosae
720 1850 938 1911 dominationis
963 1856 1088 1908 vestrae
1111 1848 1283 1908 benevolus

865 1992 981 2054 Comes
1006 1992 1148 2054 Adamus
1172 1993 1212 2053 de
1235 1992 1402 2069 Batthyan‚
1424 1992 1526 2051 banus
1550 2011 1589 2051 m.
1613 2010 1642 2069 p.

522 2141 565 2200 ln
589 2140 732 2198 dorso:
757 2138 921 2199 Generoso
944 2136 1071 2197 domino
1087 2138 1181 2197 Petro
1197 2136 1333 2210 Valicza,
1350 2135 1561 2196 universitatis
1578 2134 1691 2213 Campi

411 2247 600 2327 thropoliae
625 2247 729 2307 comiti
753 2247 891 2307 terrestri
915 2255 982 2321 etc,
1006 2246 1096 2306 nobis
1120 2245 1325 2305 observando.

514 2370 659 2440 Originalc
679 2370 868 2434 chartaceum,
887 2386 904 2422 a
921 2376 1004 2439 tergo
1023 2384 1192 2436 appressum
1212 2374 1257 2420 est
1275 2366 1407 2437 sigillum,
1418 2382 1476 2435 quo
1496 2365 1576 2418 litera
1594 2363 1690 2418 clausa

413 2466 481 2515 erat.
501 2462 531 2514 ln
552 2460 665 2514 archivo
685 2476 827 2514 commun.
846 2461 911 2514 nob.
932 2460 968 2514 de
988 2458 1150 2528 Turopolje.

1001 2742 1105 2816 18⁰.

519 2913 610 2973 Anno
638 2910 729 2973 1698.
755 2911 783 2974 2.
808 2913 942 2993 augusti.
966 2911 1152 2992 Zagrabiae.

411 3069 606 3156 Stephanus
629 3068 867 3152 Selischeuich,
890 3071 1068 3156 episcopus
1102 3070 1357 3158 Zagrabiensiu
1387 3071 1507 3134 coirriti
1536 3069 1693 3134 terrestri

413 3178 537 3262 Campi
558 3178 818 3263 Turopotiensis
833 3177 1025 3258 committit,
1047 3181 1088 3241 ut
1111 3199 1189 3242 cum
1211 3178 1375 3265 gentibus
1389 3177 1543 3242 eiusdem
1570 3175 1692 3261 Conspi

741 3305 862 3350 versam
893 3285 1000 3350 Vetiki
1025 3284 1185 3373 Gradczy
1207 3286 1356 3367 festinet.

626 3483 788 3544 Generose
812 3483 936 3544 domine
960 3484 1167 3547 observande.

519 3609 665 3689 Acceptis
695 3610 914 3689 praesentibus
945 3629 1103 3690 generosa
1136 3609 1307 3671 dominatio
1338 3618 1445 3671 vestra
1477 3630 1558 3684 mox,
1589 3619 1621 3671 et
1653 3631 1691 3671 eo

414 3717 498 3776 lacto
522 3717 632 3777 levatis
656 3716 769 3776 viritim
793 3717 940 3797 gentibus
964 3716 1078 3796 Campi
1102 3719 1291 3796 Turopolya,
1306 3737 1401 3778 curae
1416 3718 1493 3778 alias
1517 3736 1593 3778 suae
1618 3737 1690 3778 con·

415 3824 549 3898 creditis,
573 3843 683 3884 versus
705 3825 808 3886 Ueliki
832 3824 978 3901 Gradczy
1011 3826 1051 3885 ad
1083 3833 1185 3885 castra
1209 3825 1376 3900 lestinabit,
1407 3827 1533 3905 quando
1564 3825 1690 3905 quidem

414 3932 556 3992 inimicus
587 3951 709 3992 rursum
733 3933 764 3993 in
788 3952 934 4012 campum
966 3934 1147 3994 Nouensem
1170 3944 1202 3994 et
1224 3934 1418 3995 Zriniensem
1441 3934 1524 3994 vires
1548 3953 1623 3994 suas
1640 3953 1691 3994 ex·

415 4040 542 4101 tendere
585 4040 693 4113 vellet,
727 4049 896 4120 partesque
930 4041 999 4102 illas
1034 4040 1158 4102 ruinare
1195 4049 1226 4100 et
1264 4042 1412 4121 expillare
1448 4042 1689 4118 machinaretur,

415 4147 557 4226 adeoque
580 4155 615 4206 ut
637 4148 669 4207 in
692 4156 833 4226 tempore
857 4147 983 4229 aliquod
1013 4148 1124 4209 iisdem
1158 4149 1305 4210 auxilium
1336 4149 1503 4224 adferatur,
1535 4167 1692 4229 generosa

411 4255 582 4316 dominatio
607 4265 711 4318 vestra
733 4275 790 4335 pro
814 4256 897 4317 bono
921 4256 1021 4317 dulcis
1043 4257 1173 4336 patriae,
1196 4266 1228 4318 et
1251 4258 1378 4318 servitio
1409 4278 1486 4319 suae
1517 4256 1690 4318 maiestatis

412 4362 652 4440 sacratissimae,
676 4365 850 4442 praemissa
872 4384 934 4443 quo
958 4365 1049 4425 citius
1072 4365 1177 4426 iacere
1201 4365 1404 4426 adlaborabit.
1436 4367 1477 4425 Et
1507 4366 1556 4425 his
1587 4365 1618 4425 in
1642 4383 1690 4424 re·

411 4472 494 4550 liquo
519 4471 634 4532 valebit
657 4471 829 4532 diutissime
852 4472 1040 4534 lelicissima.
1064 4473 1180 4533 Datum
1205 4473 1392 4552 Zagrabiae‚
1415 4473 1466 4533 die
1499 4471 1528 4534 2.
1556 4473 1691 4552 augusti,

411 4599 493 4640 anno
522 4575 615 4640 1698.

519 4686 701 4748 Generosae
725 4687 754 4748 d.
777 4696 902 4748 vestrae
926 4690 1044 4749 servire
1068 4699 1196 4768 paratus

1106 4815 1285 4894 Stephanus
1308 4815 1530 4888 Selischeuich,

1052 4923 1218 5001 episcopus
1240 4923 1463 5003 Zagrabiensis
1487 4941 1526 4982 m.
1549 4943 1578 5001 p.
