3934 5550
1512 412 1571 471 491

377 644 382 655 ’
404 622 479 680 Item
495 641 593 699 penes
609 622 737 702 lugaros
755 629 785 681 et
802 623 965 699 vayvodos
989 624 1147 703 eliguntur
1163 633 1194 683 et
1209 626 1405 686 constituitur
1422 626 1580 708 Georgius

296 730 479 809 Pogledych
511 738 542 789 et
573 728 723 790 Nicolaus
750 730 917 808 Plepeiich‚
941 730 995 809 qui
1018 739 1145 809 praesto
1169 742 1259 791 erunt
1282 735 1408 813 quando
1431 734 1518 813 porci
1542 754 1579 795 ex

296 838 415 915 ceinsu]
442 838 590 915 syrovina
613 847 725 898 vocato
749 837 780 897 in
803 838 968 917 glandines
991 838 1203 901 immittentur.

403 946 481 1005 Item
512 945 699 1027 quicumque
730 966 768 1006 ex
801 946 954 1023 vayvodis
988 946 1122 1009 fideliter
1153 949 1310 1010 custodire
1334 950 1456 1026 sylvam
1479 969 1576 1029 penes

295 1056 504 1114 iuramentum
528 1054 711 1133 praestitum
734 1054 875 1131 noluerit,
898 1072 997 1133 penes
1020 1054 1183 1115 articulum
1200 1056 1399 1135 iampridem
1423 1058 1577 1118 sancitum

296 1162 449 1241 punietur.

403 1268 526 1330 Census
559 1270 707 1347 syrovina
738 1270 932 1330 constituitur
964 1289 984 1329 a
1017 1272 1187 1331 maioribus
1220 1274 1323 1351 porcis
1354 1293 1411 1353 per
1434 1274 1580 1333 denarios

297 1376 348 1455 20,
373 1378 412 1438 de
436 1378 606 1439 minoribus
631 1397 705 1439 vero
729 1398 785 1457 per
815 1378 960 1439 denarios
991 1378 1028 1438 12
1053 1379 1236 1459 exigendus.

402 1485 597 1567 Capitaneus
631 1487 778 1547 nobilium
813 1487 937 1567 eiigitur
967 1488 1117 1548 Nicolaus
1149 1489 1326 1567 Plepelych,
1350 1489 1481 1569 signiter
1505 1508 1579 1549 vero

295 1594 407 1653 Petrus
440 1594 667 1672 Blasekowych
697 1614 797 1674 usquc
829 1594 901 1653 anni
933 1595 1128 1657 curriculum.
1161 1594 1337 1673 Capitaneo
1365 1596 1513 1656 salarium
1538 1597 1579 1655 ad

294 1722 390 1761 unum
414 1721 554 1763 mensem
578 1704 728 1780 deputant
751 1704 886 1762 florenos
907 1703 1126 1782 hungaricaies
1143 1711 1285 1781 quatuor,
1302 1703 1452 1783 signifero
1469 1711 1574 1763 autem

296 1811 479 1871 Rhenenses
504 1822 645 1889 quatuor.

309 1948 314 1955 ·
402 1904 625 1978 Coniuratores
657 1936 754 1996 penes
785 1936 1005 1997 quemcunque
1036 1920 1155 1998 absque
1179 1918 1258 1981 scitu
1282 1928 1314 1978 et
1332 1921 1497 1979 uoluntate
1521 1920 1576 1978 do·

295 2026 369 2085 mini
403 2026 524 2085 comitis
552 2026 655 2085 iurare
691 2041 753 2085 non
786 2024 953 2100 debebunt,
977 2027 1069 2105 -quod
1100 2027 1126 2085 si
1158 2026 1269 2105 aliquis
1304 2027 1375 2085 talis
1385 2026 1578 2104 reperietur,

295 2134 470 2211 puniendus
495 2133 560 2193 erit

402 2242 477 2301 ltem
511 2241 567 2300 viri
598 2242 666 2301 sine
697 2241 885 2314 mulieribus,
917 2249 949 2300 et
979 2241 1124 2300 mulieres
1156 2241 1224 2302 sine
1248 2240 1322 2301 viris
1346 2242 1497 2315 inventes,
1520 2242 1574 2319 qui

295 2348 455 2408 mulierem
486 2336 658 2428 legitimam
691 2349 763 2409 aiibi
794 2350 889 2409 habet
920 2349 1073 2424 adducat·
1096 2349 1206 2408 mulier
1241 2368 1317 2409 vero
1349 2352 1448 2409 virurn
1485 2370 1576 2409 suuni

294 2456 466 2535 legitimum
502 2464 621 2535 querat,
652 2465 683 2516 et
717 2465 787 2517 cum
820 2456 887 2535 ipso
917 2455 1003 2515 iuxta
1035 2455 1128 2514 ritum
1153 2464 1184 2514 et
1207 2465 1410 2535 praeceptum
1446 2465 1576 2517 sanctae

294 2563 402 2623 matris
426 2564 577 2623 ecclesiae
601 2564 696 2625 vivat.
723 2564 905 2625 Meretrices
929 2581 1005 2623 vero
1028 2562 1108 2622 intra
1134 2570 1281 2621 octavum
1304 2564 1387 2623 dienr
1411 2561 1574 2623 eiiciantur

294 2690 332 2729 ex
367 2672 426 2730 hoc
461 2672 583 2750 (Iampo
616 2672 838 2752 Turopolensi3
865 2672 895 2730 :si
919 2670 989 2749 quis
1014 2670 1098 2746 apud
1129 2688 1163 2727 se
1196 2670 1334 2732 retinerit
1359 2690 1397 2730 ex
1421 2672 1576 2731 nobilibus

294 2779 407 2858 Campi
438 2781 686 2857 Turopolensis,·
704 2781 876 2861 birsagium
909 2781 1046 2840 florenos
1079 2778 1299 2858 hungaricaies
1332 2798 1387 2838 sex
1411 2781 1513 2839 solvet
1536 2783 1576 2840 ad

294 2887 459 2946 ecclesiam
475 2871 639 2950 leedentes.

398 3043 543 3114 Originalu
565 3047 754 3098 chartaceum.
774 3046 803 3099 In
824 3047 937 3099 archivo
956 3060 1099 3098 commun.
1118 3043 1184 3096 nob.
1205 3043 1241 3095 de
1260 3042 1427 3112 Turopoljc:
1447 3044 1572 3114 Congre-

293 3133 444 3202 gatioitalia
465 3133 531 3186 fasc.
554 3135 575 3186 1.
