3934 5550
1498 395 1559 457 l'l'!

276 619 400 679 quoque
424 602 573 661 mandato
589 602 785 663 satisfacturi.
809 604 844 662 ln
868 604 986 682 reliquo
1010 605 1125 665 valebit
1141 606 1278 668 leliciter.
1294 609 1482 689 Zagrabiae,
1508 611 1559 671 die

276 708 376 785 prima
399 708 516 768 mensis
540 729 555 767 s
576 708 725 787 ptembris
755 708 846 771 1685.

383 833 533 893 Eiusdem
557 834 585 895 d.
601 842 734 914 ‚vestrae
758 834 876 895 amicus
901 836 1118 915 paratissimus

872 980 990 1041 Comes
1013 982 1162 1043 Nicolaus
1185 984 1342 1063 Erdeody,
1365 986 1466 1047 banus

1035 1109 1131 1150 manu
1152 1092 1287 1172 propria

320 1262 325 1269 .
380 1211 423 1269 ln
446 1198 586 1271 dorso:
604 1211 766 1272 Generoso
782 1213 909 1273 domino
922 1214 1015 1273 Petro
1032 1214 1171 1276 Vallicza
1187 1216 1276 1277 aliter
1290 1219 1556 1297 Szenkouachlry,
1632 1194 1636 1203 ’

265 1317 488 1377 ‘universitatis
511 1320 659 1379 nobilium
684 1320 797 1400 Campi
820 1321 1043 1403 Zagrabiensis
1067 1324 1095 1383 T
1097 1325 1238 1403 uropolia
1260 1325 1335 1387 dicti
1358 1327 1463 1388 comiti
1494 1336 1554 1389 ter·

277 1425 367 1484 restri
391 1434 458 1503 etc,
482 1428 582 1489 a'mieo
606 1428 899 1491 observandissime

370 1560 525 1638 ¹Originale
550 1570 740 1638 chartaceum,
766 1587 783 1625 a
807 1576 888 1642 tergo
914 1590 1082 1641 appressurn
1108 1574 1240 1645 sigillum,
1265 1592 1323 1645 quo
1347 1577 1429 1631 litera
1460 1578 1556 1632 clausa

272 1662 340 1709 erat,
360 1656 390 1708 ln
410 1657 524 1714 archivo
542 1674 684 1714 commun.
703 1662 769 1715 nob.
789 1662 825 1715 de
845 1662 1005 1733 Turopolje.

378 2162 471 2221 Anno
499 2158 591 2226 1685.
615 2163 643 2223 5.
669 2142 863 2242 septembris.
887 2166 1073 2245 Zagrabiae.

269 2354 439 2419 Nicotaus
462 2356 628 2441 Erdeody‚
652 2356 771 2436 barrus,
786 2358 907 2422 conriti
930 2362 1010 2424 terr.
1036 2358 1160 2444 Campi
1188 2360 1374 2444 Turopolia
1398 2362 1551 2434 mandat,

271 2464 311 2526 ut
333 2462 463 2549 equites
486 2466 518 2528 et
536 2465 666 2549 pedites
688 2465 947 2550 Turopolz'enses
970 2466 1017 2531 od
1038 2466 1225 2552 indagatus
1241 2468 1415 2553 praesidii
1437 2490 1464 2533 s.
1488 2468 1549 2534 Ge·

763 2574 859 2658 orgii
879 2572 1056 2659 perducat.

486 2771 648 2832 Generosa
672 2772 796 2832 domine
821 2772 921 2833 amice
944 2771 1034 2833 nobis
1057 2772 1263 2835 observande.

379 2897 451 2956 Non
475 2897 619 2957 obstante
643 2897 821 2958 immediate
845 2900 1054 2977 praecedente
1078 2899 1318 2960 demandatione
1349 2911 1465 2976 nostra,
1498 2920 1549 2961 oc·

273 3003 400 3064 casione
424 3005 580 3084 equitatus
604 3012 635 3065 et
659 3025 862 3084 processuum
886 3015 917 3066 et
941 3007 1144 3066 comitatuum
1169 3007 1260 3080 lacta,
1275 3006 1324 3067 his
1347 3007 1550 3068 dominationi

271 3119 396 3172 vestrae
420 3112 558 3192 repetitis
581 3113 701 3174 vicibus
732 3114 815 3174 serio
838 3115 1025 3174 mandamus
1048 3123 1080 3174 et
1101 3113 1298 3193 imponimus,
1322 3125 1356 3174 ut
1378 3116 1549 3193 equitatum

271 3228 304 3280 et
326 3221 497 3299 peditatum
522 3221 635 3300 Campi
659 3221 815 3296 nobilium,
832 3222 992 3282 hominurn
1016 3222 1161 3282 videlicet
1184 3240 1311 3282 suorum
1334 3241 1421 3281 more
1445 3218 1549 3282 solito'

270 3329 361 3404 levet,
378 3337 410 3388 et
426 3329 466 3388 ad
482 3329 649 3410 indagines
661 3329 809 3408 praesidii
824 3329 932 3389 Sancti
947 3329 1086 3409 Georgii,
1102 3330 1152 3389 die
1169 3348 1253 3390 nona
1264 3308 1416 3389 currentis
1433 3329 1551 3389 mensis

272 3436 466 3514 septembris,
498 3436 635 3497 indillate
668 3457 705 3496 ac
736 3437 956 3508 indifferenter,
989 3439 1046 3496 sub
1078 3456 1181 3516 poena
1211 3436 1242 3495 in
1274 3437 1411 3496 articulis
1444 3437 1549 3515 regnis

272 3551 381 3604 contra
404 3545 581 3624 regnicolas
605 3551 637 3604 et
659 3543 810 3604 officiales
840 3545 969 3621 sancita,
993 3546 1152 3624 perducat,
1176 3562 1309 3622 seseque
1343 3563 1414 3603 cum
1437 3543 1548 3604 iisdem

271 3650 369 3712 sistat.
393 3651 492 3711 Secus
515 3670 578 3712 non
601 3651 730 3713 lactura.
754 3652 939 3732 Zagrabiae,
963 3653 1014 3712 die
1038 3651 1067 3712 5.
1090 3650 1276 3729 septembris
1304 3647 1397 3710 1685.

376 3797 526 3858 Eiusdem
550 3796 769 3857 dominationis
794 3805 917 3857 vestrae
942 3795 1061 3856 amicus
1084 3795 1301 3874 paratissimus
1347 3789 1350 3794 ’

913 3939 1030 4000 Comes
1054 3939 1201 3999 Nicolaus
1224 3940 1380 4016 Erdeody,
1403 3939 1504 3998 banus

1075 4065 1171 4106 manu
1195 4047 1328 4125 propria.

376 4177 564 4238 lnlerius
588 4177 628 4236 in
652 4177 777 4238 ealce.
802 4177 837 4235 D.
862 4193 961 4254 spano
985 4172 1100 4251 Campi
1122 4172 1318 4251 Turopoliae,

377 4287 419 4346 ln
444 4287 586 4345 dorso:
612 4283 774 4344 Generoso
792 4282 917 4343 domino
934 4283 1028 4341 Petro
1045 4280 1175 4341 Valicza
1200 4280 1288 4340 aliter
1310 4279 1549 4354 Senkouachlry,

272 4393 483 4453 universitatis
506 4392 656 4452 nobilium
680 4390 793 4469 Campi
818 4389 1039 4470 Zagrabiensis
1062 4388 1232 4466 Turopolia
1256 4387 1329 4447 dicti
1360 4385 1465 4446 comiti
1487 4393 1548 4444 ter·

270 4501 362 4560 restri
386 4509 454 4573 etc,
477 4500 604 4559 domino
628 4499 729 4560 arnico
753 4498 958 4559 observando.

376 4622 521 4694 Originale
540 4623 730 4690 chartaceum,
750 4638 766 4675 a
784 4630 865 4692 tergo
891 4636 1059 4689 appressum
1086 4617 1163 4687 (cera
1181 4617 1271 4688 nigra)
1291 4616 1422 4687 sigillum,
1441 4631 1500 4684 quo
1518 4614 1549 4667 li·

267 4721 329 4767 tera
347 4713 443 4766 clausa
462 4719 529 4766 erat.
549 4713 580 4765 ln
600 4712 714 4766 archivo
733 4727 875 4764 commun.
894 4710 960 4762 nob.
980 4709 1018 4762 de
1037 4706 1198 4776 Turopolje.

285 4835 288 4840 '
379 4839 473 4890 'lnde
499 4837 534 4890 ab
562 4836 694 4904 ›Campi‹
719 4851 804 4903 supra
830 4834 949 4888 alineam
974 4835 1121 4900 scriptum,
1146 4832 1175 4884 in
1193 4831 1268 4884 linea
1293 4838 1389 4883 autem
1409 4829 1549 4882 deletum:

270 4929 364 4988 »iuxta
382 4928 507 5003 priorem
527 4925 724 4982 limitationem
743 4924 847 4994 regnis

1442 5025 1477 5079 12
