3934 5550
1507 426 1572 488 525

286 626 460 704 peditiones
484 627 608 688 fiendae
631 648 693 689 non
716 631 927 708 perficientur)
951 633 1055 692 statim
1081 635 1287 699 destruantur.
1305 637 1452 700 Similiter
1476 661 1568 721 egre-

286 734 408 814 giorum
432 735 560 816 Georgii
585 737 718 817 Vagych
743 757 780 797 ac
804 739 888 798 Petri
912 739 964 798 lilii
990 739 1141 814 eiusdem,
1157 741 1263 802 itidem
1280 745 1428 806 comitum
1454 746 1567 826 Campi

285 841 517 921 Zagrabiensis,
549 863 671 904 necnon
702 845 865 906 Michaelis
896 846 1013 906 Mixich
1048 849 1261 926 expeditiones
1296 853 1353 912 sub
1385 853 1506 914 eisdem
1530 855 1570 915 si·

285 949 366 1028 gillis
401 950 560 1022 habentes,
596 953 809 1030 expediantur,
836 962 908 1032 post
943 956 1078 1016 eundern
1113 958 1279 1018 terminum
1314 967 1348 1020 ut
1384 980 1479 1041 supra
1515 964 1568 1023 de-

286 1065 451 1119 struentur.

392 1165 422 1226 4.
446 1166 604 1247 Egregius
637 1168 769 1228 loannes
793 1170 925 1249 Vagich,
949 1180 1078 1231 exactor
1100 1173 1282 1251 quatumvis
1306 1177 1568 1240 contributionum
1610 1217 1612 1225 ι

285 1272 438 1332 rationem
461 1274 548 1334 dabit
571 1277 610 1335 de
634 1278 791 1355 perceptis
814 1296 870 1356 per
894 1297 929 1338 se
952 1278 1031 1338 leria
1054 1281 1194 1340 secunda
1209 1281 1351 1359 proxima
1366 1293 1438 1362 post
1454 1285 1568 1349 festum

287 1380 470 1441 visitationis
501 1382 702 1444 beatissimae
735 1385 865 1465 virginis
894 1385 1025 1459 Mariae,
1049 1387 1209 1464 proximae
1234 1385 1395 1466 futurum³,
1419 1393 1451 1451 in
1474 1394 1567 1453 domo

285 1490 449 1550 Michaelis
481 1491 646 1551 Musenich
678 1492 710 1552 in
745 1493 839 1572 Nagy
863 1493 1110 1554 Mlalrahabita.
1135 1495 1253 1555 lbidem
1278 1499 1388 1558 eodem
1413 1499 1464 1559 die
1487 1500 1567 1560 ratio

286 1595 427 1677 exigetur
460 1599 580 1658 ratione
611 1607 782 1678 proventus
815 1601 913 1660 silvae
949 1602 1122 1661 communis
1148 1602 1186 1661 ab
1211 1605 1324 1664 eodem
1347 1605 1512 1665 Musenich
1536 1615 1566 1667 et

285 1705 399 1764 loanne
425 1706 549 1768 Mixich.
580 1707 727 1767 Similiter
751 1708 863 1768 eodem
887 1708 1020 1768 termino
1045 1716 1076 1768 et
1100 1708 1150 1769 die
1175 1719 1337 1772 exactores
1362 1714 1565 1791 pecuniarum

285 1814 325 1872 ad
356 1833 543 1892 campanam
576 1816 804 1893 deputatarum‚
828 1816 981 1875 rationem
1014 1817 1140 1880 dabunt.
1172 1817 1343 1878 Exactores
1368 1838 1475 1880 earum
1501 1841 1565 1881 om·

283 1920 368 1981 nium
384 1922 538 1981 rationum
556 1923 727 2002 eliguntur:
752 1923 896 1982 dominus
918 1942 1033 1996 comes,
1056 1923 1213 2004 Georgius
1234 1925 1433 2004 Suaztouich,
1461 1929 1565 2002 fiscus,

282 2028 415 2088 loannes
448 2030 579 2110 Vagich,
610 2030 789 2108 Stephanus
822 2031 987 2108 Pepelych,
1012 2031 1151 2091 Thomas
1175 2032 1341 2110 Therbich,
1366 2035 1483 2096 Paulus
1507 2036 1563 2096 Ar·

282 2137 394 2211 banaz,
418 2137 554 2197 Michael
578 2137 694 2198 Mixich
718 2146 750 2197 et
773 2138 833 2212 alii,
856 2145 964 2216 utpote
993 2138 1150 2219 Georgius
1174 2139 1345 2220 Pogledich
1369 2151 1400 2201 et
1424 2143 1561 2204 Michael

281 2245 481 2320 Wranchich,
504 2264 567 2304 non
590 2245 734 2306 obstante
758 2246 849 2306 unius
873 2248 922 2306 vel
946 2246 1073 2308 alterius
1098 2247 1247 2310 absentia.

388 2350 417 2414 5.
441 2354 501 2413 Pro
526 2354 718 2414 adducendis
741 2355 834 2434 lignis
858 2355 898 2416 ad
921 2354 1142 2418 necessitatem
1167 2354 1285 2414 castelli
1309 2356 1486 2433 Lukauecz,
1502 2376 1561 2435 pro

280 2461 431 2520 moderna
460 2462 649 2522 necessitate
681 2461 770 2540 aptis,
801 2463 989 2540 deputantur
1026 2481 1134 2522 currus
1158 2462 1179 2521 4
1204 2481 1242 2521 ex
1266 2443 1424 2538 Hrasche,
1449 2465 1562 2544 quibus

280 2568 468 2628 castellanus
491 2569 725 2629 Lukauczensis
748 2569 891 2649 iniunget
914 2579 946 2629 et
967 2589 1149 2630 mensuram
1173 2569 1268 2630 dabit.

386 2676 447 2735 Pro
472 2677 583 2736 eodem
614 2695 709 2755 opere
742 2676 977 2736 Lukaueczensi
1009 2676 1198 2756 perficiendo
1223 2676 1379 2757 eliguntur
1412 2677 1560 2738 Nicolaus

280 2783 432 2843 Vedmich
464 2793 495 2844 et
528 2784 650 2845 Blasius
674 2785 821 2845 Kolarich
846 2786 885 2845 de
908 2785 1000 2858 Luse,
1034 2784 1190 2865 Georgius
1221 2784 1369 2863 Czelych,
1397 2787 1475 2845 alter
1499 2786 1560 2847 Ge·

280 2891 388 2970 orgius
412 2892 603 2970 Ztepanych,
630 2893 742 2953 Petrus
766 2892 879 2955 Burich
903 2893 942 2951 de
966 2890 1043 2951 Also
1068 2891 1266 2970 Lompnicza,
1299 2892 1415 2952 Paulus
1446 2893 1560 2953 Czuet-

280 2999 392 3059 kouich
416 3000 455 3060 de
479 3000 653 3074 Koriloucz,
678 3008 709 3059 et
731 3000 844 3059 Fichur
869 3000 909 3061 de
932 2999 990 3059 Kis
1015 2998 1159 3060 Goricza

384 3084 416 3169 6'.
438 3108 489 3167 Ad
512 3108 649 3168 cherdak
673 3106 704 3165 in
726 3107 839 3167 Maiori
863 3106 997 3167 Goricza
1021 3106 1214 3183 existentem,
1238 3107 1358 3167 nobiles
1382 3108 1421 3167 de
1446 3108 1556 3168 Kuche

279 3214 408 3274 arbores
431 3214 627 3275 necessarias
652 3214 816 3274 adducent

385 3320 415 3384 7.
448 3323 499 3384 Ad
532 3321 714 3401 petitionem
745 3328 777 3381 et
810 3321 1068 3401 supplicationem
1102 3321 1260 3381 humillem
1293 3321 1384 3402 agilis
1412 3306 1553 3383 Thomae

277 3430 434 3490 Bobezich
459 3432 498 3491 de
521 3432 665 3493 Busoucz
696 3431 850 3506 statuitur,
880 3438 913 3489 ut
944 3430 1091 3508 deinceps
1116 3429 1155 3489 ab
1180 3429 1324 3488 omnibus
1353 3430 1552 3491 contributio·

277 3536 368 3596 nihus
401 3538 616 3598 communibus
650 3537 795 3624 (demptis
824 3544 930 3596 tamen
960 3537 987 3597 si
1019 3556 1097 3616 opus
1128 3536 1220 3596 suerit
1250 3537 1369 3597 ratione
1394 3538 1559 3615 emptionis

276 3643 429 3704 bonorum
461 3645 582 3725 egregii
612 3644 742 3723 Georgii
772 3644 930 3703 Malenich
962 3645 1002 3704 ad
1035 3663 1185 3723 praesens
1216 3644 1424 3724 imponendis)
1459 3664 1558 3724 usque

275 3751 412 3831 spatium
435 3760 506 3811 octo
530 3770 683 3811 annorum
711 3752 886 3826 eliberatur,
910 3751 1050 3811 similiter
1074 3753 1113 3810 ab
1138 3750 1387 3829 expeditionibus
1411 3751 1557 3812 itinerum

277 3878 333 3918 seu
357 3853 608 3919 excursionibus⁴
632 3859 672 3917 ad
696 3858 830 3919 confinia
853 3858 1046 3937 Collapiana.

381 3964 410 4031 8.
434 3966 570 4043 Quando
604 3966 729 4045 quidem
762 3966 910 4045 egregius
941 3965 1099 4046 Georgius
1124 3966 1280 4026 Malenich
1312 3967 1350 4025 de
1384 3964 1555 4041 Kuriloucz,

274 4073 379 4133 medio
410 4073 551 4133 moderni
583 4072 698 4133 domini
731 4073 860 4147 comitis,
890 4074 1011 4134 ratione
1038 4074 1255 4133 universorum
1279 4073 1432 4133 bonorum
1457 4082 1488 4134 et
1512 4074 1556 4133 iu·

274 4180 352 4239 rium
376 4180 694 4259 possessionariorum
711 4199 837 4239 suorum
854 4180 968 4260 ubique
985 4181 1066 4240 intra
1091 4180 1334 4241 iurisdictionem
1358 4180 1472 4259 Campi
1496 4180 1555 4239 Za·

277 4288 453 4367 grabiensis
491 4288 689 4349 existentium
732 4288 917 4365 habitorum,
967 4297 1063 4349 totam
1107 4288 1361 4350 communitatem
1407 4288 1555 4347 nobilium

273 4394 387 4473 Campi
421 4396 562 4457 eiusdem
597 4396 819 4477 Zagrabiensis
860 4397 899 4456 de
940 4398 1100 4475 perennali
1134 4396 1314 4457 venditione
1349 4396 1554 4473 admonuerit,

272 4502 417 4583 idemque
450 4505 595 4565 dominus
618 4523 724 4565 comes
761 4505 812 4564 hic
835 4504 958 4583 publice
994 4506 1126 4565 eandem
1155 4503 1408 4566 communitatem
1445 4504 1554 4564 admo·

274 4611 405 4686 nuisset,
428 4610 536 4692 itaque
562 4612 769 4674 communitas
793 4631 826 4671 se
859 4611 995 4689 resolvit,
1019 4613 1103 4691 quod
1127 4631 1197 4672 curn
1221 4608 1459 4691 proximioribus
1483 4629 1555 4671 con·

271 4719 453 4799 sanguineis
487 4729 519 4780 et
551 4720 699 4779 iratribus
734 4719 874 4779 eiusdem
909 4718 1039 4799 Georgii
1072 4719 1228 4779 Malenich
1263 4736 1356 4797 super
1394 4719 1553 4797 emptione

273 4827 443 4888 eorundem
467 4828 620 4888 bonorum
638 4837 778 4887 mutuam
793 4826 921 4887 habebit
938 4826 1263 4905 correspondentiam
1287 4824 1421 4903 alioquin
1439 4826 1465 4885 si
1481 4844 1551 4905 pro·

270 4935 375 5013 pinqui
399 4954 597 4995 successores
622 4938 791 4996 eorundem
814 4935 966 4994 bonorum
991 4952 1095 4994 emere
1118 4933 1338 5006 recusaverint,
1356 4933 1444 4993 dicta
1468 4953 1550 4995 corn-
