3934 5550
425 401 489 468 382

530 627 621 686 Anno
651 623 742 685 1796.
767 624 816 684 die
846 623 892 683 17.
918 623 1063 683 februarii
1088 624 1118 684 in
1144 623 1280 682 iudicatu
1304 624 1414 683 Pleszo
1447 623 1592 682 inchoata
1627 642 1700 683 con·

423 734 548 814 scriptio
572 736 713 813 praelata
737 734 949 794 aedificiorum
974 744 1005 792 et
1029 732 1180 810 imprimis
1204 732 1235 790 in
1259 730 1403 807 Rakarje.

533 878 556 939 1.
583 879 735 939 Providus
759 878 894 938 Michael
910 877 1069 955 Supetich,
1092 877 1221 936 colonus
1238 875 1354 936 domini
1378 877 1555 954 spectabilis
1573 877 1697 936 loannis

422 987 576 1065 Plepeliclr
611 988 788 1061 assessoris,
813 988 938 1046 domum
971 986 1066 1045 habet
1089 984 1248 1063 antiquam
1273 985 1471 1062 reparatione
1495 986 1697 1064 indigentem,

421 1095 565 1154 borreum
589 1095 704 1154 bouum
730 1115 853 1166 novum,
870 1095 964 1152 haras
989 1092 1168 1151 animalium
1186 1091 1328 1170 antiquas
1352 1092 1526 1151 mediocres
1550 1093 1590 1151 ad
1616 1094 1697 1151 clau·

422 1221 512 1261 suras
544 1203 573 1273 l,
605 1203 733 1262 basibus
764 1212 795 1261 et
827 1202 1006 1280 pavimento
1036 1199 1171 1259 inferiori
1195 1199 1323 1279 indiget,
1356 1220 1514 1259 cameram
1539 1200 1698 1278 antiquam

423 1309 463 1368 ad
499 1328 590 1369 uuam
624 1319 755 1388 portam,
787 1309 965 1387 pavimento
997 1316 1089 1366 caret.
1134 1306 1275 1367 Pistorea
1305 1308 1414 1368 fornax
1452 1328 1508 1386 per
1543 1307 1699 1388 pigritiam

420 1415 502 1475 bono
526 1425 608 1476 tecto
632 1436 694 1476 nou
722 1417 855 1495 provisa.

530 1523 558 1588 2.
583 1523 701 1583 Nobilis
725 1525 875 1603 Iosephus
899 1521 1115 1601 Trupclrevich
1139 1523 1234 1581 habet
1257 1523 1384 1581 domum
1408 1522 1532 1597 bonam,
1553 1523 1698 1581 horreum

421 1633 581 1711 antiquum
613 1653 650 1691 ex
684 1631 819 1708 antiquis
852 1630 1025 1704 roboribus,
1049 1630 1092 1689 ita
1122 1631 1206 1708 quod
1230 1648 1312 1688 novo
1335 1628 1484 1709 indigeat,
1508 1651 1545 1688 ex
1571 1630 1698 1709 antiquo

422 1739 536 1818 aliquid
569 1739 690 1818 parvuli
714 1739 827 1812 facere,
854 1739 948 1798 lutras
973 1738 1014 1796 ad
1037 1748 1101 1796 tres
1132 1737 1294 1796 clausuras
1330 1737 1474 1816 antiquas
1506 1728 1633 1796 basibus
1668 1745 1699 1797 et

421 1847 600 1926 pavimento
632 1846 766 1906 inleriori
798 1845 926 1925 indiget,
969 1847 1065 1904 barae
1093 1843 1251 1904 maialium
1284 1845 1325 1903 ad
1357 1863 1450 1903 unam
1486 1855 1607 1923 portam
1643 1846 1698 1904 ba·

420 1954 506 2012 sibus
531 1954 680 2034 indigere.
712 1954 787 2012 Item
813 1971 955 2012 cameras
980 1953 1020 2012 ad
1044 1953 1123 2011 duas
1146 1952 1308 2010 clausuras
1333 1952 1515 2026 mediocres,
1538 1952 1696 2011 fornacem

418 2063 585 2142 pistorearu
611 2062 770 2141 antiquam
794 2062 897 2121 habet.
924 2060 975 2120 ubi
1000 2061 1083 2120 bono
1105 2067 1189 2119 tecto
1213 2069 1244 2119 et
1273 2059 1304 2119 iu
1329 2061 1446 2119 ambitu
1470 2062 1581 2120 domus
1605 2069 1699 2121 caret.

527 2168 556 2231 3.
592 2170 744 2230 Providus
776 2169 911 2228 Miclrael
937 2168 1051 2241 Vitesz,
1081 2169 1210 2228 colonus
1242 2167 1419 2246 spectabilis
1451 2167 1567 2228 domiui
1596 2189 1697 2228 asses·

418 2278 496 2336 soris
532 2278 655 2337 loannis
681 2277 844 2355 Plepelich,
881 2276 975 2335 habet
1004 2277 1130 2335 domum
1162 2275 1286 2349 bonam,
1318 2275 1348 2334 iu
1380 2275 1498 2334 ambitu
1533 2277 1695 2354 perpluum

417 2395 542 2462 tectum,
559 2385 703 2444 borreum
728 2405 789 2444 uua
805 2404 876 2444 cum
892 2403 1020 2444 camera
1036 2384 1195 2463 antiquum
1217 2383 1412 2462 reparatione
1431 2383 1582 2461 indigens,
1599 2385 1695 2444 foeni-

419 2493 534 2572 legium
566 2492 597 2552 in
630 2492 650 2550 4
681 2492 832 2552 columnis
868 2491 1038 2570 antiquum,
1069 2492 1163 2551 haras
1193 2491 1394 2570 biaugulares
1434 2492 1579 2571 antiquas
1609 2493 1696 2572 pavi·

418 2609 522 2659 mento
547 2599 686 2678 indigere
721 2600 760 2660 ad
785 2601 947 2659 clausuras
971 2599 1001 2671 5,
1025 2599 1152 2658 basibus
1180 2600 1260 2659 adeo
1283 2608 1355 2678 post
1378 2599 1495 2678 aliquot
1518 2621 1626 2674 annus,
1643 2621 1693 2660 ca·

417 2709 535 2766 merula
560 2707 713 2785 indigens,
738 2708 777 2766 ad
803 2727 897 2766 uuam
921 2707 1098 2766 clausuram
1129 2705 1303 2785 mediocris
1332 2707 1492 2768 fornacem
1522 2708 1691 2788 pistoream

416 2815 482 2875 sine
507 2824 589 2875 tecto
613 2816 695 2875 bouo
721 2815 888 2894 provisam.

523 2922 551 2985 4,
576 2922 695 2982 Nobilis
721 2922 855 2981 Michael
881 2922 1023 2981 Mirinich
1048 2922 1142 2981 habet
1166 2923 1292 2982 domum
1316 2942 1431 2982 novam
1452 2942 1490 2982 ex
1514 2924 1621 2983 solidis
1644 2942 1692 2983 ro-

416 3030 542 3089 boribus
567 3031 689 3101 lactam,
714 3030 859 3088 borreum
884 3029 1044 3107 antiquum
1069 3048 1160 3087 secus
1184 3030 1348 3101 mediocre,
1377 3031 1471 3089 haras
1494 3031 1695 3109 triangulares

415 3136 559 3215 antiquas
583 3137 691 3209 bouaS,
715 3138 894 3214 pavimento
912 3136 1052 3215 indigere
1076 3137 1107 3196 in
1125 3156 1186 3196 uno
1203 3138 1347 3197 clausura
1372 3140 1491 3212 saltem,
1515 3158 1607 3197 secus
1624 3148 1696 3197 sunt

414 3245 509 3304 barae
534 3246 574 3303 ad
598 3244 758 3303 clausuras
782 3241 819 3315 43
845 3244 917 3301 item
941 3244 1036 3301 liaras
1059 3243 1217 3303 maialium
1242 3244 1282 3303 ad
1306 3246 1385 3303 duas
1409 3245 1569 3304 clausuras
1594 3247 1694 3305 bonas

415 3353 593 3430 pavimento
617 3372 679 3411 nou
704 3353 786 3411 bono
811 3352 962 3431 provisas,
986 3372 1144 3411 cameram
1162 3354 1202 3412 ad
1226 3354 1305 3413 duas
1329 3355 1490 3413 clausuras
1513 3355 1621 3431 bonaS,
1643 3354 1695 3414 ubi

418 3462 447 3519 iu
472 3480 534 3519 una
559 3462 704 3520 clausura
728 3460 908 3538 pavimento
932 3468 1027 3534 caret,
1051 3459 1209 3519 lornacem
1234 3462 1402 3539 pistoream
1427 3463 1550 3522 bonam.

522 3568 551 3632 5.
576 3568 695 3627 Nobilis
720 3568 856 3626 Mathias
880 3566 1003 3627 Graber
1026 3567 1121 3627 babet
1144 3569 1271 3627 domum
1296 3589 1410 3629 novam
1434 3570 1557 3643 bonam,
1575 3570 1604 3629 iu
1629 3591 1692 3630 am-

413 3675 476 3734 bitu
502 3677 664 3753 perpluum
696 3684 821 3748 tectum,
853 3676 998 3735 horreum
1024 3696 1140 3734 novum
1164 3676 1279 3735 bouum
1305 3676 1370 3735 sine
1396 3687 1493 3755 porta,
1530 3679 1623 3737 haras
1647 3679 1691 3737 bi-

414 3784 581 3859 augulares
606 3784 749 3862 antiquas
773 3784 802 3842 iu
828 3792 909 3842 statu
935 3783 1084 3842 mediocri
1108 3793 1179 3841 aute
1203 3794 1310 3861 portas
1333 3784 1511 3863 pavimento
1538 3793 1691 3859 carentes,

412 3889 505 3947 baras
529 3889 687 3949 maialium
711 3910 810 3949 novas
834 3890 933 3949 bonas
957 3891 998 3950 ad
1022 3892 1196 3950 clausuram
1222 3911 1325 3967 unam,
1353 3912 1510 3951 cameram
1536 3893 1575 3952 ad
1599 3913 1693 3952 unam

412 4006 532 4075 portam
558 4016 672 4056 novam
697 3998 820 4073 bonam,
844 3998 1004 4057 fornacem
1030 3998 1198 4075 pistoream
1222 3999 1335 4058 nullius
1359 3999 1481 4059 valoris.

517 4101 547 4163 6.
572 4103 691 4163 Nobilis
715 4106 873 4180 Georgius
899 4105 1024 4164 Klarich
1048 4105 1144 4165 babet
1175 4106 1301 4165 domum
1326 4106 1449 4181 bonaur,
1473 4108 1616 4166 ominbus
1640 4130 1692 4167 ne·

410 4210 555 4269 cessariis
589 4212 755 4289 provisam,
802 4213 895 4271 baras
930 4212 970 4272 ad
1002 4214 1163 4272 clausuras
1195 4213 1215 4271 4
1246 4214 1355 4287 bonas,
1395 4214 1573 4291 pavimento
1608 4214 1690 4273 bono

410 4326 553 4377 carentes
571 4318 714 4391 inferiori,
731 4320 875 4379 borreum
893 4319 1054 4399 antiquum
1072 4320 1180 4380 ruinae
1193 4321 1375 4400 proximum,
1390 4342 1546 4380 caureraur
1561 4323 1600 4379 ad
1614 4323 1693 4382 duas

410 4424 571 4484 clausuras
585 4426 713 4486 basibus
730 4426 915 4505 indigentes,
933 4430 1028 4486 harae
1046 4447 1102 4505 pro
1120 4428 1273 4487 alatilibus
1298 4429 1445 4507 antiquae
1458 4428 1551 4486 etiarn
1565 4429 1692 4487 basibus

418 4542 449 4590 et
479 4531 674 4609 proviniento
706 4534 891 4614 indigentes,
922 4535 1032 4594 fornax
1064 4536 1200 4614 pistorea
1233 4535 1360 4613 antiqua
1385 4536 1467 4595 bona
1491 4546 1573 4595 tecto
1593 4546 1679 4596 caret

515 4693 548 4751 lu
573 4694 772 4771 possessione
797 4696 907 4757 Pleszo
931 4697 1043 4757 eadem
1067 4698 1126 4757 die.

516 4817 546 4882 7.
571 4820 723 4881 Providus
747 4822 891 4883 Andreas
914 4826 1067 4900 Herczelr,
1091 4825 1219 4885 colonus
1243 4823 1358 4884 domini
1383 4824 1562 4902 spectabilis
1587 4844 1689 4883 asses·

408 4926 487 4986 soris
518 4927 683 5006 Plepelich,
708 4930 801 4989 habet
831 4931 958 4991 domum
987 4933 1110 5008 bonam,
1133 4933 1279 4993 horreum
1304 4932 1420 4993 bouum
1444 4951 1560 4992 novum
1585 4952 1690 5007 unum,
