3934 5550
427 346 493 409 554

428 563 518 644 regni
543 573 574 623 et
597 564 755 624 communi
778 564 895 624 iustitia
919 565 963 624 sic
988 562 1256 644 praecipientibus.
1290 563 1405 622 Datum
1430 563 1506 622 Also
1530 563 1705 640 Lukauecz,

427 672 477 732 die
502 671 609 752 quinta
632 673 749 733 mensis
772 671 952 734 novembris
978 669 1071 732 1733.

838 819 898 878 Per
921 837 972 878 me
997 817 1162 878 Matthiam
1195 817 1320 892 Mixich,
1345 818 1544 878 substitutum
1569 838 1608 880 m.
1632 838 1660 897 p.

532 997 578 1056 ln
612 997 767 1056 dorso:
796 1031 832 1043 -
850 998 887 1057 K.
904 1031 937 1043 -·
958 997 1122 1078 Originale
1147 997 1277 1058 actionis
1301 997 1566 1058 intromeutionati
1588 998 1704 1059 fiscalis

426 1111 458 1163 et
487 1105 610 1176 actoris,
641 1113 749 1164 contra
773 1113 805 1164 et
828 1105 981 1167 adversus
1006 1107 1129 1166 Annam
1153 1106 1279 1167 natione
1303 1104 1493 1182 Carniolam‚
1517 1115 1551 1168 ut
1574 1105 1704 1168 refertur

426 1211 538 1272 nobilis
550 1212 690 1272 Mathiae
703 1211 833 1290 Gyurak
850 1214 1072 1292 conthoralem,
1085 1215 1180 1275 veluti
1193 1215 1287 1274 modo
1303 1215 1576 1275 intromentionato
1593 1234 1705 1296 sagam

427 1328 458 1381 et
482 1320 514 1379 in
537 1339 665 1380 causam
690 1329 865 1386 attractam.
889 1322 1055 1385 Terminus
1079 1323 1236 1402 praefixus
1260 1323 1290 1382 in
1314 1324 1442 1384 castello
1466 1324 1632 1384 Lukauecz
1648 1342 1704 1402 pro

426 1427 477 1487 die
501 1425 553 1489 23.
577 1429 671 1492 modo
698 1430 850 1493 currentis
874 1432 991 1493 mensis
1014 1431 1194 1494 novembris
1222 1428 1313 1492 1733.

1098 1577 1158 1638 Per
1181 1577 1314 1637 eundem
1338 1576 1538 1636 substitutum
1564 1593 1604 1637 m.
1630 1593 1658 1653 p.

1011 1786 1031 1824 a
1078 1831 1098 1872 ὕ
1142 1787 1161 1828 e

529 2003 622 2062 Anno
644 2004 761 2065 domini
789 2001 881 2066 1733.
904 2005 955 2065 die
979 2003 1030 2066 23.
1055 2007 1171 2067 mensis
1195 2006 1382 2080 novembris,
1398 2005 1429 2065 in
1448 2025 1519 2066 arce
1534 2007 1701 2066 Lukavecz

424 2109 633 2171 universitatis
665 2112 812 2172 nobilium
844 2111 958 2192 Campi
990 2115 1179 2193 Turopolya,
1211 2114 1337 2174 omnino
1360 2113 1392 2173 in
1415 2113 1556 2174 districtu
1589 2115 1699 2174 eodem

424 2228 455 2279 et
478 2219 627 2279 comitatu
650 2220 855 2301 Zagrabiensi
872 2222 1015 2282 existenti
1038 2223 1153 2297 habita,
1177 2241 1233 2301 per
1257 2240 1314 2281 nos
1326 2222 1501 2302 Georgium
1517 2222 1698 2302 Pogledich‚

424 2328 584 2406 praefatae
609 2329 819 2390 universitatis
843 2338 874 2391 et
897 2328 1011 2410 Campi
1035 2331 1190 2391 actualem
1214 2330 1359 2391 comitem
1382 2339 1571 2406 terrestrem,
1597 2337 1699 2390 caete·

424 2453 537 2516 rosque
560 2436 687 2524 iuratus·
703 2456 880 2498 assessores
904 2437 987 2510 facta
1011 2447 1084 2498 sunt
1107 2439 1305 2517 infrascripta
1328 2438 1451 2499 iudicia.

531 2562 650 2622 Levata
673 2581 770 2623 causa
793 2583 850 2624 seu
875 2565 955 2625 actio
982 2565 1129 2646 generosi
1160 2564 1277 2624 domini
1310 2565 1462 2626 Matthiae
1487 2565 1614 2625 Mudich
1638 2585 1701 2644 qua

422 2670 545 2746 nclytae
568 2670 736 2730 nobilitatis
764 2671 877 2751 Campi
901 2667 1085 2752 Turopolya
1111 2673 1226 2732 fiscalis
1251 2681 1282 2732 et
1306 2672 1429 2744 actoris,
1455 2681 1564 2732 contra
1588 2681 1619 2732 et
1643 2674 1697 2733 ad·

423 2798 534 2838 versus
558 2778 763 2840 Catharinam
787 2782 880 2857 Kosz,
909 2782 1020 2842 nobilis
1044 2782 1116 2842 olim
1140 2782 1262 2842 Nicolai
1293 2780 1424 2841 Chelich
1448 2782 1596 2857 relictam,
1627 2783 1703 2841 Bar·

426 2888 536 2947 baram
571 2888 732 2966 Gyumber
767 2890 856 2951 aliter
890 2890 1041 2963 szetlro,
1076 2891 1206 2972 Georgii
1240 2888 1431 2950 Andrievich
1462 2890 1551 2949 aliter
1585 2888 1704 2967 Quinta

429 3003 614 3070 consortem,
638 2997 813 3057 Barbaram
837 2999 958 3075 Musek,
982 2998 1141 3059 Laurentii
1165 2998 1238 3058 olim
1255 2998 1398 3076 Krapecz
1413 2997 1561 3071 relictam,
1579 2997 1704 3056 Annam

428 3105 553 3163 natione
577 3102 767 3179 Carniolam,
799 3113 830 3165 et
854 3114 887 3165 ut
917 3106 1049 3166 retertur
1072 3105 1224 3165 Matthiae
1248 3104 1378 3182 Gyurak
1401 3112 1586 3177 consortem,
1612 3102 1705 3163 veluti

426 3209 459 3269 in
482 3210 656 3271 actionibus
680 3211 969 3291 infraproducendis
993 3232 1090 3293 sagas
1114 3222 1145 3273 et
1167 3214 1199 3273 in
1222 3230 1351 3273 causam
1376 3219 1534 3275 attractas.

535 3336 596 3395 Pro
621 3345 726 3398 actore
750 3338 900 3418 egregius
934 3339 1086 3416 Iosephus
1121 3338 1272 3419 Magdich
1305 3356 1377 3397 cum
1407 3337 1530 3411 nostris,
1563 3336 1704 3415 adeoque

422 3442 569 3503 officienti
600 3443 729 3504 iuridica
760 3445 975 3523 procuratoria
1012 3446 1169 3506 lacultate
1209 3446 1378 3505 instructus
1408 3452 1599 3522 procurator,
1634 3462 1704 3521 pro·

425 3552 512 3611 duxit
526 3552 691 3632 originalia
714 3553 845 3613 actionis
860 3554 956 3614 literis
980 3555 1028 3628 K,
1052 3555 1097 3631 L„
1121 3554 1173 3629 M,
1197 3554 1234 3613 N.
1259 3560 1376 3630 notata,
1401 3562 1433 3613 et
1457 3552 1497 3611 ad
1520 3552 1601 3611 latus
1624 3550 1704 3611 eius-

425 3660 497 3720 dem
526 3680 584 3739 pro
613 3662 831 3723 informatione
864 3663 1027 3723 dumtaxat
1057 3662 1192 3739 inclytae
1220 3662 1305 3722 sedis
1329 3668 1447 3721 certam
1471 3658 1702 3739 inquisitionem

425 3769 484 3829 sub
507 3769 560 3829 Nr.
584 3766 614 3829 9.
638 3777 669 3829 et
705 3768 752 3832 10.
783 3778 892 3830 contra
922 3769 1047 3829 Annam
1082 3778 1258 3829 consortem
1294 3768 1425 3845 Gyurak
1462 3775 1493 3827 et
1528 3766 1701 3826 barbaram

424 3876 596 3953 Gyumber,
628 3876 759 3957 Georgii
782 3877 899 3954 Quinta
924 3885 1101 3937 consortem
1126 3874 1364 3949 deservientem,
1397 3874 1428 3934 in
1459 3873 1576 3953 reliquo
1601 3881 1706 3933 autem

424 3992 570 4061 respectu
601 3984 790 4063 reliquarum
813 3993 965 4063 provocat
989 4004 1024 4044 se
1048 3984 1089 4044 ad
1113 3992 1199 4045 certa
1220 3982 1383 4043 torturalia
1406 3981 1550 4042 examina
1574 3980 1704 4041 aliarum

424 4088 532 4149 similis
555 4090 649 4151 sortis
672 4091 880 4152 foeminarum
904 4092 954 4152 die
977 4091 1131 4152 hodierna
1153 4091 1185 4151 in
1210 4090 1278 4150 aliis
1302 4090 1383 4150 binis
1408 4089 1521 4149 levatis
1542 4089 1703 4167 producta,

423 4205 454 4256 et
477 4197 615 4256 numeris
644 4197 679 4273 l.,
704 4198 742 4273 2.,
767 4196 806 4275 3.,
830 4198 868 4273 4.,
893 4198 922 4261 7.
947 4208 979 4259 et
1002 4196 1031 4259 8.
1055 4168 1190 4278 signata,
1223 4198 1335 4258 virtute
1360 4215 1492 4277 quorum
1524 4196 1556 4255 in
1584 4194 1703 4257 confor-

424 4303 532 4363 mitate
562 4307 786 4384 productarum
820 4307 976 4367 actionum
1009 4314 1130 4384 peteret
1153 4305 1299 4366 iudicium
1332 4312 1363 4365 et
1395 4302 1544 4363 iustitiam
1569 4302 1626 4363 sibi
1650 4301 1705 4363 im·

425 4412 519 4489 pendi
542 4422 573 4473 et
597 4412 807 4474 administrari
831 4423 862 4473 et
885 4423 1036 4475 reservat.

530 4538 751 4617 Suprascripta
775 4539 948 4600 Catharina
963 4540 1059 4612 Kosz,
1084 4538 1204 4599 Nicolai
1227 4538 1301 4598 olim
1325 4536 1455 4597 Chelich
1479 4536 1587 4597 relicta
1610 4536 1705 4595 vidua

426 4653 523 4725 negat
547 4646 656 4705 totalia
680 4646 811 4706 actionis
834 4664 911 4707 suae
934 4647 1087 4725 producta
1111 4646 1222 4706 merita
1246 4654 1277 4705 et
1301 4645 1341 4704 ad
1365 4652 1466 4722 caput

531 4752 650 4812 Pariter
682 4762 714 4813 et
746 4755 807 4815 alia
839 4755 1052 4834 suprascripta
1081 4754 1222 4814 Barbara
1254 4752 1414 4813 Chumber
1442 4751 1532 4812 aliter
1554 4750 1705 4825 Cavetk0,

425 4859 555 4939 Georgii
570 4860 761 4921 Andrievich
785 4862 875 4922 aliter
897 4861 1017 4939 Quinta
1041 4860 1238 4935 conthoralis,
1261 4860 1468 4940 personaliter
1491 4859 1531 4921 ad
1555 4857 1703 4919 iudicium
