3934 5550
889 640 986 716 10⁰.

398 858 491 919 Anno
520 858 611 921 1707.
637 856 666 919 4.
690 860 771 919 maii.
797 859 982 939 Zagrabiae.

291 1068 413 1135 Status
443 1073 475 1133 et
511 1070 651 1135 ordines
684 1070 785 1157 regni
807 1070 1144 1157 Domogovichenses
1176 1072 1417 1139 iurisdictioni
1451 1074 1575 1161 Catnpi

594 1178 625 1243 Τ
623 1178 780 1264 oropolia
806 1199 876 1243 non
898 1178 1069 1243 subiectos
1092 1178 1276 1245 declarant.

396 1394 505 1455 Acta
529 1403 568 1454 et
601 1395 772 1455 articuli
805 1396 1063 1457 dominorum
1100 1406 1281 1457 statuum
1312 1406 1351 1457 et
1382 1400 1575 1460 ordinum

292 1522 516 1583 regnorum
540 1503 783 1577 Dalmatiae,
808 1502 1008 1564 Croatiae
1033 1511 1072 1564 et
1094 1504 1363 1579 Sclauoniae,
1387 1505 1429 1566 in
1453 1527 1573 1587 gene·

292 1610 373 1669 rali
397 1630 534 1670 eorum
559 1610 909 1691 congregatione,
933 1610 1185 1691 Zagrabiae,
1209 1613 1485 1691 praesidente
1508 1634 1572 1674 ex·

291 1718 602 1778 cellentissimo
626 1718 789 1778 domino
812 1719 970 1778 comite
1003 1718 1160 1778 Ioanne
1183 1719 1335 1797 Pallly,
1360 1721 1574 1797 praelato·

291 1844 376 1885 rum
400 1845 622 1906 regnorum
647 1826 761 1901 bana,
786 1845 935 1887 sacrae
960 1846 1187 1886 caesareae
1222 1828 1459 1908 regiaeque
1482 1830 1574 1889 mai-

293 1933 450 1993 estatis
474 1932 734 2007 consiliario,
758 1934 998 1994 camerario
1028 1942 1070 1993 et
1093 1934 1339 1995 cavaleriae
1363 1937 1571 2016 generali,

292 2058 362 2117 pro
387 2041 452 2099 die
476 2050 628 2119 quarta
660 2040 764 2115 maii,
790 2059 895 2101 anno
919 2041 1070 2101 domini
1108 2039 1200 2104 1707.
1234 2044 1456 2103 celebrata
1488 2064 1575 2104 con-

294 2148 409 2211 clusi.

764 2342 907 2419 (Ceteris
929 2344 1095 2427 emissis).

722 2492 962 2571 Vigesimus
986 2486 1153 2550 sextus¹.

399 2635 539 2695 Tametsi
563 2634 722 2713 possessio
746 2634 964 2715 Domagouich
999 2634 1066 2693 iura
1099 2644 1130 2693 et
1161 2634 1326 2715 privilegia
1360 2636 1570 2695 universitatis

291 2743 405 2822 Campi
428 2743 598 2824 Turopolia
621 2742 680 2804 sibi
705 2736 798 2804 etiain
822 2743 982 2804 deservire
1008 2743 1186 2823 allegasset,
1216 2751 1248 2803 et
1271 2744 1382 2804 barum
1406 2753 1570 2824 praetextu

292 2873 311 2912 a
334 2852 546 2913 iurisdictione
570 2851 775 2926 comitatensi,
807 2859 913 2930 utpote
946 2851 1084 2910 iudicatu
1118 2849 1335 2911 vicecomitum
1365 2871 1400 2912 se
1434 2851 1570 2912 eximere

293 2961 494 3034 intendisset;
517 2960 591 3039 quia
614 2967 721 3020 tamen
745 2959 793 3020 ius
817 2958 970 3019 eiusmodi
994 2977 1057 3018 non
1073 2957 1133 3017 nisi
1149 2967 1236 3018 certo
1252 2958 1378 3018 decreto
1395 2957 1568 3018 memoriali

293 3067 416 3130 cuidam
440 3067 597 3146 inscripto,
622 3076 652 3128 et
676 3086 771 3128 manu
794 3067 1020 3146 prothonotarii
1045 3066 1126 3126 illius
1159 3066 1308 3144 temporis
1332 3066 1515 3144 subscripto,
1539 3065 1570 3124 in

293 3177 433 3255 pluribus
456 3175 533 3236 locis
556 3176 721 3248 maculato,
746 3175 831 3235 etin
863 3175 1088 3254 praeiudicium
1120 3173 1195 3234 iuris
1227 3175 1339 3252 publici
1370 3183 1402 3236 et
1433 3173 1568 3234 authori·

293 3285 366 3345 tatis
391 3284 602 3346 comitatensis
626 3292 783 3361 emanato,
806 3284 939 3361 probare
963 3282 1161 3356 intendebat,
1185 3283 1302 3342 domini
1326 3291 1426 3344 status
1459 3292 1490 3342 et
1521 3300 1570 3341 or-

293 3393 381 3452 dines
405 3393 487 3452 idem
511 3393 680 3465 decretum,
704 3409 766 3470 qua
790 3391 851 3451 tale
875 3409 931 3468 pro
954 3398 1043 3450 tanta
1066 3388 1288 3469 praerogativa
1319 3388 1496 3449 inducenda
1525 3387 1570 3447 in-

293 3499 439 3560 suficiens
463 3500 608 3560 iudicant
634 3500 776 3577 adeoque
801 3499 929 3558 eosdem
953 3497 1265 3577 Domagovichenses
1289 3497 1329 3558 ad
1342 3497 1480 3576 priorem
1496 3495 1572 3574 ipsis

294 3608 355 3669 alio
379 3627 486 3668 eorum
519 3608 585 3668 iure
621 3615 850 3686 competentem
886 3604 1130 3668 iurisdictionem
1166 3606 1317 3684 relegant,
1351 3606 1571 3684 relegatosque

293 3716 461 3776 declarant.
485 3715 525 3774 Et
550 3723 583 3773 ut
607 3714 788 3778 mentionati
819 3731 944 3792 quoque
976 3713 1209 3790 Turopolenses
1238 3712 1381 3772 dominos
1410 3717 1510 3772 status
1540 3717 1571 3768 et

293 3822 418 3883 ordines
442 3823 481 3883 de
506 3821 650 3902 allegatis
680 3821 730 3880 hic
755 3840 864 3880 eorum
895 3820 1013 3880 iuribus
1044 3829 1075 3880 et
1105 3820 1342 3900 praerogativis,
1373 3819 1486 3897 quibus
1517 3836 1572 3895 pa·

295 3931 368 3991 riter
393 3931 432 3990 ab
456 3929 596 3990 omnium
620 3929 755 3988 iudicum
780 3928 879 4007 regni,
895 3937 1005 4007 paeter
1029 3927 1174 3986 banalem
1198 3937 1230 3986 et
1253 3927 1378 3987 tabulae
1403 3926 1470 3985 eius
1494 3925 1571 3984 iudi-

293 4049 365 4099 catu
388 4057 423 4098 se
448 4047 596 4116 exceptos
622 4046 773 4110 asserunt,
797 4035 963 4095 informent
987 4043 1019 4094 et
1042 4051 1175 4113 capaces
1199 4034 1323 4108 faciant,
1359 4053 1399 4093 ne
1423 4032 1498 4112 ipsis
1522 4032 1572 4091 vel

295 4146 388 4206 etiarn
413 4145 547 4206 dominis
571 4143 738 4224 regnicolis
763 4142 889 4222 passive
912 4141 963 4201 vel
987 4141 1089 4200 active
1124 4140 1348 4218 praeiudicium
1381 4141 1494 4201 amodo
1526 4140 1568 4199 in-

295 4251 420 4326 feratur,
444 4252 708 4331 quemadmodum
732 4260 875 4310 recenter
899 4249 1036 4309 motione
1060 4257 1166 4309 certae
1184 4249 1336 4309 adversus
1352 4249 1572 4329 magistratum

295 4367 326 4417 et
366 4359 620 4419 communitatem
656 4378 744 4418 suam
781 4377 886 4418 coram
923 4357 1106 4417 vicecomite
1147 4357 1313 4417 comitatus
1349 4355 1572 4436 Zagrabiensis

296 4484 420 4538 causae,
443 4466 562 4526 illatum
594 4466 756 4545 conquesti
780 4475 860 4539 sunt,
885 4464 1037 4539 statuitur,
1061 4472 1095 4523 ut
1117 4484 1224 4524 coram
1248 4484 1403 4544 generoso
1434 4463 1573 4543 Georgio

296 4572 444 4647 Plemich,
469 4574 557 4651 regni
581 4573 824 4652 prothonotari0,
848 4574 959 4632 eadem
983 4591 1042 4631 sua
1065 4572 1229 4651 privilegia
1245 4572 1419 4647 exhibeant,
1444 4582 1474 4630 et
1490 4571 1573 4630 idem

295 4681 546 4758 prothonotarius
570 4682 609 4740 de
634 4681 786 4740 eiusmodi
811 4681 876 4740 iure
901 4691 932 4738 et
956 4679 1153 4757 exemptione
1179 4680 1209 4738 in
1233 4680 1374 4758 proxima
1398 4698 1572 4759 congrega·

293 4788 376 4848 tione
401 4789 543 4848 dominos
568 4798 667 4849 status
690 4789 842 4848 informet.

766 4929 913 5014 (Ceteris
935 4931 1100 5012 amasis.)
