3934 5550
388 326 455 388 600

391 563 462 603 cum
487 544 598 602 eodem
619 542 650 602 in
674 560 802 601 causam
827 547 960 600 attracto
985 539 1087 600 adhuc
1111 539 1388 617 supersedendum,
1413 559 1450 598 ac
1474 538 1584 598 intuitu
1600 557 1668 616 per-

389 669 486 710 sonae
511 650 651 709 eiusdem
674 647 821 708 iudicium
844 647 1079 726 prorogandum
1104 646 1238 718 decerni,
1264 646 1315 724 qui
1347 647 1376 705 in
1410 644 1547 704 ulteriori
1578 645 1666 705 hicce

388 758 532 818 custodia
555 756 742 817 detinendus
766 763 797 815 et
821 755 1033 815 asservandus
1057 753 1242 814 decernitur.

800 881 1021 960 Sigismundus
1045 879 1199 951 Skerlecz,
1224 896 1330 938 comes
1354 878 1508 937 terrestris
1533 899 1571 939 m.
1596 899 1624 956 p.

495 1045 541 1103 In
572 1045 725 1103 dorso:
762 1043 933 1100 Processus
965 1040 1132 1099 criminalis
1164 1057 1312 1118 sagarum
1337 1041 1368 1100 in
1393 1059 1475 1101 anno
1505 1035 1596 1100 1734.
1621 1039 1669 1098 die

391 1149 443 1212 26.
469 1160 500 1211 et
523 1150 726 1230 sequentibus
750 1149 781 1208 in
805 1149 933 1208 castello
960 1148 1127 1207 Lukauecz
1153 1147 1210 1206 suh
1234 1149 1368 1208 decursu
1401 1147 1583 1207 iudiciorum
1613 1165 1668 1225 ge-

392 1259 545 1319 neralium
569 1247 743 1336 spanaliurn
768 1255 916 1316 celebrati

496 1395 641 1467 Originale
660 1396 848 1450 chartaceum.
883 1396 914 1447 In
934 1395 1048 1448 archivo
1080 1409 1221 1448 commun.
1256 1395 1321 1446 nob.
1351 1394 1388 1447 de
1407 1393 1574 1463 Turopolje:
1606 1393 1670 1446 Pro·

299 1560 302 1567 Ι
391 1502 503 1539 cessus:
522 1485 590 1539 fasc.
609 1484 634 1538 8.
654 1485 700 1538 Nr.
718 1485 742 1537 2.

503 1609 821 1678 ¹Sequitnr·deletum:
842 1610 1033 1664 »Dorotheam
1052 1610 1231 1676 Trumbetas,
1260 1609 1375 1680 Georgii
1403 1609 1518 1663 Mudich
1544 1610 1670 1663 relictam

392 1698 515 1764 viduam,
534 1698 620 1751 veluti
640 1714 723 1768 sagas
743 1705 772 1751 et
791 1698 956 1752 modalitate
969 1698 1234 1766 infraproducendis
1254 1700 1439 1753 actionibus«.
1478 1699 1555 1752 'sic
1595 1698 1671 1752 ³sic.

394 1788 473 1841 ‘sie
512 1788 589 1841 ⁵sic.
628 1789 706 1842 ⁶sic.
745 1787 822 1840 'sie
861 1787 940 1842 ⁸sic.
979 1789 1144 1856 'scriptum
1166 1790 1378 1857 »quibusdam«.

963 1935 978 1966 ’l
1088 1935 1100 1962 t

1025 1978 1040 2011 ss

1013 2126 1055 2194 6.

501 2274 594 2333 Anno
622 2270 713 2332 1734.
743 2269 888 2334 lt.-3l.
912 2271 1022 2336 martii.

396 2411 584 2476 Processus
614 2415 734 2476 contra
758 2408 974 2474 llatthaeum
1008 2409 1153 2489 Czelich,
1186 2411 1447 2498 Margarelham
1473 2413 1671 2490 Klerwvecz‚

396 2519 542 2584 Ioannis
562 2519 638 2586 Uuk
660 2518 764 2582 aliter
778 2517 915 2582 Mlinar
939 2521 1139 2597 consortem,
1155 2539 1287 2583 rzecnon
1305 2519 1500 2584 Barbarum
1515 2519 1668 2598 Hrelich,

396 2627 537 2691 Annam
550 2626 680 2704 Novak,
693 2625 942 2711 Magdolenam
955 2625 1099 2690 condam
1122 2625 1266 2713 Georgii
1281 2627 1507 2713 Kallopaynik
1519 2627 1673 2707 viduam,

397 2734 564 2799 Helenam
581 2733 784 2810 Mikinkam,
807 2732 1005 2798 Barbarum
1030 2733 1187 2818 Pepelich
1201 2737 1233 2798 el
1248 2735 1459 2800 Dorotheum
1480 2733 1671 2801 Czeszluri·

397 2843 561 2909 chianum
577 2843 679 2907 aliter
701 2841 934 2918 Uuksankam‚
959 2842 998 2906 ob
1023 2845 1124 2905 actus·
1138 2844 1292 2927 magicos
1316 2844 1494 2909 incusatos
1514 2846 1671 2931 (nragum

951 2954 983 3014 ei
1001 2952 1129 3035 sagae.)

504 3117 597 3176 Anno
631 3114 745 3175 domini
781 3113 873 3177 1734.
904 3115 954 3174 die
991 3113 1038 3177 ll.
1070 3115 1187 3174 mensis
1222 3116 1323 3175 martii
1347 3117 1378 3175 in
1403 3136 1474 3175 arce
1502 3118 1669 3177 Lukauecz

398 3223 608 3284 iurisdictione
639 3221 752 3300 Campi
784 3223 963 3298 Turopolya
995 3230 1026 3283 et
1058 3222 1206 3283 comitatu
1237 3224 1444 3303 Zagrabiensi
1474 3225 1617 3285 existenti
1644 3234 1674 3285 ct

398 3332 513 3405 habita,
544 3350 601 3409 per
632 3350 682 3389 me
717 3329 951 3409 sigismundum
983 3330 1138 3405 Skerlecz‚
1171 3332 1315 3391 comitem
1350 3340 1538 3407 terrestrem,
1573 3341 1674 3393 caete-

397 3456 513 3517 rosque
537 3437 677 3497 eiusdem
702 3435 814 3514 Campi
836 3456 1013 3497 assessores
1030 3446 1061 3496 et
1077 3437 1234 3498 coiudices
1250 3439 1366 3498 lactum
1383 3448 1431 3499 est
1447 3439 1674 3518 inlrascriptum

399 3544 555 3605 iudicium.

505 3654 625 3712 Levata
650 3670 747 3711 causa
770 3671 824 3711 seu
850 3652 930 3710 actio
955 3652 1102 3731 generosi
1128 3654 1281 3714 Matthiae
1313 3654 1450 3730 Mudich‚
1481 3656 1583 3716 dictae
1609 3657 1674 3716 uni·

400 3760 556 3819 versitatis
581 3756 729 3818 nobilium
753 3758 867 3836 Campi
890 3759 1070 3836 Turopolya
1098 3760 1211 3819 fiscalis
1235 3769 1266 3820 et
1291 3762 1412 3836 actoris,
1436 3772 1543 3822 contra
1567 3772 1598 3823 et
1622 3764 1675 3823 ad-

399 3888 509 3928 versus
532 3866 698 3926 Matthiam
729 3866 865 3939 Czelich,
896 3867 981 3925 velut
1011 3867 1192 3927 modalitate
1223 3868 1301 3927 inira
1325 3870 1526 3946 producenda
1554 3870 1675 3929 actione

400 3974 525 4035 uberius
557 3974 739 4033 denotatum
772 3992 901 4052 magum
924 3982 955 4032 et
978 3973 1010 4032 in
1035 3992 1164 4033 eausam
1195 3982 1370 4049 attractum,
1402 3994 1525 4035 necnon
1548 3978 1675 4057 Marga-

400 4086 520 4142 retham
545 4081 731 4154 Klenovecz,
759 4082 883 4140 Ioannis
906 4082 978 4141 Uuk
1010 4081 1099 4141 aliter
1122 4082 1235 4142 Mlinar
1259 4084 1480 4158 conthoralem,
1503 4084 1676 4144 Barbaram

400 4188 535 4262 Hrelieh,
568 4188 693 4247 Annam
724 4188 851 4261 Novak,
883 4188 1109 4267 Magdalenam
1140 4188 1394 4268 Kallopainkam,
1429 4192 1582 4257 Helenam
1617 4190 1676 4250 Mi·

400 4298 536 4368 kinlram,
559 4296 731 4355 Barbaram
756 4296 922 4373 Plepelich,
946 4296 1138 4355 Dorotheam
1155 4296 1461 4359 Czesztarichianam
1487 4298 1577 4359 aliter
1590 4300 1675 4360 Uuk-

401 4405 560 4476 szankam,
591 4404 686 4462 veluti
716 4403 832 4481 pariter
861 4403 1043 4463 modalitate
1075 4404 1106 4463 in
1141 4414 1246 4465 erecta
1270 4415 1379 4466 contra
1402 4408 1531 4467 easdem
1555 4407 1676 4468 actione

402 4512 526 4571 uberius
550 4512 726 4570 declaratas
750 4530 847 4591 sagas
871 4520 902 4570 et
926 4512 956 4570 in
980 4530 1110 4571 causam
1135 4520 1293 4574 attractas,

506 4619 567 4678 Pro
599 4626 704 4677 actore
738 4619 886 4699 egregius
916 4620 1068 4696 Iosephus
1100 4620 1249 4700 Magdich
1283 4640 1354 4680 cum
1384 4622 1507 4698 nostriS,
1531 4623 1673 4701 adeoque

402 4724 626 4784 sufficientibus
650 4734 681 4784 et
705 4725 779 4784 iuris
803 4737 833 4785 et
857 4726 1105 4786 mandatariatus
1129 4728 1297 4786 instructus
1321 4737 1511 4805 procurator,
1534 4731 1678 4808 producit

374 4834 377 4839 ’
403 4832 565 4911 originalia
598 4834 754 4892 actionum
785 4842 893 4893 contra
925 4836 1060 4894 eundem
1091 4855 1218 4913 magum
1244 4844 1274 4897 et
1297 4854 1393 4921 sagas
1421 4846 1595 4901 erectarum
1619 4838 1676 4898 sub
