3934 5550
995 602 1100 675 12⁷.

514 806 605 866 Anno
634 802 725 865 1685.
755 803 802 863 ll.
826 803 1014 865 novembris.
1040 803 1073 861 ln
1097 801 1209 863 Obres.

408 1015 573 1083 Nicoluus
596 993 762 1099 Erdeody,
786 1013 906 1090 banus,
930 1010 1048 1075 comiti
1070 1013 1151 1076 terr.
1177 1008 1301 1094 Campi
1328 1009 1511 1094 Turopolia
1533 1008 1687 1085 mundat,

410 1127 450 1189 ut
471 1122 651 1210 quartaria
670 1127 737 1206 pro
759 1120 921 1207 gentinus
943 1118 1047 1206 regni
1069 1118 1216 1198 ordinet,
1239 1138 1280 1181 ac
1302 1138 1382 1181 cum
1412 1138 1479 1181 sua
1510 1115 1690 1181 nobilitate

798 1235 903 1315 penes
926 1226 1111 1312 Pokupzko
1134 1226 1306 1292 assistat.

623 1427 785 1489 Generosa
810 1426 935 1487 domine
959 1426 1060 1485 amice
1084 1424 1378 1485 observandissime.

517 1572 653 1649 Quando
684 1572 811 1651 quidem
842 1571 892 1631 die
924 1564 1088 1631 Mercurii¹
1111 1569 1200 1647 regni
1224 1578 1337 1650 gentes
1366 1580 1473 1632 essent
1505 1571 1536 1631 in
1567 1553 1692 1653 Campo

411 1679 581 1758 Turopolia
606 1678 843 1756 compatiturae,
867 1687 899 1738 et
921 1697 985 1738 non
1007 1678 1067 1738 nisi
1090 1697 1153 1737 una
1169 1684 1260 1737 nocte
1276 1686 1525 1756 pernoctaturae,
1541 1699 1598 1759 pro
1615 1680 1690 1759 ipsis

413 1797 518 1849 vestra
542 1786 711 1848 dominatio
736 1786 894 1867 quarteria
920 1786 1039 1861 (habita
1063 1805 1133 1845 cum
1158 1785 1285 1846 domino
1316 1786 1500 1847 vicecomite
1531 1790 1692 1867 Stephano

415 1896 580 1956 lellachich
603 1904 714 1955 mutua
737 1892 991 1974 cointelligentia)
1014 1892 1178 1966 ordinabit,
1195 1893 1264 1971 ipsa
1281 1903 1385 1953 autem
1403 1894 1572 1955 dominatio
1589 1905 1696 1955 vestra

416 2024 486 2065 cum
510 2021 569 2063 sua
592 2001 751 2062 nobilitate
776 2001 826 2062 die
850 1994 947 2061 lovis²
971 2001 1012 2060 ad
1035 2000 1179 2079 Colapim
1203 2019 1238 2060 se
1262 2009 1358 2079 ponet
1387 2020 1486 2081 penes
1516 2003 1696 2081 Pokupzlro,

415 2130 475 2171 nec
498 2130 590 2170 secus
614 2110 719 2169 lacere
742 2117 931 2188 praesumat
955 2110 989 2167 ln
1012 2108 1132 2187 reliquo
1155 2108 1267 2167 valeat.

525 2219 614 2309 P.¹S.
639 2218 700 2277 Pro
724 2218 833 2277 decem
858 2216 968 2277 diebus
993 2235 1151 2276 annonam
1175 2215 1337 2295 accipiant

523 2324 562 2391 G.
585 2325 613 2385 d.
638 2332 762 2385 vestrae
787 2323 906 2384 amicus
930 2331 1060 2402 paratus

522 2468 634 2545 Obres,
662 2467 710 2530 ll.
734 2468 913 2528 novembris
941 2464 1032 2528 1685.

935 2610 1053 2671 Comes
1076 2611 1225 2670 Nicotaus
1248 2611 1395 2688 Erdeody
1418 2631 1459 2674 m.
1481 2632 1511 2690 p.
1535 2612 1650 2671 Banus.

525 2756 566 2814 ln
582 2754 725 2815 dorso:
749 2753 914 2815 Generoso
930 2754 1057 2816 domino
1074 2756 1166 2815 Petro
1181 2754 1431 2832 Szenlrouacbky
1448 2755 1537 2816 aliter
1549 2754 1696 2831 Vallicza,

420 2862 630 2922 universitatis
653 2863 804 2923 nobilium
827 2863 940 2942 Campi
963 2862 1186 2943 Zagrabiensis
1210 2862 1380 2941 Turopolia
1410 2862 1484 2923 dicti
1507 2862 1612 2922 comiti
1635 2871 1696 2922 ter·

416 2970 507 3031 restri
530 2979 597 3046 etc,
625 2970 725 3030 amico
749 2970 956 3032 observande.

525 3111 670 3182 Originale
683 3112 874 3178 chartaceum,
894 3127 910 3165 a
929 3119 1011 3182 tergo
1031 3127 1198 3179 appressum
1212 3103 1342 3181 sigillum,
1353 3127 1412 3180 quo
1425 3109 1507 3163 litera
1518 3110 1614 3164 clausa
1627 3117 1696 3164 erat.

415 3203 447 3254 ln
466 3201 581 3254 archivo
600 3217 742 3254 commun.
762 3201 828 3254 nob.
848 3202 885 3254 de
904 3199 1066 3269 Turopolje.

528 3327 534 3356 ¹
554 3327 595 3380 14.
613 3294 788 3381 novembris.
827 3323 838 3354 ²
858 3327 900 3380 15.
920 3327 1091 3380 novembris.

1007 3609 1111 3684 tae.

524 3811 615 3871 Anno
645 3807 736 3873 1687.
761 3810 789 3875 8.
813 3811 895 3872 maii.
920 3813 953 3870 ln
978 3810 1209 3871 Keresztinecz.

418 4021 587 4086 Nicotaus
610 4022 777 4107 Erdeody,
800 4021 920 4100 bariae,
944 4023 1066 4086 comiti
1089 4025 1168 4086 terr.
1194 4021 1318 4108 Campi
1347 4022 1533 4125 Turopolia
1546 4022 1699 4100 ηιατιᾰαί,

451 4133 491 4193 ut
514 4151 593 4194 cum
616 4129 817 4194 hominibus
839 4129 916 4194 suis
940 4130 987 4194 ad
1009 4131 1216 4195 moverrdum
1240 4131 1279 4194 in
1303 4135 1419 4196 castra
1438 4135 1587 4216 paratus
1609 4131 1666 4196 sit.

635 4329 796 4392 Generose
821 4329 945 4389 domine
972 4330 1071 4388 amice
1095 4330 1389 4393 observandissime.

527 4475 664 4551 Quando
688 4473 813 4552 quidem
837 4483 923 4534 certa
946 4474 1229 4553 inpraesentiarum
1253 4475 1435 4536 continiaria
1458 4495 1493 4536 se
1516 4477 1628 4536 offerat
1644 4495 1695 4536 οε·

424 4582 518 4662 casio,
542 4589 708 4660 eapropter
732 4601 760 4640 v.
785 4581 813 4641 d.
846 4599 1022 4660 generosae
1056 4581 1244 4641 authoritate
1276 4583 1381 4642 banali
1413 4583 1633 4643 committimus
1669 4591 1699 4643 et

423 4692 617 4763 mandamus,
651 4697 805 4769 quatenus
836 4689 978 4749 homines
1014 4708 1089 4749 suos
1121 4689 1163 4748 ita
1196 4699 1356 4768 promptos
1387 4700 1417 4750 et
1443 4700 1577 4769 paratos
1602 4710 1697 4750 anno·

425 4817 528 4877 naque
552 4817 608 4878 pro
632 4798 796 4858 duodecim
814 4797 924 4858 diebus
947 4798 1028 4858 bene
1051 4799 1194 4877 provisos
1217 4798 1355 4872 baberet,
1380 4809 1413 4857 ut
1437 4799 1516 4858 intra
1532 4799 1700 4873 octiduum,

426 4905 499 4965 dum
524 4905 584 4964 alia
608 4905 762 4966 ordinatio
787 4906 915 4978 venerit,
939 4925 1075 4986 quonam
1100 4915 1130 4966 et
1153 4907 1280 4986 quando
1303 4907 1468 4986 praemissi
1491 4927 1519 4970 v.
1551 4908 1579 4967 d.
1603 4927 1700 4986 gene·
