3934 5550
1531 348 1596 421 607

311 575 440 625 causam
471 567 623 626 attractae
656 561 832 627 nullatenus
863 559 1120 648 suffragarentur,
1154 585 1225 632 cum
1256 572 1367 632 eadem
1403 565 1432 632 in
1465 565 1594 634 minimo

312 672 432 732 eisdem
457 672 613 732 actoribus
637 673 825 734 favorabiles
842 687 963 750 essent,
989 679 1072 755 quod
1097 678 1191 737 etiarn
1216 678 1320 738 inclito
1345 679 1453 739 huicce
1478 681 1592 741 iudicio

311 779 514 852 submitteret,
539 789 570 839 et
593 781 757 840 referendo
781 800 816 840 se
840 783 881 842 ad
904 783 1033 859 praevia
1067 803 1133 860 sua,
1167 803 1204 844 ac
1236 793 1381 844 notanter
1412 788 1595 864 productam

312 887 551 965 inquisitionem,
582 888 839 966 torturaliumque
871 890 1049 948 examinum
1078 889 1235 950 extractus
1261 903 1351 970 (quos
1376 894 1470 952 etiam
1494 912 1592 971 penes

310 1003 508 1073 praesentem
539 1013 720 1072 processum
752 1004 883 1056 eatenus
914 997 1070 1057 asservari
1107 1003 1244 1076 cuperet)
1277 999 1354 1076 petit
1386 1009 1417 1058 et
1447 1011 1590 1059 reservat

310 1103 354 1161 uti
378 1121 482 1180 snpra.

418 1211 606 1268 Procurator
635 1209 665 1268 in
698 1223 826 1270 causam
859 1213 1062 1270 attractarum
1092 1227 1192 1288 aeque
1216 1212 1256 1271 ad
1280 1231 1337 1271 sua
1361 1203 1535 1289 praemissa
1559 1227 1593 1272 se·

313 1317 479 1376 referendo
509 1316 631 1394 reponit
662 1317 765 1396 legale
794 1316 888 1376 etiam
913 1336 993 1392 esse,
1017 1318 1101 1395 quod
1125 1337 1187 1376 non
1211 1325 1332 1377 tanturn
1358 1319 1591 1398 consangvinei,

312 1425 368 1482 sed
401 1432 433 1484 et
464 1423 679 1484 cohabitantes
710 1424 873 1484 domestici
903 1424 1043 1483 veritatis
1077 1425 1255 1485 testimonia
1281 1425 1446 1505 perhibere
1471 1426 1592 1486 soleant

310 1540 403 1610 atque
426 1531 555 1609 possint,
579 1550 676 1610 quare
700 1542 732 1591 et
754 1531 786 1590 in
809 1531 928 1610 reliquo
953 1531 997 1589 uti
1021 1550 1127 1609 supra.

416 1639 629 1698 Deliberatum
654 1647 718 1697 est:
746 1639 807 1698 Tot
830 1646 861 1698 et
884 1638 979 1697 tantis
1009 1637 1194 1716 complicum
1226 1638 1422 1714 testimoniis,
1456 1641 1587 1719 produc·

308 1746 408 1824 tisque
444 1747 537 1806 etiam
573 1744 805 1824 inquisitionum
837 1745 1050 1820 continentiis,
1085 1745 1114 1805 in
1150 1747 1375 1806 accuratiorem
1409 1749 1586 1808 considera·

307 1855 426 1914 rionem
458 1863 490 1913 et
513 1854 704 1913 iudiciariam
738 1853 939 1913 reflexionem
972 1853 1141 1932 assumptis
1177 1862 1207 1913 et
1242 1855 1446 1915 consideratis
1478 1873 1586 1933 supra-

307 1962 437 2039 scriptis,
462 1961 492 2020 in
516 1980 646 2020 causam
679 1968 828 2020 attractas
852 1959 994 2019 nimirum
1025 1961 1148 2020 Annam
1176 1961 1390 2036 Novachkam,
1414 1963 1585 2022 Barbaram

306 2069 531 2142 Helichianam,
560 2069 753 2127 Dorotheam
777 2067 933 2127 Narchich
959 2068 1048 2128 aliter
1072 2067 1338 2144 Czesztarianam,
1362 2071 1585 2150 Magdalenam

306 2176 556 2254 Kallopainlram,
580 2176 735 2234 Helenam
758 2174 877 2252 Mikliu,
902 2175 1138 2255 Margaretham
1154 2177 1369 2237 Mlinariczam
1399 2177 1486 2238 aliter
1502 2179 1582 2252 Uuk,

305 2303 361 2362 pro
385 2284 522 2343 ulteriori
547 2283 730 2343 delictorum
761 2301 888 2342 suorum
917 2282 1157 2358 comessatione,
1189 2285 1436 2362 complicumque
1466 2287 1584 2344 revela-

305 2391 388 2450 tione
412 2399 550 2451 torturae
573 2389 692 2465 subiici,
714 2390 878 2467 taliterque
896 2390 1069 2449 examinari
1085 2391 1201 2450 debere
1224 2390 1363 2464 iudicari,
1380 2411 1442 2469 qua
1458 2389 1583 2452 demum

304 2507 432 2574 peracta
461 2497 554 2556 finale
587 2496 835 2573 pronuntiabitur
868 2496 1023 2555 iudicium.
1057 2498 1213 2574 Respecto
1237 2515 1312 2556 vero
1337 2497 1457 2556 Nicolai
1481 2495 1584 2560 Dauu-

303 2605 417 2678 touich,
449 2603 602 2662 Matthiae
634 2600 789 2662 Czellich⁵
813 2611 844 2662 et
867 2604 1028 2662 Barbarae
1053 2603 1277 2676 Czuetkouich,
1301 2603 1455 2681 siquidem
1479 2605 1584 2681 plures

303 2713 421 2789 legales
446 2709 527 2770 circa
551 2729 702 2789 personas
727 2711 897 2769 earundem
922 2710 952 2768 in
976 2709 1057 2769 facie
1083 2711 1257 2789 praesentis
1281 2710 1385 2770 iudicii
1402 2711 1583 2789 propositae

303 2820 498 2879 examinatae
528 2827 559 2877 et
587 2819 749 2879 discussae
776 2820 986 2879 occurrissent
1013 2821 1206 2892 reflexiones,
1239 2820 1351 2899 quibus
1377 2820 1584 2880 mediantibus

303 2928 439 3006 allegata
459 2926 660 2986 criminalitas
685 2927 767 2985 circa
792 2928 919 2986 eosdem
938 2928 1014 2986 haut
1031 2928 1262 3005 comperiretur,
1287 2927 1426 3005 quinimo
1449 2927 1581 2987 diversis

303 3034 541 3094 circumstantiis
564 3044 596 3093 et
619 3034 740 3094 iudiciis
764 3034 973 3095 revelationes
999 3034 1077 3106 illas,
1101 3052 1182 3112 quae
1207 3036 1336 3093 eosdem
1357 3043 1490 3113 tangere
1515 3035 1580 3113 dig-

302 3148 512 3215 noscerentur,
543 3149 592 3199 sat
623 3160 680 3219 pro
710 3140 760 3199 hic
792 3150 823 3200 et
853 3161 935 3199 nunc
958 3140 1191 3219 perimentibus,
1219 3142 1347 3201 eosdem
1372 3160 1449 3221 erga
1473 3150 1582 3200 tamen

303 3247 509 3307 sufficientem
534 3249 719 3320 cautionem,
744 3256 934 3326 peractoque
951 3246 1163 3325 praefatorum
1180 3248 1210 3307 in
1227 3268 1355 3307 causam
1381 3256 1582 3307 attractorum

302 3356 443 3415 torturali
467 3357 619 3428 examine,
644 3356 844 3415 dimittendos
868 3364 899 3414 et
923 3356 1084 3415 absolutos
1107 3356 1308 3434 pronuntiari.

710 3499 930 3578 Sigismundus
954 3498 1109 3570 Skerlecz,
1134 3518 1240 3558 comes
1264 3498 1418 3557 terrestris
1442 3518 1481 3560 m.
1506 3520 1534 3577 p.

864 3690 883 3729 a
929 3738 948 3775 ἦ
994 3690 1013 3731 a

402 3890 494 3948 Anno
518 3888 635 3948 domini
673 3886 764 3949 1734.
788 3888 837 3949 die
861 3885 912 3946 31.
937 3888 1054 3947 mensis
1078 3889 1179 3949 martii
1203 3890 1233 3948 in
1258 3910 1329 3950 arce
1355 3892 1502 3951 Lukavec
1527 3892 1571 3951 iu-

293 3995 469 4057 risdictione
494 3996 607 4075 Campi
623 3996 811 4073 Turopolya,
835 3995 983 4054 comitatu
1008 3996 1213 4074 Zagrabiensi
1234 3996 1378 4057 existenti
1402 4008 1433 4058 et
1457 3998 1577 4067 habita,

294 4123 350 4180 per
373 4124 424 4163 me
449 4104 677 4181 infrascriptum
694 4102 905 4162 universitatis
929 4102 1077 4161 nobilium
1095 4101 1206 4179 Campi
1224 4104 1404 4181 Turopolya
1428 4105 1574 4165 comitem

292 4221 481 4286 terrestrem,
516 4210 734 4291 praesentibus
770 4218 876 4269 eotum
912 4217 943 4267 et
978 4209 1093 4267 ibidem
1128 4208 1363 4287 perillustribus‚
1399 4212 1575 4290 generosis,

290 4319 445 4379 nobilibus
470 4328 501 4379 et
525 4320 662 4401 egregiis
687 4317 813 4378 domino
838 4318 932 4376 Petro
949 4316 1172 4390 Paraminszki,
1197 4336 1273 4376 suae
1297 4318 1471 4377 maiestatis
1488 4319 1569 4379 vice·

289 4427 440 4487 colonello
461 4436 492 4487 et
509 4429 632 4488 confinii
648 4426 772 4487 Glinani
791 4434 822 4485 et
837 4424 1090 4497 Transmontani,
1117 4424 1326 4503 praesidiique
1341 4426 1574 4487 Sirachczensis

290 4536 531 4594 commendante
565 4541 595 4592 et
627 4536 698 4593 iuris
731 4551 892 4593 assessore
918 4531 1041 4609 Campi,
1076 4531 1173 4590 Paulo
1208 4532 1387 4611 Pogledich,
1423 4533 1571 4611 praesidii

290 4618 471 4701 Zriniensis
487 4640 617 4700 emerito
641 4640 861 4701 vicecolonello
886 4648 917 4699 et
941 4639 1017 4699 iuris
1039 4656 1209 4713 assessore,
1234 4639 1372 4719 Georgio
1388 4640 1569 4719 Pogledich,

290 4749 439 4827 praesidii
456 4747 644 4825 confiniique
668 4745 942 4808 laszenouczensis
968 4746 1286 4819 vicecommandante,
1311 4746 1386 4805 iuris
1411 4766 1573 4806 assessore

293 4866 324 4916 et
340 4857 435 4935 priori
454 4856 567 4916 comite
583 4856 728 4928 terrestri,
745 4856 879 4915 Matthia
900 4854 1074 4928 Gallouieh,
1090 4853 1272 4913 vicecomite
1288 4854 1427 4913 terrestri
1450 4864 1480 4913 et
1499 4854 1573 4913 iuris
