3934 5550
394 355 459 418 502

498 571 549 630 Ad
587 569 845 649 supplicationem
880 567 1044 626 Michaelis
1082 566 1254 642 Petrazych
1292 572 1323 624 et
1358 565 1512 625 consortis
1550 564 1677 625 Martini

396 678 594 755 Tandarych,
627 677 729 737 coloni
760 675 890 754 Georgii
922 673 1096 754 Mogorich‚
1130 673 1338 733 communitas
1370 691 1404 732 se
1436 672 1570 746 resolvit,
1594 673 1677 750 quod

392 785 534 846 executio
565 792 628 844 stat
661 791 771 843 contra
803 802 868 843 eos.
900 781 1054 840 Dominus
1089 799 1164 840 vero
1200 799 1306 841 comes
1339 779 1498 859 Georgius
1529 780 1675 860 Wagych

392 892 513 952 ratione
544 900 696 951 terramm
730 891 875 950 videlicet
906 889 997 950 trium
1030 889 1174 968 iugerum
1205 889 1364 967 quondam
1391 889 1554 948 Michaelis
1579 891 1674 948 Lacz·

393 1000 527 1076 lrowych
550 1019 607 1078 per
630 999 764 1058 eundem
785 997 945 1056 dominum
961 995 1107 1056 comitem
1131 996 1270 1074 proxime
1296 1004 1463 1070 matarum,
1487 996 1573 1056 dedit
1597 997 1674 1055 sclo-

393 1114 500 1184 petum
524 1126 619 1166 unum
643 1106 797 1166 mwsketh
822 1105 948 1166 dictum.

501 1231 604 1291 Nobili
639 1231 778 1307 Georgia
812 1230 1014 1308 Philipchych
1048 1248 1085 1289 ex
1118 1230 1246 1308 antiqua
1279 1231 1368 1306 sylva
1398 1231 1482 1308 apud
1513 1231 1675 1290 castellum

394 1339 562 1398 Lulraueez
582 1339 697 1410 habita,
722 1338 762 1397 ad
785 1338 954 1397 instantem
974 1336 1234 1415 supplicationem
1252 1337 1392 1397 eiusdem
1409 1337 1522 1397 dantur
1537 1339 1678 1416 plaustra

395 1454 537 1524 quatuor.

1368 1552 1516 1613 Notarius
1540 1572 1579 1611 m.
1604 1573 1632 1630 p.

502 1710 648 1781 Originale
667 1711 856 1764 chartaceum.
876 1711 906 1762 ln
926 1711 1040 1764 archivo
1060 1711 1125 1765 nob.
1145 1726 1288 1766 commun.
1309 1711 1346 1764 de
1365 1711 1531 1780 Turopolje:
1551 1709 1677 1779 Congre-

397 1799 549 1870 gationalia
567 1799 636 1854 fasc.
655 1800 679 1852 4.

399 1919 609 1926 ’,μ-.-

507 1977 569 2032 ¹18.
583 1980 763 2047 septembris.
796 1980 956 2048 'scriptum
969 1987 1083 2034 statum.
1114 1980 1186 2034 ³29.
1201 1981 1381 2048 septembris.
1410 1979 1475 2032 ⁴22.
1489 1979 1671 2048 septembris.

953 2176 1102 2260 *a*

511 2409 603 2472 1614.
627 2412 677 2471 die
706 2409 903 2472 relatiuam
927 2412 958 2470 in
982 2412 1095 2472 Maiori
1113 2413 1257 2490 Gorycza
1272 2413 1356 2472 tacta
1372 2420 1420 2471 est
1436 2409 1679 2492 congregatiun-

401 2520 472 2578 cula
495 2519 691 2598 particularis
714 2519 864 2579 nobilium
888 2519 1001 2599 Campi
1025 2521 1255 2600 Zagrabiensis

512 2665 537 2725 l.
561 2663 612 2729 Ad
645 2664 825 2723 instantiam
856 2665 1004 2744 generosi
1027 2665 1144 2724 domini
1167 2665 1383 2744 Christophori
1406 2665 1680 2742 Mernyawchych,

399 2771 543 2831 vicebani
574 2772 664 2853 regni
699 2772 895 2846 Sclauoniae‚
928 2772 1032 2834 medio
1057 2774 1214 2834 servitoris
1238 2775 1285 2835 sui
1309 2774 1443 2837 Simonis
1468 2771 1681 2833 communitati

402 2880 505 2940 dictae
538 2880 739 2958 propositam,
773 2880 885 2940 dantur
908 2889 940 2939 et
963 2882 1176 2941 conceduntur
1199 2882 1327 2942 arbores
1350 2882 1517 2960 quercinae
1541 2879 1606 2941 sive
1631 2898 1681 2939 ro·

399 2988 477 3047 bora
499 2988 643 3066 quinque.

510 3112 539 3172 2.
562 3107 736 3171 Statutum¹
752 3120 800 3171 est
815 3113 1003 3175 anobilibus
1031 3116 1244 3191 spectantibus
1268 3116 1307 3174 ad
1332 3115 1495 3175 ecclesiam
1519 3115 1554 3175 B.
1577 3115 1614 3174 V.
1637 3114 1680 3176 M.

400 3222 432 3280 in
467 3220 580 3279 Maiori
615 3220 768 3296 Gmyczn,
805 3220 950 3281 videlicet
984 3222 1201 3299 parochianis:
1233 3224 1389 3301 eliguntur
1421 3222 1461 3281 ad
1484 3222 1680 3281 tractandum

401 3348 473 3388 cum
513 3327 658 3387 iratribus
692 3327 851 3386 heremitis
890 3329 1067 3408 Zagrabiae
1102 3330 1379 3405 commorantibus
1417 3330 1536 3391 ratione
1576 3329 1680 3387 salarii

402 3454 511 3495 eorum
537 3434 656 3493 ratione
681 3434 776 3493 divini
800 3434 893 3495 olficii
917 3436 1154 3496 administrandi
1177 3438 1207 3497 in
1233 3438 1365 3497 ecclesia
1379 3438 1413 3497 B.
1431 3439 1466 3497 V.
1483 3437 1526 3497 M.
1543 3437 1574 3495 in
1589 3455 1678 3516 prae-

402 3543 486 3602 dicta
518 3542 631 3601 Maiori
663 3543 808 3620 Gorycza
839 3544 977 3622 fundata,
1010 3545 1153 3605 videlicet
1185 3546 1328 3605 dominus
1361 3566 1474 3622 comes,
1501 3546 1679 3623 Stephanus

406 3651 562 3721 Arbanaz,
590 3650 739 3709 Nicolaus
763 3658 794 3709 et
817 3652 941 3729 Caspar
964 3654 1131 3731 Pepelych,
1156 3654 1313 3733 Georgius
1337 3654 1516 3733 Pogledych
1541 3652 1679 3713 notarius

404 3767 436 3817 et
458 3757 559 3815 vitrici
583 3758 684 3817 dictae
717 3758 869 3819 ecclesiae
893 3760 946 3818 tali
972 3762 1073 3835 mod0‚
1106 3762 1190 3840 qnod
1213 3761 1359 3841 quicquid
1382 3761 1532 3840 praedicti
1557 3762 1678 3819 conclu·

401 3864 497 3924 serint
522 3883 591 3922 cum
616 3865 765 3941 praetatis
788 3865 935 3926 fratribus
959 3864 1111 3928 eremitis²
1136 3869 1255 3928 ratione
1271 3868 1473 3946 suprascripti
1496 3867 1624 3946 negotii,
1646 3866 1679 3925 id

401 3991 457 4051 pro
481 3980 558 4047 rat0‚
581 3981 673 4051 grato
697 3982 728 4031 et
752 3973 840 4031 firmo
864 3975 980 4033 habere
1007 3977 1120 4036 volunt.

508 4096 537 4157 3.
562 4100 613 4157 Ad
637 4099 887 4159 aedificationem
920 4102 1053 4162 aedificii
1084 4101 1314 4162 communitatis
1337 4102 1369 4162 in
1392 4103 1505 4162 Maiori
1536 4102 1677 4177 Gorycza

401 4208 621 4285 perextruendi
664 4208 816 4285 statuitur,
847 4209 935 4268 utin
959 4212 1039 4269 testo
1074 4212 1236 4270 beatorum
1272 4211 1401 4270 Fabiani
1439 4220 1470 4271 et
1503 4208 1680 4271 Sebastiam

402 4324 573 4393 martyrum
598 4316 739 4393 proxime
762 4311 891 4390 futur0³‚
915 4318 1030 4377 robora
1055 4338 1092 4377 ex
1116 4319 1205 4395 sylva
1225 4318 1381 4378 communi
1404 4318 1552 4377 nobilium
1568 4316 1681 4393 Campi

402 4422 625 4501 Zagrabiensis
649 4423 779 4498 Bunzlry
804 4425 894 4503 Logh
918 4435 1040 4502 vocata,
1064 4426 1249 4503 incipiantur
1273 4427 1397 4500 vehere,
1414 4425 1506 4503 idque
1524 4445 1542 4485 a
1558 4424 1681 4503 singula

404 4530 496 4589 domo
520 4538 653 4607 quatuor
687 4531 800 4589 robora
824 4533 864 4591 ad
888 4532 1008 4591 cubitos
1032 4534 1190 4607 tredecim,
1214 4553 1294 4611 quae
1318 4534 1377 4592 hac
1401 4533 1542 4611 sequenti
1566 4532 1681 4590 hebdo-

402 4636 496 4695 mada
521 4636 678 4696 advehere
708 4638 903 4697 debebuntur
936 4641 993 4700 sub
1026 4660 1129 4718 poena
1161 4641 1274 4720 singuli
1308 4640 1426 4699 roboris
1450 4639 1558 4699 floreui
1583 4638 1681 4699 utrius,

402 4744 536 4802 Asseres
570 4763 645 4802 vero
677 4764 695 4803 a
729 4746 852 4821 singula
884 4749 977 4806 donto
1011 4749 1174 4807 duodecim
1209 4749 1248 4809 nt
1280 4748 1471 4825 praedictum
1509 4746 1682 4806 aediticium

401 4850 705 4913 administrabuntur.
