3934 5550
1488 414 1554 489 '243

277 640 334 701 rite
359 660 396 701 ac
420 640 558 720 legitime
583 643 718 702 existunt
742 651 917 719 emanatas,
942 642 1122 721 viribusque
1154 662 1262 703 earum
1299 642 1414 703 veritas
1446 644 1558 703 suffra·

277 758 382 827 gatur,
406 756 500 823 ratas,
532 756 641 829 gratas
674 757 706 808 et
741 758 871 827 accepta
906 748 1068 823 habentes,
1100 750 1338 829 praedeclarata
1370 750 1558 811 authoritate

277 865 386 915 nostra
410 856 498 937 regia
522 857 765 936 acceptavimus,
789 858 1042 936 approbavimus,
1067 856 1293 931 roboravimus,
1323 858 1558 930 ratificavimus,

278 981 315 1021 ac
339 981 395 1039 pro
417 962 509 1025 toties
532 962 604 1022 fatis
629 962 782 1023 universis
805 964 897 1024 unius
921 965 1071 1025 sessionis
1095 963 1209 1043 Campi
1241 964 1464 1045 Zagrabieusis
1495 966 1543 1024 Tu

278 1070 407 1146 ropolya
431 1071 577 1149 appellati
601 1072 765 1147 nobilibus
789 1073 1023 1152 eorundemque
1056 1072 1252 1150 haeredibus,
1276 1073 1410 1151 posteris
1434 1081 1466 1131 et
1489 1092 1558 1133 suc·

278 1177 454 1237 cesoribus
480 1179 685 1256 pariformiter
709 1178 872 1253 universis,
896 1181 1094 1257 innovantes,
1118 1188 1271 1258 perpetuo
1303 1181 1453 1240 valituras
1486 1200 1558 1260 gra·

278 1286 356 1344 tiose
389 1287 651 1362 confirmavimus,
684 1286 948 1366 quemadmodum
983 1297 1194 1367 acceptamus
1218 1291 1437 1367 approbamus
1468 1297 1558 1348 robo·

278 1412 392 1465 ramus,
419 1394 620 1469 ratificamus,
643 1394 892 1475 innovamusque
917 1404 948 1455 et
981 1396 1216 1472 confirmamus,
1246 1397 1335 1455 salvo
1358 1397 1424 1455 iure
1450 1396 1560 1468 alieno,

279 1502 461 1578 praesertim
488 1522 562 1561 vero
586 1498 789 1564 ecclesiarum
813 1502 872 1577 dei,
897 1504 1009 1563 harum
1032 1513 1208 1564 nostrarum
1224 1514 1345 1565 secreto
1368 1524 1468 1583 aeque
1493 1524 1557 1564 ma·

280 1607 336 1665 iori
360 1608 461 1687 sigillo
485 1616 600 1684 nostro,
624 1630 686 1688 quo
710 1620 743 1669 ut
767 1630 820 1670 rex
846 1610 1029 1691 Hungariae
1061 1612 1176 1671 utimur
1207 1611 1397 1690 impendenti
1421 1630 1558 1671 commu·

279 1715 422 1789 nitarum,
447 1718 555 1797 vigore
580 1728 611 1777 et
633 1718 812 1778 testimonio
835 1718 997 1779 literarum
1021 1720 1187 1783 mediante.
1220 1720 1336 1779 Datum
1361 1738 1416 1798 per
1448 1736 1560 1779 manus

281 1823 379 1882 fidelis
403 1825 500 1883 nostri
524 1826 613 1885 nobis
638 1826 749 1902 dilecti,
775 1827 953 1905 spectabilis
979 1846 1018 1886 ac
1041 1826 1201 1906 magnifici
1233 1827 1354 1887 comitis
1378 1827 1500 1887 Nicolai
1524 1826 1559 1886 ll·

279 1931 406 2007 leshazy
431 1933 469 1991 de
495 1935 613 2007 eadem,
637 1934 836 1995 haereditarii
861 1934 891 1993 in
909 1935 1077 2004 Trenchin,
1094 1936 1298 2015 eiusdemque
1318 1934 1453 1994 nominis
1470 1942 1562 2013 prout

280 2046 311 2097 et
334 2038 542 2117 Liptoviensis
566 2042 768 2102 comitatuum
792 2043 930 2121 supremi
955 2061 993 2102 ac
1016 2042 1159 2121 perpetui
1182 2042 1312 2118 comitis,
1343 2042 1507 2102 camerarii
1530 2050 1562 2101 et

281 2147 446 2207 consiliarii
470 2149 566 2207 nostri
591 2148 690 2221 aulici,
714 2150 746 2209 in
770 2150 895 2210 civitate
920 2159 1026 2210 nostra
1052 2149 1173 2210 Vienna
1193 2149 1349 2226 Austriae,
1365 2149 1415 2209 die
1437 2149 1561 2209 decima

281 2264 391 2332 quarta
417 2257 533 2314 mensis
557 2257 668 2333 martii,
695 2276 778 2316 anno
802 2257 920 2317 domini
943 2257 1106 2317 millesimo
1130 2256 1411 2336 septingentesimo
1433 2264 1561 2321 octau03

282 2380 448 2441 regnorum
473 2371 648 2423 nostrorum
673 2365 805 2424 Romani
830 2364 952 2433 decimo
976 2384 1067 2434 nono,
1091 2364 1276 2444 Hungariae
1310 2373 1341 2423 et
1374 2363 1561 2441 reliquorum

282 2468 435 2547 vigesimo
461 2470 569 2547 primo,
593 2471 765 2531 Bohemiae
790 2490 865 2531 vero
890 2490 972 2531 anno
997 2472 1095 2532 tertio.

326 2613 476 2692 Iosephus
499 2634 538 2677 m.
562 2634 591 2692 p.

935 2775 1053 2836 Comes
1077 2777 1225 2836 Nicolaus
1250 2777 1402 2853 llleshdzy
1426 2796 1465 2837 rn.
1489 2797 1517 2854 p.

999 2885 1165 2944 Ladislaus
1190 2886 1348 2960 Hunyady
1373 2904 1413 2944 nr.
1436 2904 1466 2961 p.

389 3025 533 3094 Originale
553 3027 767 3079 membraneum
788 3027 816 3078 in
838 3027 927 3079 forma
946 3025 1009 3079 libri
1028 3025 1199 3090 confectum,
1219 3041 1235 3078 a
1254 3041 1325 3078 zona
1349 3025 1458 3078 sericea
1477 3025 1562 3088 rubri,

283 3114 347 3177 albi,
372 3113 434 3167 flavi
459 3123 488 3168 et
507 3115 630 3168 coerulei
650 3115 754 3168 coloris
774 3117 882 3183 pendet
901 3114 1023 3186 sigillum
1043 3115 1083 3183 (in
1111 3115 1205 3186 lignea
1223 3114 1358 3182 capsula).
1389 3115 1419 3167 ln
1448 3114 1562 3167 archivo

283 3219 425 3256 commun.
446 3205 512 3256 nob.
532 3205 569 3257 de
588 3203 750 3274 Turopoljc.

396 3384 401 3411 ¹
421 3387 469 3438 sic.
516 3385 525 3412 ²
544 3385 593 3438 sic.

870 3725 974 3800 103.

392 3965 484 4024 Anno
513 3961 605 4024 1709.
635 3962 680 4024 17.
712 3962 795 4026 iunii.
818 3963 852 4021 ln
878 3981 948 4022 aree
973 3961 1142 4040 episcopali
1165 3961 1351 4040 Zagrabiae.

393 4199 500 4258 Status
532 4207 563 4257 et
594 4197 719 4257 ordines
750 4195 840 4276 regni
871 4196 1051 4272 decernunt,
1082 4204 1115 4252 ut
1153 4191 1270 4252 domini
1305 4199 1476 4264 terrestres,
1509 4190 1566 4249 sub

288 4325 420 4383 quorum
455 4305 665 4366 iurisdictione
701 4305 920 4365 malefactores
955 4303 1101 4376 existunt,
1138 4302 1179 4361 ad
1209 4299 1453 4378 impendendam
1486 4299 1566 4356 intra

289 4413 478 4491 quindenam
504 4433 522 4472 a
546 4414 620 4474 dato
652 4413 882 4473 certificationis
915 4415 983 4490 (per
1011 4411 1141 4470 comites
1172 4417 1204 4468 et
1237 4408 1437 4468 vicecomites
1470 4406 1567 4465 comi-

288 4529 408 4580 tatuum
436 4523 667 4601 Zagrabiensis,
684 4521 904 4582 Varasdiensis
928 4529 960 4581 et
983 4518 1151 4579 Crisiensis
1167 4517 1380 4590 subsecutam)
1405 4514 1498 4574 laesis
1522 4513 1566 4571 iu-

289 4628 415 4701 stitiam,
438 4637 586 4687 moneant
610 4630 688 4688 tales
719 4629 946 4700 malefactores,
971 4626 1108 4706 alioquin
1132 4626 1157 4684 si
1181 4625 1300 4684 interea
1325 4621 1566 4682 satisfactionem

289 4735 506 4795 administrare
539 4735 767 4812 intermiserint,
800 4735 940 4812 protinus
968 4735 1077 4812 elapso
1101 4733 1160 4792 hoc
1183 4730 1316 4790 termino
1339 4727 1489 4788 banderio
1513 4745 1567 4785 no·

288 4843 394 4904 billum
427 4845 466 4903 de
498 4845 676 4921 Turopolia,
710 4843 788 4902 tales
820 4849 996 4920 patratores
1028 4850 1059 4901 et
1091 4859 1169 4915 reos,
1202 4839 1322 4916 aliquos
1349 4858 1385 4896 ex
1411 4835 1568 4913 peioribus

290 4951 434 5030 supplitio
466 4951 573 5010 mortis
606 4951 740 5025 afficere,
765 4951 803 5010 de
835 4947 1010 5010 substantia
1033 4949 1222 5026 reliquorum
1246 4943 1454 5004 damnificatis
1477 4948 1569 5021 prout

1480 5060 1498 5098 a
