3934 5550
970 580 1074 655 1³⁷.

488 748 579 809 Anno
608 746 699 809 1688.
725 745 776 808 23.
801 748 914 826 aprilis,
937 747 1070 808 Sellini.v

380 926 551 992 Nicotaus
573 927 739 1013 Erdeody,
763 926 883 1006 burrus,
907 925 1028 990 comiti
1051 930 1132 991 terr.
1157 924 1282 1008 Compi
1302 924 1489 1010 Turopolia
1504 922 1657 1001 mundat,

359 1050 361 1055 ’
544 1040 582 1098 ut
606 1033 762 1100 horra'nes
784 1035 844 1099 sui
869 1050 910 1098 11.
934 1034 1024 1098 maii
1047 1034 1081 1097 in
1106 1032 1254 1097 quarich
1272 1036 1498 1117 compareant.

540 1238 543 1243 '
595 1235 757 1295 Generose
781 1234 906 1294 domine
931 1234 1030 1293 amice
1054 1232 1347 1293 observandissime.

491 1363 562 1423 Non
587 1360 775 1441 ambigimus
799 1370 936 1421 vestram
952 1360 1195 1419 dominationem
1212 1377 1400 1439 generosam
1417 1358 1656 1418 insinuationem

385 1480 524 1530 nostram
549 1470 579 1529 in
604 1469 743 1548 proxime
768 1468 936 1547 praeterita
967 1468 1058 1548 regni
1089 1467 1180 1526 huius
1214 1466 1460 1547 congregatione
1491 1466 1657 1525 occasione

386 1577 555 1637 castrensis
578 1577 813 1637 insurrectionis
835 1578 959 1649 iactam,
983 1562 1100 1635 recenti
1124 1574 1276 1634 memoria
1298 1583 1415 1647 tenere,
1438 1582 1593 1653 quatenus
1618 1573 1657 1631 ad

383 1684 517 1763 primam
541 1684 779 1744 insinuationem
805 1691 836 1743 et
859 1683 1133 1743 demandationem
1156 1691 1296 1742 nostram
1328 1681 1444 1741 domini
1478 1680 1656 1762 regnicolae

381 1793 421 1851 ad
446 1799 548 1852 castra
573 1791 741 1870 prodirent.
765 1790 846 1850 Cum
872 1798 976 1850 autem
1000 1790 1174 1850 necessitas
1189 1789 1305 1868 exigat,
1329 1798 1362 1849 ut
1385 1790 1416 1849 id
1439 1788 1540 1867 ipsum
1564 1787 1659 1847 effec-

390 1908 502 1971 tuetur,
535 1899 650 1959 idcirco
683 1899 816 1959 dominis
848 1898 1016 1978 regnicolis
1046 1898 1233 1958 authoritate
1257 1906 1373 1973 nostra,
1396 1916 1459 1975 qua
1481 1898 1573 1974 pleno
1597 1895 1662 1953 iare

388 2006 548 2087 fungimur
570 1996 684 2083 banali,
707 2006 939 2085 comparitionis
963 2005 1045 2065 diem
1069 2006 1267 2064 undecimam
1291 2003 1416 2063 atiuturi
1438 2003 1555 2063 mensis
1579 2000 1662 2079 maii,

389 2114 429 2173 ad
453 2112 642 2191 praesidium
666 2112 793 2172 luanich
817 2111 887 2189 (nisi
911 2112 1015 2171 medio
1038 2122 1179 2192 tempore
1204 2111 1266 2171 alia
1288 2120 1395 2171 nostra
1419 2110 1662 2188 subsequeretur

391 2220 564 2297 dispositio)
588 2220 801 2299 praefigimus,
824 2238 881 2297 pro
912 2238 974 2299 quo
1005 2220 1138 2279 termino
1170 2227 1275 2279 vestra
1306 2217 1476 2278 dominatio
1507 2234 1664 2297 generosa

389 2326 532 2387 homines
556 2346 630 2387 suos
654 2328 697 2387 ita
721 2326 945 2400 accomodabit,
970 2335 1003 2386 ut
1026 2326 1058 2385 in
1080 2327 1149 2386 loco
1180 2326 1354 2406 praemisso
1384 2335 1506 2385 mature
1538 2341 1663 2400 compa·

387 2444 455 2494 rere
480 2436 609 2513 possint.
632 2435 700 2494 Nec
724 2454 815 2494 secus
839 2434 896 2495 sub
921 2452 1025 2512 poena
1049 2434 1079 2492 in
1104 2434 1241 2493 articulis
1265 2434 1385 2493 sancita
1406 2434 1529 2492 iactura
1561 2432 1594 2490 ln
1614 2450 1662 2489 re·

393 2542 466 2621 iquo
491 2542 606 2601 valebit
628 2541 766 2602 feliciter.

494 2667 531 2728 G.
555 2668 583 2727 d.
608 2676 732 2727 vestrae
757 2667 875 2727 amicus
902 2676 1028 2745 paratus

908 2793 1024 2853 Comes
1049 2794 1196 2853 Nicolaus
1220 2794 1375 2871 Erdeody,
1399 2795 1500 2853 banus
1524 2814 1564 2854 m.
1588 2814 1616 2872 p.

490 2918 616 2995 Selliny,
640 2916 691 2981 23.
716 2919 821 2997 aprilis
849 2915 941 2978 1688.

494 3043 678 3103 lnierius
701 3043 740 3102 in
764 3045 897 3104 calce:
922 3043 1057 3102 Domino
1080 3063 1181 3122 spano
1205 3043 1419 3122 Turopolensi.

495 3151 536 3210 In
561 3152 702 3211 dorso:
726 3151 890 3211 Generoso
914 3151 1041 3211 domino
1065 3153 1158 3211 Petro
1188 3151 1439 3228 Szenlrouachky
1473 3150 1561 3210 aliter
1589 3152 1663 3211 Val-

384 3259 471 3335 licza‚
496 3258 711 3318 universitatis
735 3258 884 3318 nobilium
909 3257 1022 3337 Campi
1055 3259 1279 3339 Zagrabiensis
1310 3259 1480 3337 Turopolia
1511 3258 1585 3318 dicti
1615 3277 1665 3317 co·

383 3365 449 3426 miti
471 3365 609 3425 terrestri
634 3373 700 3434 etc..
729 3367 830 3426 amico
854 3365 1149 3427 observandissime.

493 3486 638 3558 Originale
651 3487 841 3554 chartaceum,
861 3503 877 3542 a
895 3494 978 3558 tergo
992 3489 1120 3556 appressi
1136 3488 1218 3558 sigilli
1232 3489 1393 3557 vestigium,
1406 3504 1464 3556 quo
1476 3489 1557 3542 litera
1570 3489 1666 3543 clausa

383 3585 451 3630 erat.
473 3577 502 3628 ln
523 3576 637 3630 archivo
656 3591 799 3630 commun.
820 3577 885 3630 nob.
907 3577 943 3629 de
962 3577 1124 3645 Turopolje.

494 4047 585 4104 Anno
613 4041 705 4105 1688.
730 4042 782 4107 24.
805 4045 888 4104 iunii.
913 4046 945 4104 ln
972 4046 1138 4105 Mokricze.

387 4221 556 4287 Nicoluus
580 4221 746 4306 Erdeody,
763 4221 883 4302 licerius,
908 4223 1028 4287 contriti
1051 4227 1130 4287 terr.
1157 4223 1281 4308 Campi
1313 4224 1498 4310 Turopolia
1513 4226 1666 4304 attondat,

388 4335 427 4394 ui
451 4328 605 4393 homiues
636 4330 696 4392 sui
726 4329 779 4393 ute
799 4346 825 4409 5.
850 4330 928 4394 iulii
958 4331 1052 4394 circu
1076 4330 1271 4394 Petrinium
1303 4331 1350 4394 ud
1379 4333 1665 4396 transmeandum

823 4437 979 4523 Colapim
1005 4443 1231 4524 compareant.

600 4634 762 4696 Generosa
786 4636 911 4696 domine
936 4637 1037 4697 amice
1061 4638 1266 4698 observande.

496 4761 655 4840 Benignas
681 4779 789 4820 sacrae
815 4779 983 4821 caesareae
1008 4771 1039 4821 et
1063 4763 1169 4842 regiae
1195 4763 1366 4822 maiestatis
1399 4765 1513 4838 literas,
1545 4786 1582 4824 ex
1615 4787 1666 4824 ex·

389 4871 473 4929 celso
498 4869 626 4928 consilio
652 4870 741 4928 aulae
764 4869 874 4928 bellico
906 4869 1076 4928 Viennensi
1107 4880 1279 4946 emanatas,
1310 4871 1463 4949 nobisque
1496 4874 1666 4932 clementer
