3934 5550
366 409 433 473 406

479 627 526 690 15.
556 628 675 689 Nobilis
707 627 864 708 Georgius
895 627 1052 687 Szedmalr
1085 627 1180 686 habet
1203 626 1330 686 domum
1354 624 1479 701 bonam,
1501 625 1648 687 horreum

367 736 483 795 bonurn
507 734 574 795 sine
597 745 687 815 porta
711 737 802 809 bona,
829 736 922 795 haras
940 737 980 794 ad
1006 736 1167 794 clausuras
1191 732 1211 793 4
1236 752 1335 793 novas
1357 733 1466 810 bonas,
1490 752 1650 794 cameram

369 842 537 924 antiquam,
553 863 636 904 nova
660 841 788 925 indiget,
812 843 970 903 fornacem
988 843 1157 921 pistoream
1180 842 1212 902 in
1234 841 1384 903 mediocri
1407 850 1499 916 statu,
1513 842 1649 927 ¹domurn

369 951 510 1013 fabrilem
541 951 756 1031 antiquam'in
780 952 944 1012 roboribus
975 970 1038 1011 non
1069 951 1168 1020 bonis,
1191 951 1248 1010 sed
1271 957 1353 1011 tecto
1376 969 1459 1010 novo
1483 949 1650 1028 provisam,

368 1068 481 1136 puteus
504 1059 613 1134 bonus,
638 1079 732 1140 quem
755 1078 827 1119 cum
850 1059 953 1119 vicino
977 1059 1139 1119 Pavissich
1161 1058 1264 1119 habet.

481 1180 528 1247 16.
560 1184 679 1245 Nobilis
711 1183 890 1262 Stephanus
922 1182 1095 1264 Czigetich,
1123 1183 1225 1253 iudex,
1249 1184 1344 1244 habet
1367 1183 1494 1242 domum
1517 1182 1649 1261 biangu·

368 1292 475 1365 larem,
508 1290 560 1351 ubi
592 1291 676 1370 prior
700 1291 740 1351 ad
764 1291 901 1370 plateam
925 1300 973 1351 est
997 1291 1109 1351 domus
1141 1290 1337 1369 reparatione
1369 1289 1557 1365 necessaria,
1580 1289 1649 1347 hor·

368 1418 456 1459 reum
480 1399 606 1473 bonurn,
629 1398 723 1459 haras
739 1399 939 1479 biangulares
964 1399 1004 1459 ad
1028 1397 1049 1457 4
1073 1407 1179 1477 portas
1195 1398 1303 1473 bonas,
1321 1406 1392 1476 post
1409 1397 1526 1476 aliquot
1551 1414 1650 1455 annos

368 1505 549 1584 pavimento
580 1506 717 1567 inferiori
749 1506 910 1587 indigebit,
942 1526 1102 1567 cameram
1135 1506 1282 1566 frumenti
1316 1506 1431 1565 bonam
1466 1504 1533 1563 sine
1568 1504 1651 1564 bono

368 1614 566 1692 pavimento;
589 1614 664 1675 item
688 1615 782 1675 aliam
806 1632 966 1675 cameram
990 1613 1150 1693 antiquam
1174 1613 1304 1675 basibus
1328 1613 1530 1693 indigentem,
1557 1612 1652 1671 haras

369 1722 526 1781 maialium
562 1722 662 1782 bonas
693 1722 761 1781 sine
792 1722 875 1782 bono
908 1723 1089 1802 pavimento
1120 1720 1266 1795 inferiori,
1299 1720 1458 1783 fornacem
1482 1720 1651 1798 pistoream

370 1830 437 1890 sine
468 1829 551 1889 bono
584 1838 675 1899 tecto,
708 1837 821 1908 puteus
850 1848 913 1889 una
945 1850 1016 1889 curn
1048 1830 1193 1889 columna
1215 1838 1286 1908 post
1310 1848 1426 1888 annum
1449 1828 1653 1906 reparandus,

370 1938 465 1997 habet
488 1937 663 2016 praefatum
686 1946 815 2016 puteum
839 1958 911 1999 cum
935 1938 1038 1998 vicino
1063 1938 1155 1998 Derk.

482 2063 529 2126 17.
554 2064 674 2124 Nobilis
697 2065 809 2125 Petrus
823 2065 907 2124 Derlr
931 2066 1028 2125 habet
1051 2066 1180 2125 domum
1203 2066 1363 2143 antiquam
1388 2065 1545 2136 miseram,
1568 2082 1651 2123 nova

371 2172 532 2253 indigebit,
563 2192 601 2233 ex
633 2172 761 2253 antiqua
793 2174 886 2234 domo
914 2174 1009 2234 haras
1041 2175 1201 2234 maialium
1224 2174 1328 2234 facere
1358 2182 1470 2252 potest,
1505 2173 1652 2232 horreum

371 2280 497 2353 bonum,
530 2280 624 2339 haras
648 2280 689 2339 ad
713 2278 733 2339 3
758 2282 919 2340 clausuras
943 2280 1010 2341 sine
1041 2282 1124 2341 bono
1147 2281 1334 2359 pavimento,
1371 2298 1529 2340 cameram
1557 2298 1654 2338 unam

371 2387 517 2447 frumenti
540 2388 656 2447 bonam
680 2388 747 2448 sine
770 2389 906 2449 inferiori
930 2389 1120 2467 paviment0,
1143 2389 1302 2449 fornacem
1327 2389 1495 2467 pistoream
1519 2405 1576 2465 per
1598 2405 1652 2446 ne·

374 2493 558 2573 gligentiam
581 2494 665 2555 bono
687 2503 771 2555 tecto
795 2515 857 2555 non
881 2496 1048 2575 provisam.

486 2616 533 2680 18.
557 2620 677 2680 Nobilis
707 2620 885 2699 Stephanus
916 2622 1079 2681 Vukovich
1112 2623 1206 2682 habet
1229 2623 1356 2683 domurn
1381 2623 1539 2702 antiquam
1564 2642 1654 2703 repa-

374 2727 493 2788 ratione
519 2746 636 2808 magna
651 2728 853 2810 indigentem,
869 2730 1015 2790 horreum
1033 2730 1193 2811 antiquum
1218 2731 1332 2792 bonurn
1358 2732 1424 2792 sine
1448 2733 1531 2793 bona
1554 2740 1654 2811 porta,

374 2837 468 2896 haras
500 2835 678 2896 animalium
715 2836 859 2914 antiquas
893 2837 1030 2912 basibus,
1065 2838 1253 2917 pavimentis
1292 2849 1323 2899 et
1354 2840 1414 2900 alia
1456 2840 1653 2918 reparatione

376 2953 517 3025 egentes,
551 2963 708 3005 cameram
733 2945 773 3005 ad
797 2965 892 3006 unam
916 2946 1093 3006 clausuram
1119 2948 1288 3026 antiquam,
1312 2967 1404 3008 secus
1428 2949 1459 3009 in
1482 2957 1565 3009 statu
1589 2969 1653 3010 me·

375 3052 480 3124 diocri,
511 3052 671 3112 fomacem
703 3052 872 3131 pistoream
905 3054 1065 3132 antiquam
1097 3054 1164 3115 sine
1195 3056 1278 3115 bono
1302 3064 1384 3116 tecto
1409 3057 1574 3134 assericeo,
1597 3077 1654 3136 pu·

374 3169 443 3221 teus
467 3159 632 3219 mediocris
655 3178 726 3219 curn
749 3159 860 3225 vicino.

486 3282 533 3346 19.
557 3285 678 3345 Nobilis
702 3285 859 3366 Georgius
883 3287 1047 3348 Vukovich
1074 3289 1169 3348 habet
1192 3290 1319 3350 domum
1344 3291 1503 3371 antiquam
1528 3311 1652 3370 repara-

375 3393 459 3453 tione
483 3393 685 3474 indigentem,
708 3394 854 3454 horreum
879 3396 1046 3470 mediocre,
1069 3396 1163 3456 haras
1187 3399 1331 3477 antiquas
1356 3398 1396 3459 ad
1420 3396 1440 3457 3
1464 3408 1570 3476 portas
1587 3401 1653 3460 sine

375 3501 555 3580 pavimento
587 3501 696 3576 bonas,
727 3521 885 3562 cameram
917 3503 1032 3563 bonam
1063 3503 1210 3565 frumenti
1234 3505 1275 3565 ad
1308 3525 1402 3566 unam
1433 3514 1565 3588 portam,
1592 3507 1652 3569 for·

376 3627 487 3668 nacem
510 3608 679 3686 pistoream
702 3609 770 3670 sine
792 3618 876 3674 tecto
899 3611 991 3673 bono.

483 3805 594 3864 Item
633 3804 705 3865 die
741 3807 899 3866 eodem
934 3807 976 3867 in
1012 3807 1240 3870 inferiori
1277 3810 1522 3871 Lulravecz
1560 3831 1653 3891 pos·

377 3911 603 3973 sessione.

488 4036 512 4097 l.
525 4037 645 4098 Nobilis
658 4037 795 4100 Mathias
806 4039 908 4100 iunior
920 4041 1053 4120 Vagych
1065 4043 1160 4102 habet
1172 4042 1299 4102 domum
1311 4063 1426 4104 novam
1442 4045 1567 4120 bonam,
1582 4046 1654 4105 hor·

377 4164 465 4206 reum
497 4163 629 4224 parvum
664 4147 790 4222 bonurn,
832 4149 926 4208 haras
958 4150 1103 4229 antiquas
1135 4150 1175 4210 ad
1205 4148 1226 4210 3
1258 4152 1418 4212 clausuras
1464 4153 1655 4228 mediocres;

376 4253 451 4312 item
481 4253 576 4313 haras
609 4254 649 4313 ad
681 4254 761 4314 duas
791 4256 952 4316 clausuras
988 4257 1161 4317 ellaborare
1193 4258 1233 4318 de
1263 4278 1347 4320 novo
1379 4260 1503 4339 incepit,
1541 4261 1655 4341 quibus

377 4379 451 4438 pars
474 4361 615 4439 superior
637 4362 735 4437 deest,
758 4362 917 4422 fornacem
940 4363 1110 4443 pistoream
1135 4365 1303 4445 antiquam,
1326 4368 1465 4447 proxime
1488 4379 1565 4430 ruet

485 4483 515 4548 2.
546 4487 699 4546 Providus
734 4486 884 4548 Matthias
913 4488 1126 4564 Gallelrovich,
1161 4491 1289 4553 colonus
1323 4493 1440 4554 domini
1475 4496 1656 4573 perillustris

378 4591 522 4667 Milrsich,
551 4594 646 4654 habet
670 4595 796 4655 domurn
820 4595 851 4654 in
875 4595 990 4657 misero
1013 4604 1105 4674 statu,
1129 4599 1270 4658 harulam
1294 4618 1388 4662 unam
1413 4602 1575 4678 parvulum
1599 4621 1656 4680 pro

378 4701 550 4775 anseribuS,
574 4709 605 4760 et
628 4701 787 4762 fornacem
810 4703 979 4781 pistoream
1003 4705 1034 4763 in
1058 4712 1141 4765 statu
1163 4725 1226 4766 non
1250 4707 1341 4770 bon0.

484 4822 514 4887 3.
538 4825 672 4886 Deserta
689 4827 800 4886 domus
823 4828 1006 4904 perillustris
1022 4830 1139 4891 domini
1158 4831 1300 4908 Miksich,
1324 4833 1502 4907 assessoris,
1525 4835 1556 4893 in
1572 4835 1656 4894 hono

377 4939 468 4994 statu
