3934 5550
428 409 472 471 66

429 625 618 685 Michaelem
642 623 861 698 Zlouenchich,
885 631 976 681 natos
1001 641 1038 682 ex
1064 640 1170 682 sorore
1190 620 1360 700 supradicti
1379 621 1513 697 loannis,
1537 622 1705 681 incoctum

428 732 578 792 nobilium
602 730 741 803 assumit,
765 730 873 808 eisque
897 748 984 789 arma
1008 747 1065 787 seu
1088 728 1224 808 insignia
1248 728 1416 789 nobilitatis
1447 728 1598 789 concedit„

534 874 680 945 Originale
699 874 922 938 membraneum,
942 872 1088 939 appendet
1107 870 1236 941 sigillum.
1254 872 1340 938 Apud
1359 871 1425 924 nob.
1439 869 1614 937 Stephanum
1626 867 1708 921 Cvet·

425 965 508 1019 kovic'
538 964 564 1016 in
591 963 828 1017 Cvetkovic'brdo.
848 992 882 998 --
910 962 1066 1027 Vitezovid,
1094 960 1249 1031 mjesetnilr
1276 976 1308 1013 za
1336 960 1525 1031 genealogiju,
1550 957 1707 1029 biografiju,

427 1053 585 1119 lheraldiku
604 1052 613 1105 i
632 1052 804 1123 siragistiku.
824 1051 835 1104 Ι
854 1067 917 1121 pag.
938 1050 997 1105 150.

1033 1388 1109 1464 ³⁴.

539 1600 636 1668 Anuo'
659 1605 751 1669 1598.
781 1604 827 1668 17.
851 1606 962 1667 martii.
988 1608 1119 1687 Pragae.

536 1817 719 1884 Articulus
742 1818 782 1883 de
804 1818 1028 1883 redeuntibus
1050 1818 1179 1883 colonis
1205 1818 1327 1902 Campi
1356 1818 1619 1902 Turopoliensz's.

544 2036 599 2094 De
631 2035 752 2115 regni
782 2033 1035 2095 Sclavoniae
1068 2034 1261 2094 auxiliis:
1294 2035 1425 2113 deque
1461 2034 1624 2094 redditu
1655 2054 1715 2094 co·

450 2162 620 2203 onorum
656 2143 705 2202 ad
740 2142 932 2220 Campum
967 2142 1320 2221 Turopoliensem
1356 2150 1395 2201 et
1429 2141 1514 2201 alia
1540 2142 1640 2217 loca,
1672 2160 1716 2201 ac

441 2251 488 2309 de
512 2268 646 2328 poena
670 2267 740 2309 eos
763 2248 1004 2308 detinentis.
1042 2266 1044 2269 ·

900 2497 1083 2562 Articulus
1105 2496 1268 2561 XXXIII.

553 2640 723 2706 Sclavonia
746 2644 777 2703 in
800 2643 849 2703 sui
872 2643 1087 2704 defensionem
1110 2662 1166 2721 pro
1197 2663 1256 2704 sua
1286 2644 1490 2723 possibilitate
1522 2664 1578 2723 per
1609 2645 1719 2704 domos

449 2754 508 2812 lert
532 2750 654 2824 auxilia,
678 2769 734 2830 pro
758 2770 814 2811 sua
839 2750 937 2812 veteri
960 2752 1195 2812 consvetudine

892 2979 1057 3067 (ceterum
1080 2972 1290 3064 emissum).⁵

549 3132 567 3206 g*
591 3127 620 3190 2.
644 3127 757 3188 Coloni
779 3134 944 3206 praeterea
968 3146 986 3187 e
1010 3127 1134 3206 Campo
1158 3129 1384 3207 Turopoliensi,
1407 3149 1532 3189 necnon
1556 3129 1623 3208 ripa
1646 3130 1722 3190 Savi

442 3246 474 3297 et
497 3235 635 3314 Colapis,
659 3243 691 3294 et
714 3234 781 3295 aliis
804 3235 953 3314 partibus,
986 3244 1112 3314 propter
1143 3236 1316 3295 'furcarum
1348 3244 1474 3310 metum,
1498 3237 1546 3296 his
1577 3237 1718 3297 disturbi·

443 3363 533 3404 orum
558 3343 751 3421 temporibus
774 3342 997 3422 profugientes,
1030 3342 1126 3402 libere
1151 3343 1251 3402 redire
1275 3343 1395 3421 possint
1418 3344 1444 3403 si
1469 3345 1629 3405 voluerint.

553 3471 571 3545 §
595 3465 625 3531 3.
649 3468 682 3528 Si
706 3468 775 3548 quis
799 3476 903 3528 autem
928 3468 1125 3528 dominorum
1149 3477 1202 3528 aut
1226 3469 1383 3543 nobilium,
1409 3478 1462 3530 aut
1486 3468 1581 3530 etiam
1606 3469 1720 3530 civium

449 3577 495 3636 eis
519 3575 603 3635 viam
628 3575 778 3635 redeundi
801 3576 1027 3654 praecluderet,
1050 3576 1129 3635 tales
1153 3575 1263 3652 coloni,
1287 3577 1379 3636 modo
1413 3586 1444 3637 et
1477 3564 1585 3638 ordine
1617 3577 1720 3659 fugiti-

444 3705 554 3745 vorum
580 3686 770 3759 colonorum,
793 3685 824 3744 in
848 3685 985 3744 articulis
1010 3685 1083 3744 anni
1114 3685 1267 3745 millesimi
1298 3685 1540 3766 quingentesimi
1570 3687 1721 3766 quinqua·

448 3793 562 3874 gesimi
585 3793 664 3853 sexti
689 3811 847 3871 expresse,
871 3792 969 3870 repeti
993 3793 1121 3871 possint.

553 3916 624 3994 §4
648 3919 719 3978 Non
743 3918 910 3993 dimittens,
934 3919 1069 3978 eandem
1104 3937 1237 3996 poenam
1269 3919 1415 3994 incurrat,
1439 3939 1533 3999 quam
1556 3920 1721 4000 fugitivum

446 4027 592 4085 colonum
616 4025 766 4085 detinens.

553 4165 665 4236 Corpus
685 4167 753 4219 iuris
773 4166 934 4241 Hungarici.
954 4166 1097 4237 Rudolplii
1118 4167 1183 4234 imp.
1206 4174 1235 4219 et
1255 4169 1329 4238 regis
1349 4169 1495 4222 decretum
1522 4167 1557 4220 lX
1594 4183 1617 4226 a
1649 4167 1719 4224 1598
