3934 5550
1539 382 1600 450 581

320 600 383 659 tale
407 600 522 660 ibidem
546 600 663 660 inserta
684 599 786 660 fatens
811 600 903 660 morti
925 600 1067 679 proxima
1092 607 1216 660 etcum
1240 601 1299 660 deo
1328 599 1493 660 coniuncta
1516 597 1598 684 (pro-

320 705 466 766 bantibus
489 707 520 765 id
545 707 646 784 ipsum
664 707 795 766 testibus
815 707 929 767 ibidem
953 707 1179 784 praesentibus,
1200 708 1355 767 nobilibus
1371 708 1516 766 videlicet
1541 709 1597 767 lni-

320 813 427 872 chaele
451 813 646 886 Nunkouich,
671 812 811 894 Georgio
835 814 993 872 lanessich
1018 823 1048 872 et
1072 813 1202 891 provido
1219 815 1334 873 Ioanne
1352 813 1502 888 szetk0,
1520 834 1599 893 quos

319 927 351 978 et
373 929 493 998 peteret
517 922 698 996 examinari)
724 923 889 1000 recollecta
914 922 1109 982 cessantibus
1138 922 1359 1000 aliquantisper
1384 932 1520 982 torturae
1545 924 1597 983 do·

317 1030 442 1102 loribuS,
466 1040 498 1089 et
529 1031 732 1090 considerans
763 1030 887 1090 strictas
901 1067 904 1073 ‚
918 1049 1026 1089 coram
1050 1029 1156 1088 divino
1180 1029 1325 1088 tribunali
1349 1031 1388 1089 de
1412 1049 1446 1090 se
1472 1049 1508 1089 ae
1532 1031 1596 1088 suis

260 1123 264 1128 ’
317 1138 413 1218 gestis
450 1137 570 1197 dandas
606 1139 751 1211 rationes,
786 1138 955 1211 revocavit,
991 1136 1062 1196 hinc
1099 1137 1180 1196 idem
1209 1146 1409 1215 praetensum
1446 1138 1595 1200 torturale

315 1265 445 1305 examen
471 1266 508 1304 ex
540 1245 696 1325 gravitate
727 1246 920 1306 torturalium
954 1247 1096 1306 dolorum
1121 1245 1151 1304 in
1175 1245 1344 1322 perniciem
1380 1245 1590 1304 innocentium

315 1371 527 1431 personarum,
552 1371 590 1412 ae
613 1372 867 1433 perconsequens
895 1353 1036 1413 eiusdem
1060 1353 1090 1412 in
1116 1371 1243 1412 causam
1269 1361 1420 1412 attractae
1445 1353 1594 1412 evaderet

314 1461 439 1535 nullum,
455 1461 539 1539 quod
552 1468 583 1520 et
595 1469 716 1538 peteret
732 1461 793 1520 tale
810 1460 1011 1536 considerari,
1030 1461 1225 1538 eandemque
1243 1460 1273 1520 in
1287 1478 1414 1520 causam
1430 1468 1593 1519 attractam

313 1567 397 1628 velut
420 1569 503 1627 nullo
527 1568 730 1628 fundamento
755 1576 920 1647 gravatam
946 1569 1075 1630 absolvi.

381 1655 384 1664 Ι
410 1676 479 1741 ,Pro
503 1684 609 1735 actore
633 1685 823 1754 protestatur
851 1696 943 1753 super
971 1654 1151 1753 praemissis
1175 1676 1384 1756 procuratoris
1408 1676 1439 1736 in
1464 1694 1592 1736 causam

319 1790 470 1842 attractae
503 1792 647 1863 respectu
671 1783 862 1843 Catharinae
888 1783 1074 1862 Brigleuich,
1103 1783 1255 1844 consortis
1280 1783 1590 1844 Verchkouichianae

311 1890 402 1949 iactis
434 1890 587 1970 allegatis,
619 1901 649 1951 et
681 1870 850 1971 antequam
879 1894 957 1952 ultro
991 1912 1117 1970 passum
1148 1891 1250 1964 faciat,
1283 1901 1316 1949 ut
1342 1899 1524 1969 procura-tor
1560 1893 1590 1951 in

309 2015 438 2056 causam
463 2008 614 2058 attractae
640 2020 677 2059 ex
702 2010 790 2079 parte
807 2001 936 2061 aliarum
952 2019 1076 2079 quoque
1097 1999 1312 2078 principalium
1338 2018 1463 2058 suarum
1480 2017 1588 2078 parem
1676 2019 1678 2024 ·

309 2123 347 2163 ne
371 2105 435 2164 iors
451 2106 625 2166 deffensam
648 2109 838 2186 habentium,
855 2109 1044 2169 meritoriam
1063 2109 1202 2168 instituat
1218 2107 1463 2185 responsionem,
1487 2107 1580 2166 instat

308 2221 338 2271 et
362 2226 400 2272 eo
424 2213 506 2273 iacto
532 2224 654 2275 actutus
677 2226 725 2276 est
748 2217 808 2277 sibi
831 2217 1050 2278 incumbentia.

414 2319 475 2380 Pro
514 2324 626 2383 eadem
669 2324 699 2384 in
735 2345 863 2385 causam
901 2333 1033 2384 attracta
1078 2333 1268 2402 protestatur
1307 2343 1400 2402 super
1443 2325 1586 2404 allegatis

306 2428 345 2486 ab
374 2430 516 2504 aduersu,
548 2440 579 2490 et
607 2432 681 2492 dicit
712 2453 783 2492 cum
813 2433 1008 2493 diversorum
1039 2433 1163 2492 diversa
1197 2432 1236 2490 sit
1268 2432 1356 2504 ratic,
1388 2432 1459 2491 ideo
1491 2431 1584 2491 etiam

299 2517 345 2596 'ad
369 2538 581 2598 extensionem
615 2539 821 2621 allegatorum
846 2560 972 2600 suorum
1004 2540 1108 2618 quoad
1140 2539 1367 2617 suprascriptas
1399 2539 1430 2598 in
1453 2558 1581 2600 causam

304 2655 453 2706 attractas
484 2657 667 2726 procurator
703 2652 873 2710 earundem
904 2649 975 2730 cogi
1011 2669 1073 2708 non
1108 2656 1219 2727 potest,
1254 2648 1440 2708 nibilominis
1476 2656 1579 2707 tamen

303 2756 407 2834 quoad
428 2758 667 2818 ‘revocationem
701 2755 857 2819 torturalis
889 2758 1040 2819 examinis
1071 2757 1370 2818 Musekouichianae
1403 2757 1580 2837 reproducit

303 2864 436 2923 eundem
471 2885 564 2944 quem
597 2886 691 2945 supra
721 2868 855 2927 nobilem
888 2867 1074 2927 Michaelcm
1107 2866 1303 2939 Nunkouich,
1328 2886 1389 2945 quo
1413 2875 1578 2957 praesente

302 2971 412 3029 cadem
435 2981 588 3033 torturata
611 2975 713 3034 fatens
738 2975 828 3034 morti
852 2975 993 3052 proxima
1017 2984 1047 3034 et
1071 2975 1102 3033 in
1126 2992 1204 3053 rogo
1228 2974 1291 3035 iam
1315 2974 1459 3051 existens,
1492 2994 1577 3035 com-

301 3067 468 3155 plicitatem
502 3082 783 3160 suprascriptarum
798 3083 957 3143 Barbarae
982 3092 1014 3141 et
1030 3084 1232 3162 Margaretae
1255 3077 1397 3158 Sebina,¹
1421 3082 1575 3162 gravitate

300 3194 436 3246 torturae
473 3191 588 3249 lassam
620 3190 792 3267 revocavit,
822 3192 904 3250 unde
934 3192 1010 3269 petit
1037 3192 1164 3251 eosdem
1197 3200 1292 3249 testes
1328 3190 1358 3249 in
1389 3199 1509 3250 tantum
1544 3191 1574 3251 in

298 3302 448 3369 quantum
471 3297 620 3374 producti
643 3308 748 3358 essent
779 3299 958 3370 examinari,
990 3308 1021 3357 et
1051 3299 1225 3377 respective
1250 3298 1293 3357 uti
1317 3317 1413 3376 supra
1446 3298 1574 3372 absolvi,

298 3410 456 3461 caeterum
481 3411 584 3464 autem
608 3417 757 3467 reservat.

403 3510 614 3572 Deliberatum
639 3522 702 3573 est:
736 3508 784 3573 E'x
807 3514 1055 3575 consideratione
1095 3514 1227 3591 plurium
1266 3522 1329 3575 tam
1369 3515 1572 3575 criminalium

297 3636 395 3695 aeque
429 3639 466 3679 ac
499 3621 635 3681 civilium
666 3642 723 3701 pro
746 3624 806 3684 hoc
829 3624 961 3683 termino
986 3624 1236 3684 concurrentium
1260 3642 1427 3684 causarum
1451 3625 1571 3685 moneri

295 3735 527 3804 procuratorem
551 3730 582 3787 in
606 3749 734 3791 causam
759 3740 920 3807 attractae,
948 3744 981 3793 ut
1005 3753 1061 3812 pro
1086 3734 1236 3793 lucrando
1259 3742 1400 3810 tempore
1423 3745 1568 3813 respectu

295 3833 424 3893 aliarum
459 3856 583 3915 quoque
615 3840 746 3898 duarum
779 3840 809 3898 in
841 3841 1001 3901 defensam
1034 3862 1123 3901 suam
1153 3850 1344 3919 sumptarum
1378 3842 1407 3901 in
1440 3862 1568 3903 causam

295 3950 496 4003 attractarum
520 3947 677 4007 meritorie
708 3950 905 4026 respondeat,
929 3960 962 4009 ut
987 3971 1025 4011 eo
1049 3951 1131 4011 lacto
1155 3959 1220 4010 tam
1244 3971 1282 4012 ex
1306 3951 1487 4029 praemissis
1511 3953 1566 4013 im·

293 4050 427 4110 mediate
452 4054 603 4133 allegatis,
628 4076 721 4134 quam
740 4067 772 4118 et
788 4078 844 4136 pro
868 4060 1000 4120 residuis
1025 4062 1056 4121 in
1081 4079 1210 4120 causam
1234 4052 1374 4121 attractis
1392 4062 1566 4142 allegandis

290 4176 353 4216 uno
377 4167 521 4219 contextu
547 4164 710 4224 deliberari
734 4168 840 4243 possit.

396 4268 456 4325 Pro
494 4273 711 4349 suprascriptis
748 4275 906 4336 Dorotbea
943 4280 1037 4339 vidua
1074 4282 1258 4359 Lederkina,
1291 4295 1323 4347 et
1361 4290 1563 4372 Margaretlra

291 4374 468 4434 Koskouiclr
494 4378 560 4437 sive
584 4380 729 4456 Sebinka,
754 4386 950 4459 praetensive
968 4388 997 4446 in
1015 4407 1144 4451 causam
1169 4394 1317 4467 attractis,
1333 4400 1441 4458 totalia
1456 4415 1562 4465 contra

290 4485 417 4544 easdem
443 4494 566 4545 erectae
592 4489 721 4548 actionis
746 4492 856 4550 merita
880 4503 985 4572 negat,
1010 4506 1040 4554 ct
1065 4498 1117 4557 ubi
1141 4502 1283 4578 superius
1308 4509 1449 4582 producti
1466 4520 1563 4575 testes

288 4592 455 4651 examinati
471 4594 592 4665 luerint,
618 4597 745 4655 ulterius
773 4610 921 4661 reservat.

394 4702 454 4759 Pro
479 4710 583 4761 actore
616 4715 804 4782 protestatur
828 4728 922 4785 super
946 4710 1142 4774 insufficienti
1178 4727 1208 4775 et
1241 4719 1391 4783 indirecta
1415 4746 1560 4802 procura-

286 4808 360 4867 toris
385 4809 415 4866 in
440 4830 566 4869 causam
592 4822 742 4873 attractae
767 4836 803 4874 ex
829 4826 917 4894 parte
942 4819 1073 4881 duarum
1098 4824 1195 4883 ultimi
1211 4828 1327 4887 ordinis
1344 4832 1558 4911 principalium

258 4922 262 4929 '
285 4935 412 4975 suarum
435 4916 518 4977 iacta
549 4921 706 4999 negativa,
731 4932 761 4983 et
784 4925 844 4985 litis
868 4927 1104 5005 contestatione,
1128 4953 1190 5013 quo
1214 4935 1245 4994 in
1263 4948 1363 5015 'passu
1390 4949 1558 5023 antequam
1610 4954 1615 4965 “
