3934 5550
410 431 453 494 30

406 647 641 709 considerantes
664 666 742 707 suea
765 645 951 721 serenitatis,
973 645 1090 707 domini
1114 646 1221 707 itidem
1243 644 1339 706 nostri
1355 645 1583 727 gratiosissimi,
1599 666 1682 707 sum·
1766 648 1768 653 ’

405 776 491 817 mum
515 755 661 816 affectum
686 764 716 815 et
741 774 880 815 amorem
900 754 941 815 ad
970 754 1185 815 defensionem
1210 762 1242 814 et
1264 754 1500 825 eliberationem
1535 762 1686 831 nostram,

405 863 602 943 afflictaeque
625 863 717 923 huius
740 863 862 941 patriae
884 871 1012 923 nostrae
1036 863 1272 935 restaurandae,
1297 880 1355 941 pro
1379 844 1591 923 incolumitate
1609 882 1685 941 quc·

408 990 470 1051 que
493 980 525 1032 et
547 969 768 1051 permansione
781 969 1012 1049 provinciarum
1024 969 1305 1031 haereditariarum
1321 988 1398 1030 suae
1415 969 1609 1045 serenitatis3
1630 988 1689 1030 nos

409 1076 606 1154 unanimiter,
629 1098 701 1140 cum
723 1078 866 1158 praefato
890 1076 1017 1138 domino
1041 1086 1148 1138 nostro
1172 1076 1263 1154 bano,
1279 1084 1345 1138 tam
1361 1076 1576 1155 personaliter,
1593 1096 1688 1158 quam

407 1207 426 1248 a
449 1186 581 1269 singulis
603 1186 710 1267 portis,
734 1186 821 1247 iuxta
844 1186 946 1246 dicam
977 1186 1108 1266 regiam,
1140 1185 1238 1245 solitis
1262 1193 1293 1245 et
1316 1184 1451 1245 decretis
1474 1183 1631 1263 peditibus
1655 1190 1687 1245 et

405 1294 569 1375 equitibus,
591 1314 649 1374 pro
671 1313 828 1375 posseque
851 1302 967 1369 nostr0,
992 1312 1063 1353 cum
1086 1292 1334 1371 competentibus
1366 1291 1563 1367 victualibus,
1587 1290 1682 1353 armis

405 1402 487 1464 bene
522 1402 652 1464 accincti
689 1410 720 1463 et
754 1400 905 1479 instructi,
938 1402 1026 1461 iuxta
1057 1408 1256 1481 praesentem
1291 1399 1534 1479 publicationem
1571 1400 1687 1461 domini

405 1511 504 1573 nostri
525 1511 608 1587 bani,
632 1512 674 1572 ad
697 1519 820 1572 sextum
844 1510 926 1571 diem
950 1507 1091 1588 proxime
1105 1508 1199 1569 futuri
1223 1510 1340 1570 mensis
1366 1508 1503 1590 augusti,
1526 1510 1559 1572 id
1582 1517 1631 1570 est
1647 1510 1688 1569 ad

405 1628 551 1700 quartam
573 1620 684 1680 feriam
709 1628 781 1679 ante
803 1618 919 1679 festum
942 1616 1006 1678 divi
1023 1617 1181 1678 Laurentii
1204 1616 1343 1696 proxime
1360 1616 1505 1691 intutum,
1528 1616 1560 1677 in
1584 1624 1688 1677 castra

405 1726 538 1807 praefati
561 1726 678 1787 domini
701 1725 798 1787 nostri
821 1726 905 1803 bani,
920 1726 960 1786 ad
984 1724 1140 1804 Campum
1164 1725 1376 1804 Thwropolya
1398 1732 1431 1785 et
1453 1723 1686 1803 possessionem

407 1835 494 1896 Odra
518 1835 730 1916 Zeutgeorgh,
753 1834 838 1894 iuxta
861 1842 986 1894 nostras
1010 1832 1151 1912 publicas
1175 1834 1348 1894 decretales
1372 1833 1619 1908 constitutiones,
1644 1835 1684 1893 ad

407 1942 489 2003 latus
511 1942 644 2021 praefati
667 1940 785 2003 domini
801 1941 899 2002 nostri
914 1941 996 2015 bani,
1021 1941 1079 2001 sub
1102 1941 1250 2002 vexillum
1274 1960 1330 2001 seu
1353 1940 1538 2001 banderium
1563 1940 1685 2023 regium

408 2050 591 2124 convenire,
620 2049 674 2109 ubi
712 2049 799 2110 iuxta
830 2048 970 2128 proxime
1002 2048 1202 2128 praeteritam
1234 2048 1489 2109 constitutionem
1519 2046 1686 2128 publicam,

403 2156 537 2238 praefati
560 2157 677 2218 domini
697 2156 895 2236 imperatoris
918 2166 949 2217 et
973 2157 1059 2237 regis
1082 2157 1190 2235 nostri,
1212 2156 1245 2217 in
1268 2156 1410 2238 generali
1431 2165 1591 2218 conventu
1607 2176 1684 2218 suae

403 2264 577 2327 maiestatis
611 2284 721 2326 sacrae
756 2283 828 2325 cum
861 2263 1016 2325 universis
1052 2264 1184 2325 statibus
1214 2272 1245 2325 et
1267 2264 1429 2325 ordinibus
1463 2264 1560 2325 totius
1594 2264 1685 2345 regni

404 2372 588 2455 Huugariae
611 2380 643 2433 et
667 2372 801 2452 partium
834 2372 936 2433 eidem
969 2371 1189 2448 subiectarum,
1216 2372 1334 2433 factam
1357 2380 1390 2433 et
1412 2372 1580 2447 decretam,
1612 2392 1684 2433 con-

404 2485 606 2562 firmatosque
623 2482 778 2556 articulos,
801 2500 857 2560 per
881 2482 1035 2561 speciales
1063 2480 1194 2541 nuncios
1217 2490 1341 2542 nostros
1365 2480 1480 2542 ibidem
1503 2490 1686 2560 praesentes

404 2591 445 2652 ad
475 2610 534 2652 uos
564 2590 774 2663 transmissos,
798 2609 921 2669 nempe,
952 2599 987 2650 ut
1017 2588 1235 2651 serenissimus
1268 2589 1416 2650 archidux
1449 2590 1584 2650 Carolus
1614 2610 1683 2651 eam

404 2720 476 2761 cum
499 2699 625 2761 domino
654 2700 738 2760 bano
770 2697 919 2759 Croatiae
951 2706 982 2758 et
1013 2696 1199 2759 Sclauoniae
1228 2696 1463 2778 intelligentiam
1496 2696 1621 2775 habeat,
1645 2716 1684 2757 ne

403 2808 478 2890 quid
501 2817 651 2888 sequatur
673 2806 896 2869 inconvenieus
928 2815 961 2867 et
992 2806 1127 2867 libertati
1159 2806 1248 2886 regni
1280 2805 1479 2880 contrarium,
1511 2824 1569 2865 sua
1598 2824 1682 2866 sere·

404 2917 487 2977 nitas
518 2925 659 2976 mutuam
695 2914 932 2996 intelligentiam
963 2935 1035 2976 cum
1066 2915 1208 2994 praelato
1241 2913 1368 2974 domino
1392 2922 1498 2974 nostro
1521 2914 1605 2974 bano
1628 2915 1684 2974 ha-

403 3025 478 3085 bere
502 3023 663 3105 dignetur3
696 3043 768 3083 cum
791 3042 849 3101 pro
872 3031 958 3082 certo
987 3023 1132 3084 dominus
1156 3021 1257 3083 banus
1281 3030 1387 3082 noster
1412 3020 1472 3082 alio
1496 3023 1607 3101 quovis
1631 3041 1683 3082 ca-

403 3131 538 3211 pitaneo,
562 3139 670 3190 contra
694 3128 915 3190 authoritatem
930 3131 1076 3190 banalem
1093 3138 1125 3191 et
1140 3139 1278 3190 nostram
1295 3137 1480 3210 perpetuam
1496 3129 1680 3204 libertatem,

402 3239 625 3318 decretumque
656 3237 843 3316 premissum
874 3257 985 3298 sacrae
1017 3256 1187 3298 caesareae
1219 3247 1251 3298 et
1282 3238 1390 3320 regiae
1421 3237 1603 3316 maiestatis,
1627 3237 1681 3298 do·

402 3345 477 3406 mini
499 3345 598 3406 nostri
621 3345 863 3420 clementissimi,
887 3365 949 3406 non
974 3345 1108 3422 suberit3
1132 3346 1303 3406 relerentes
1327 3347 1387 3406 deo
1403 3345 1521 3424 optimo
1545 3345 1681 3406 maximo

404 3473 544 3515 summas
573 3454 702 3534 gratias,
725 3455 811 3533 quod
834 3473 892 3514 sua
914 3453 1077 3528 serenitas,
1112 3473 1175 3514 non
1199 3454 1358 3532 parcendo
1382 3453 1511 3514 summis
1535 3452 1682 3532 expensis

405 3571 437 3622 et
458 3561 627 3637 laboribus,
651 3570 718 3621 tum
741 3581 818 3622 suae
842 3562 987 3641 propriae
1011 3580 1176 3640 personae,
1208 3581 1302 3641 quarn
1326 3561 1463 3622 fidelium
1487 3561 1681 3638 subditorum

401 3689 528 3731 suorum
559 3670 742 3745 defensioni,
777 3678 809 3730 et
843 3669 1027 3750 protectioni
1060 3671 1171 3732 horum
1205 3669 1445 3749 periclitantium
1476 3669 1679 3733 confiniorum

403 3776 542 3859 gratiose
565 3778 716 3840 inhaeret.

877 3936 1028 4020 (Ceteris
1049 3939 1214 4022 emissis.)

509 4066 600 4142 Quae
624 4066 808 4143 praemissa,
824 4076 855 4127 et
878 4067 1010 4146 quaevis
1033 4069 1276 4146 praemissorum
1302 4071 1425 4149 singula
1449 4090 1505 4150 per
1529 4079 1628 4132 status
1652 4081 1684 4132 et

410 4172 535 4232 ordines
569 4173 657 4253 regni
688 4173 818 4234 firmiter
849 4176 1006 4252 conclusa,
1030 4185 1061 4235 et
1084 4195 1141 4254 per
1163 4177 1293 4255 quosvis
1327 4177 1544 4238 inviolabiliter
1578 4180 1683 4239 obser·

403 4281 516 4354 vanda,
551 4281 741 4358 praemissos
777 4283 923 4343 articulos
955 4291 1055 4344 status
1088 4291 1119 4344 et
1148 4285 1274 4345 ordines
1306 4286 1405 4366 regni,
1437 4286 1538 4368 sigillo
1562 4287 1682 4348 illorum

403 4387 569 4461 autentim,
600 4408 658 4467 pro
688 4390 798 4450 maiori
827 4391 948 4450 illorum
989 4391 1135 4452 firmitate
1167 4393 1400 4473 consignandos
1432 4403 1464 4454 et
1497 4394 1681 4456 muniendos

402 4515 473 4556 esse
497 4498 669 4557 voluerunt.
702 4499 818 4558 Datum
847 4499 879 4558 in
909 4499 1103 4578 praescripta
1139 4491 1264 4560 civitate
1290 4501 1377 4581 regia
1402 4503 1681 4582 Montisgrecensis

401 4603 634 4684 Zagrabiensis,
651 4605 775 4665 decima
798 4606 932 4686 septima
955 4607 1005 4667 die
1029 4608 1204 4685 praenotati
1225 4609 1342 4668 mensis
1366 4609 1438 4684 iulii,
1463 4610 1570 4670 ultima
1594 4610 1680 4672 vide-

400 4710 474 4772 licet
496 4711 547 4772 die
572 4713 828 4793 congregationis
851 4714 1008 4794 generalis
1031 4724 1246 4793 praenotatae,
1270 4735 1353 4776 anno
1376 4718 1492 4778 domini
1516 4718 1679 4779 millesimo

402 4818 656 4900 quingentesimo
680 4822 915 4902 septuagesimo
939 4829 1060 4882 octavo.

886 4948 983 5008 Lecta
1007 4967 1063 5026 per
1087 4949 1404 5029 viceprotonotarium
1429 4953 1519 5033 regni
1542 4973 1582 5015 m.
1605 4973 1635 5032 p.
