3934 5550
1487 398 1552 461 597

270 632 332 674 non
355 615 468 694 probat
483 615 583 693 plene,
608 634 710 694 neque
727 616 822 676 debet
845 615 956 695 aliquis
979 631 1036 693 per
1060 615 1143 674 illam
1160 616 1199 675 de
1216 611 1343 674 crimine
1367 616 1552 692 praesertim

268 721 360 801 gravi
390 721 600 797 condemnari,
622 741 724 800 neque
754 730 908 782 tormenta
932 721 1054 781 indiciis
1078 741 1141 781 non
1165 721 1425 799 praecedentibus
1449 721 1545 800 impo-

268 829 379 904 nenda,
412 829 568 907 impositio
600 829 682 889 enim
714 849 788 890 vero
818 837 1044 889 tormentorum
1078 837 1126 888 est
1158 847 1268 906 poena,
1293 839 1324 889 et
1347 829 1495 907 quoniam
1519 831 1550 890 in

267 955 370 1014 poena
401 936 580 1013 inponenda
610 945 658 997 est
688 945 780 997 caute
812 937 1053 1015 procedendum,
1078 936 1149 996 ideo
1173 936 1204 996 in
1228 936 1296 1014 ipso
1321 955 1437 997 causae
1461 937 1547 998 initio

267 1063 330 1103 non
360 1051 408 1103 est
439 1062 459 1104 a
490 1043 725 1122 quaestionibus
755 1043 974 1116 inchoandum,
1007 1062 1105 1121 quare
1137 1044 1184 1102 his
1217 1063 1341 1122 quoque
1374 1044 1434 1104 fine
1459 1063 1546 1122 prae·

266 1150 363 1211 misso
386 1151 516 1210 adnexis
539 1150 643 1229 petitis
667 1151 732 1211 suis
755 1150 868 1211 deferri
893 1151 1030 1228 petendo
1055 1159 1202 1210 reservat.

373 1259 434 1317 Pro
458 1265 563 1317 actore
588 1259 692 1336 quoad
716 1258 866 1335 imprimis
891 1258 1190 1318 condescensionem
1204 1257 1342 1335 petitam,
1363 1259 1447 1318 illam
1462 1260 1546 1319 nullo

266 1365 360 1425 modo
383 1365 472 1444 sequi
495 1383 589 1443 posse
620 1365 750 1443 reponit,
774 1365 923 1444 quoniam
945 1365 1101 1443 producta
1122 1365 1283 1424 torturalia
1307 1366 1452 1425 examina
1475 1384 1543 1445 per-

265 1491 375 1533 sonam
390 1471 598 1548 inviculatam,
622 1475 657 1533 et'
676 1473 707 1532 in
731 1473 888 1551 praesenti
913 1492 1010 1533 causa
1028 1480 1193 1532 attractam
1210 1473 1399 1532 sufficienter
1415 1473 1544 1534 eircum-

265 1580 449 1658 scriberent,
467 1581 609 1659 adeoque
626 1580 710 1640 nulla
734 1579 804 1640 talis
829 1581 995 1640 difficultas
1013 1579 1143 1641 suboriri
1160 1581 1266 1658 possit,
1281 1599 1363 1660 quae
1379 1581 1542 1642 ferendum

265 1687 410 1747 iudicium
434 1706 560 1766 quoquo
583 1689 677 1748 modo
701 1688 881 1767 impediret3
906 1696 1058 1767 quantum
1074 1707 1149 1746 vero
1166 1688 1206 1747 ad
1223 1697 1343 1747 certum
1359 1689 1544 1767 productum

264 1796 322 1855 sub
348 1794 482 1872 dupplici
508 1795 572 1854 NB.
596 1795 662 1854 NB.
679 1795 836 1873 praesenti
860 1794 918 1855 iuri
942 1795 1123 1868 exhibitum,
1141 1802 1339 1872 praetensam
1364 1797 1542 1874 quampiam

264 1901 496 1961 revocationem
527 1901 679 1961 consortis
711 1901 986 1961 Koskovichianae
1011 1901 1095 1962 etin
1119 1921 1247 1961 causam
1276 1909 1428 1962 attractae
1452 1903 1483 1962 in
1508 1922 1542 1962 se

264 2008 435 2081 involvens,
461 2016 683 2088 praeterquam
716 2009 791 2068 illud
814 2017 969 2069 certorum
1004 2010 1211 2087 parochorum
1243 2016 1276 2068 et
1310 2010 1552 2087 capellanorum·

266 2124 358 2189 esset,
389 2115 442 2194 qui
472 2115 553 2175 sicut
581 2115 612 2175 in
645 2116 748 2175 causis
779 2116 990 2176 criminalibus
1019 2125 1127 2176 contra
1151 2116 1225 2175 nihil
1249 2117 1358 2177 testari
1381 2118 1541 2192 auderent,

265 2224 308 2282 ita
323 2223 535 2284 testimonium
553 2223 724 2283 eorundem
748 2243 806 2303 pro
820 2225 923 2302 aliqua
947 2225 1022 2283 nihil
1036 2225 1248 2303 opitularetur,
1272 2225 1329 2283 sed
1353 2232 1384 2284 et
1407 2225 1433 2284 si
1454 2244 1544 2284 accu-

262 2331 360 2390 ratius
383 2331 571 2409 inspiciatur,
603 2331 861 2391 commaculatam
893 2331 996 2409 potius
1028 2333 1207 2410 quampiam
1240 2341 1413 2393 scartecam
1449 2352 1544 2411 quam

264 2438 474 2497 authenticum
508 2447 540 2498 et
563 2437 758 2518 fidedignum
791 2457 863 2515 prae
890 2458 925 2498 se
949 2438 1028 2498 feret
1051 2439 1283 2512 intrumentum,
1314 2439 1376 2498 imo
1400 2439 1426 2499 si
1450 2440 1544 2499 etiam

262 2545 441 2625 quampiam
473 2565 529 2624 per
560 2547 644 2605 omni
679 2545 880 2605 inadmisam
912 2545 944 2604 in
975 2566 1010 2606 se
1040 2555 1211 2605 mereretur
1247 2545 1540 2622 considerationem,

263 2653 365 2713 adhuc
388 2673 444 2731 per
467 2654 498 2712 id
521 2661 702 2731 procurator
726 2653 756 2711 in
780 2672 910 2712 causam
928 2661 1129 2712 attractarum
1153 2653 1228 2712 nihil
1252 2654 1418 2729 evinceret,
1440 2655 1540 2732 primo

261 2761 346 2840 quod
376 2761 446 2821 talis
479 2759 637 2822 revocatio
674 2759 714 2821 ad
746 2769 895 2841 urgentes
928 2760 1110 2820 confessarii
1147 2760 1380 2821 adhortationes
1416 2769 1537 2821 extorta

261 2869 356 2929 luisse
387 2868 472 2928 credi
496 2870 618 2943 debeat,
643 2870 780 2929 secundo
803 2868 886 2947 quod
918 2875 1042 2946 praeter
1077 2876 1226 2947 attactam
1258 2869 1289 2927 in
1321 2870 1433 2928 eodem
1464 2888 1534 2946 pro-

260 2981 352 3038 ducto
385 2996 497 3057 sagam
530 2977 643 3051 Koosz,
669 2977 747 3037 aliae
781 2995 904 3055 quoque
935 2984 1078 3036 recenter
1108 2976 1271 3054 expeditae
1304 2995 1404 3055 aeque
1438 2996 1537 3057 sagae

260 3085 463 3145 Chelichiana
495 3093 526 3143 et
556 3085 697 3143 Barbara
726 3085 925 3159 Funyachka,
956 3084 1058 3161 prouti
1083 3092 1114 3143 et
1137 3084 1343 3163 Margaretha
1368 3082 1533 3159 Kulyanlra

259 3199 401 3253 recenter
416 3211 540 3270 quoque
555 3192 699 3269 expedita
714 3200 822 3251 contra
838 3192 972 3252 eandem
992 3192 1095 3251 fassae
1118 3191 1240 3265 fuerint,
1265 3200 1295 3250 et
1319 3191 1401 3251 illam
1420 3209 1532 3271 sagam

259 3319 329 3361 esse
353 3299 589 3368 declaraverint,
613 3318 675 3377 quo
699 3318 774 3358 vero
791 3299 831 3359 ad
846 3298 938 3358 aliarn
958 3318 1057 3378 aeque
1075 3306 1274 3375 praetensam
1291 3299 1533 3370 revocationem,

258 3426 352 3485 quarn
367 3425 424 3484 per
435 3405 608 3486 Georgium
624 3406 787 3479 lanichich,
804 3414 987 3484 procurator
1003 3407 1033 3465 in
1050 3426 1176 3466 causam
1203 3414 1405 3466 attractarum
1427 3403 1535 3464 referri

259 3514 412 3593 cupiebat,
442 3524 661 3592 praeterquam
691 3514 744 3572 illa
775 3514 935 3592 processui
964 3514 1080 3573 inserta
1108 3532 1169 3572 non
1194 3520 1286 3587 esset,
1319 3521 1349 3571 et
1381 3513 1406 3572 si
1440 3512 1534 3572 etiarn

258 3621 360 3681 eidem
376 3621 574 3697 insereretur,
591 3620 693 3679 adhuc
708 3627 813 3680 tamen
837 3631 958 3699 partem
975 3620 1006 3679 in
1022 3638 1151 3679 causam
1175 3626 1340 3679 attractam
1361 3619 1434 3679 nihil
1458 3618 1534 3677 rele-

258 3738 356 3805 varet,
390 3748 460 3788 cum
493 3729 575 3788 idem
606 3728 762 3788 lanichich
794 3729 939 3801 retulerit,
971 3728 1055 3807 quod
1087 3726 1377 3786 Verchhovichiana
1409 3744 1533 3805 quoque

258 3845 401 3915 respectu
426 3835 648 3915 Margarethae
672 3835 771 3894 Sussa
795 3854 901 3895 coram
925 3836 1037 3895 eodem
1060 3835 1229 3894 lassionem
1253 3833 1456 3907 revocaverit,
1481 3833 1533 3892 ubi

256 3953 362 4004 tamen
387 3944 497 4003 eadem
521 3942 813 4003 Verchkovichiana
835 3953 945 4003 contra
968 3942 1195 4021 praescriptam
1220 3942 1456 4021 Margaretham
1473 3960 1531 4000 nec

257 4052 372 4131 aliquid
401 4051 487 4110 fassa
514 4050 631 4126 fuisset,
666 4070 723 4129 per
746 4052 829 4129 quod
852 4051 936 4109 idern
958 4050 1116 4110 lanichich
1140 4068 1202 4109 non
1227 4049 1321 4108 modo
1345 4057 1533 4126 suspectam,

256 4178 362 4220 verum
386 4159 481 4219 etiarn
506 4178 523 4218 a
548 4158 730 4218 credulitate
762 4158 895 4218 alienam
924 4158 1080 4218 effecisset
1104 4176 1194 4217 suam
1219 4156 1380 4229 rationem,
1405 4156 1530 4215 eodem·

256 4286 316 4345 que
348 4266 482 4326 deffectu
521 4266 648 4325 alterius
686 4285 811 4344 quoque
843 4266 1000 4342 praetensi
1041 4265 1129 4324 testis
1162 4263 1326 4344 Glagolich
1364 4263 1534 4340 nuncupati

253 4375 418 4450 laboraret,
451 4375 615 4435 accederet
646 4375 686 4434 ad
710 4376 797 4447 haec,
821 4375 906 4452 quod
925 4374 1019 4433 iidem
1043 4372 1201 4452 praetensi
1225 4380 1321 4431 testes
1346 4372 1531 4452 singulares,

255 4484 396 4560 adeoque
427 4483 458 4543 in
490 4483 556 4542 iure
587 4482 662 4542 nihil
694 4482 875 4542 evincentes
907 4490 1021 4557 essent,
1045 4490 1076 4542 et
1100 4489 1329 4560 consequenter
1352 4480 1529 4540 considera-

253 4590 369 4649 tionem
392 4609 455 4649 non
479 4598 680 4666 mererentur,
697 4589 834 4668 reliquae
860 4608 935 4649 vero
958 4589 1095 4649 rationes
1112 4589 1322 4668 procuratoris
1346 4588 1377 4647 in
1402 4606 1530 4647 causam

254 4704 455 4756 attractamm
472 4713 527 4773 per
543 4715 578 4755 se
594 4706 720 4755 ruerent
744 4716 814 4755 eum
838 4715 886 4772 ea,
910 4715 991 4775 quae
1011 4705 1194 4775 procurator
1218 4696 1249 4756 in
1272 4715 1399 4755 causam
1418 4704 1530 4755 attrac-

252 4811 355 4863 tarum
383 4803 480 4862 insius
513 4802 647 4862 inculcat
679 4802 840 4875 iudicibus,
864 4811 896 4863 et
918 4803 1042 4862 inclitae
1071 4803 1138 4862 sedi
1170 4803 1293 4863 aliunde
1325 4810 1468 4863 constant
1501 4811 1531 4863 et

253 4918 397 4970 constare
414 4910 536 4984 debent,
559 4930 656 4989 quare
676 4911 830 4989 prioribus
846 4912 910 4971 suis
926 4910 1107 4985 insistend0,
1123 4920 1154 4971 et
1170 4911 1210 4969 ad
1226 4912 1377 4989 producta
1394 4910 1530 4970 inclitam

252 5018 361 5078 sedem
384 5038 455 5077 curn
479 5019 596 5079 honore
619 5019 809 5079 reflectendo
831 5019 909 5098 petit
932 5025 963 5079 et
985 5026 1078 5099 urget
1101 5027 1135 5078 ut
1158 5036 1260 5098 supra.
