3934 5550
412 338 478 403 216

518 558 596 617 ltem
628 550 708 616 vini⁴
732 576 787 635 pro
821 556 949 617 iamfato
980 554 1136 634 corporali
1165 556 1196 616 in
1228 563 1294 615 toto
1323 555 1426 634 pintas
1451 553 1503 632 70,
1535 553 1609 615 facit
1633 553 1691 614 1101

411 666 509 727 Rhen.
539 662 586 726 14.

524 774 601 832 Item
626 790 748 832 avenae
764 790 907 852 vaganos
931 772 984 831 Nr.
1001 766 1099 850 9711..
1121 772 1332 849 computando
1356 770 1399 829 uti
1423 788 1520 849 supra
1542 770 1618 829 lacit
1632 771 1701 834 1101.

417 882 515 941 Rhen.
540 877 593 955 97,
616 897 746 959 grossos
774 877 821 943 10.

524 988 590 1051 ΝΒ.
614 988 852 1066 Suprascriptus
877 987 1048 1065 corporalis
1071 994 1103 1045 et
1126 1004 1204 1045 uxor
1227 1005 1293 1060 sua,
1316 985 1437 1046 nobiles
1459 1004 1611 1065 personas
1635 983 1697 1045 Ge-

413 1096 537 1177 orgium
571 1096 746 1156 Dersanich
776 1103 806 1156 et
837 1096 992 1155 Helenam
1022 1095 1161 1155 Luchich
1191 1094 1303 1155 nobilis
1337 1094 1489 1173 Stephani
1511 1093 1696 1153 Chunclricb

413 1214 600 1281 consortem,
625 1212 657 1264 et
680 1204 835 1264 Thomam
859 1203 1042 1264 Chunchich
1067 1203 1179 1263 baculo
1202 1205 1416 1266 verberarunt

574 1401 614 1460 ln
650 1419 756 1480 pago
790 1400 974 1459 Bussocz
1008 1398 1195 1459 eiusdem
1230 1398 1499 1477 companiae.·

525 1542 684 1603 Intertenti
716 1550 788 1602 sunt
819 1538 931 1601 milites
963 1540 1016 1604 Nr.
1048 1538 1078 1615 3,
1109 1540 1222 1619 quibus
1246 1540 1480 1601 subministrata
1512 1550 1560 1601 est
1592 1541 1701 1603 dietim

414 1669 528 1711 mensa
549 1650 608 1727 bis,
630 1649 704 1710 facit
728 1649 759 1709 in
782 1657 848 1709 toto
870 1650 937 1711 1101.
961 1649 1059 1708 Rhen.
1083 1646 1136 1711 63.

523 1758 600 1817 ltem
627 1775 748 1817 avenae
772 1774 916 1837 vaganos
942 1756 994 1815 Nr.
1018 1752 1071 1829 35,
1094 1756 1251 1835 singulum
1285 1756 1496 1835 computando
1526 1757 1571 1817 uti
1604 1776 1702 1836 supra

414 1865 490 1924 lacit
511 1864 577 1924 1101.
603 1864 699 1924 Rhen.
723 1860 775 1925 35.

524 1971 588 2032 NB.
605 1971 652 2030 Ex
669 1970 718 2030 his
735 1970 882 2030 militibus
907 1986 988 2030 unus
1004 1968 1130 2029 nomine
1153 1958 1313 2048 loseph'us,
1331 1968 1480 2029 familiam
1504 1969 1637 2050 hospitis
1653 1971 1702 2030 sui

418 2078 519 2138 Marci
532 2078 706 2139 Bobeszich
718 2076 799 2138 binis
811 2077 931 2137 vicibus
955 2076 1068 2137 baculo
1087 2076 1279 2150 verberavit3
1301 2077 1376 2137 item
1397 2078 1544 2138 loannem
1562 2086 1593 2137 et
1616 2078 1702 2139 Mar-

418 2186 517 2245 tinum
549 2186 723 2246 Bobeszich
751 2185 872 2246 framea
901 2184 1027 2245 inversa
1058 2185 1224 2259 concussit,
1247 2193 1279 2243 et
1302 2184 1361 2243 nisi
1390 2185 1523 2244 Ioannes
1554 2186 1700 2246 baculum

422 2294 614 2368 subiecisset,
638 2294 740 2354 eidem
764 2304 859 2371 caput
883 2301 1086 2371 amputasset,
1109 2291 1309 2371 postmodum
1333 2292 1428 2352 etiam
1452 2311 1560 2373 pugno
1584 2313 1640 2372 per
1666 2314 1703 2354 os

423 2411 454 2462 et
488 2402 599 2462 dentes
631 2402 671 2461 ad
702 2400 863 2480 copiosam
887 2400 1051 2481 sangvinis
1074 2400 1258 2460 effusionem
1282 2400 1508 2476 concussisset3
1539 2402 1702 2461 ultimatim

422 2519 454 2569 et
477 2518 598 2589 portam
623 2511 734 2571 domus
759 2528 796 2569 ex
820 2510 927 2588 sclopo
951 2510 1047 2589 globo
1069 2508 1252 2570 traiecisset

625 2714 667 2774 In
702 2712 934 2774 Rakitoucz
965 2711 1158 2771 eiusdem
1188 2710 1445 2791 companiae.

527 2857 687 2919 Intertenti
711 2866 783 2918 sunt
804 2857 916 2918 milites
931 2867 1005 2931 tres,
1021 2858 1134 2936 quibus
1150 2856 1383 2918 subministrata
1397 2866 1446 2916 est
1462 2877 1572 2917 mensa
1587 2857 1702 2931 dietim,

420 2976 454 3026 ut
478 2985 572 3045 supra
593 2966 669 3026 lacit
691 2968 758 3028 1101.
781 2967 879 3026 Rhen.
903 2963 956 3026 63.

530 3075 607 3134 Item
640 3093 760 3135 avenae
793 3092 936 3154 vaganos
960 3074 1014 3135 Nr.
1038 3070 1099 3143 35,
1122 3073 1280 3153 singulum
1305 3075 1516 3152 computando
1540 3074 1584 3133 uti
1607 3093 1703 3152 supra

421 3179 495 3241 lacit
518 3181 586 3244 1101.
608 3182 685 3244 Ren.
709 3179 761 3242 35.

423 3377 464 3436 ln
488 3375 698 3437 montibus
723 3376 868 3455 Campi
892 3377 1227 3455 Turopoliensis,
1263 3396 1309 3436 ex
1345 3378 1563 3455 compania
1586 3397 1703 3457 cape·

894 3484 1012 3544 tanei
1045 3485 1231 3545 Leemon.

529 3629 778 3690 Intertenuerunt
801 3627 913 3688 milites
937 3629 1083 3708 quinque,
1107 3628 1219 3706 quibus
1242 3628 1373 3708 singulis
1388 3628 1705 3691 subministrabantur

423 3736 529 3797 dietim
561 3736 718 3815 portiones
750 3736 840 3810 duae,
872 3755 952 3814 quas
983 3736 1194 3814 computando
1224 3754 1279 3813 per
1311 3755 1441 3816 grossos
1469 3735 1507 3797 16
1531 3738 1606 3798 lacit
1636 3739 1703 3801 flor.

424 3847 498 3906 Ren.
523 3841 597 3906 280.

528 3953 575 4011 Ex
599 3953 710 4031 quibus
734 3951 880 4012 militibus
897 3953 1001 4026 (imus)
1026 3951 1172 4011 Iacobum
1197 3952 1385 4012 Dreuodelia
1409 3953 1439 4012 in
1463 3954 1601 4014 lnleriori
1625 3955 1703 4015 Dra-

424 4077 563 4140 gonoscz
588 4067 841 4132 commorantem,
869 4058 972 4118 studio
997 4043 1125 4118 et'data
1149 4077 1246 4137 opera
1277 4058 1429 4119 iaculatus
1452 4068 1500 4120 est
1524 4062 1565 4120 ad
1587 4080 1624 4120 os
1647 4081 1704 4122 seu

425 4168 545 4243 dentes,
569 4167 621 4242 ita,
644 4176 677 4225 ut
700 4166 759 4246 ipsi
783 4167 958 4244 complures
981 4166 1093 4226 dentes
1117 4165 1296 4226 excusserit

470 4383 512 4442 ln
543 4399 651 4461 pago
686 4381 901 4457 Mraczlyn
933 4379 1176 4457 companiae
1200 4379 1386 4440 senioris
1410 4379 1661 4460 Zkidinzky⁵.

533 4528 783 4587 Intertenuerunt
815 4523 993 4604 vigiliarum
1016 4523 1209 4601 praelectum
1233 4524 1358 4584 nomine
1382 4525 1481 4598 Vinzl,
1504 4545 1576 4585 cum
1600 4545 1706 4602 uxore,

427 4633 549 4696 duobus
573 4631 710 4713 prolibus
735 4643 766 4692 et
789 4631 940 4692 servitore
963 4650 1035 4704 uno,
1059 4651 1098 4690 ac
1120 4631 1218 4691 tribus
1234 4631 1333 4711 equis,
1349 4631 1454 4692 dando
1474 4633 1576 4693 eidem
1600 4633 1706 4692 dietim

427 4741 586 4822 portiones
609 4741 711 4800 orales
735 4737 771 4813 3;
807 4739 880 4798 item
904 4739 1063 4817 portiones
1087 4740 1206 4818 equiles
1237 4736 1267 4815 3,
1297 4757 1378 4818 quas
1409 4741 1619 4819 computando
1650 4760 1706 4818 per

427 4869 557 4931 grossos
586 4846 623 4907 16
648 4848 780 4927 equilem
805 4854 836 4906 et
859 4847 986 4919 oralem,
1009 4847 1084 4906 iacit
1106 4848 1172 4906 1101.
1197 4848 1293 4915 Rhen.
1322 4843 1392 4910 168.
