3934 5550
385 331 453 394 620

385 548 522 622 militem,
554 547 823 626 copiosioremque
859 548 1052 607 nobilitatem
1083 559 1114 606 et
1145 547 1289 608 dominos
1323 547 1437 625 Campi
1468 549 1559 606 huius
1595 547 1664 606 olfi-

385 655 482 715 ciales
503 655 718 728 transferatur,
751 673 814 733 quo
838 664 943 714 autern
965 654 1077 714 musici
1100 674 1157 732 pro
1181 656 1240 713 hac
1263 653 1461 714 solemnitate
1488 653 1665 726 necessarii,

390 781 470 841 quos
500 762 644 822 dominus
677 763 889 822 viceassessor
919 763 1085 822 Petravich
1113 762 1246 842 propriis
1270 761 1446 840 sumptibus
1472 771 1573 821 seruet
1595 781 1663 840 pro-

388 879 566 929 curatorum
590 869 765 948 spopondit,
788 871 915 929 horsum
940 870 1105 947 pervenire
1121 870 1249 948 possint,
1274 879 1403 930 vectura
1427 869 1666 932 Lekeniczeusis

384 975 572 1056 applicidata
600 987 657 1036 est

868 1126 879 1186 l
883 1118 1015 1184 Ceteris
1037 1119 1193 1191 emises.)

497 1267 593 1327 Lecta
616 1277 648 1326 et
671 1268 834 1328 extradata
854 1285 910 1346 per
933 1268 1098 1345 losephum
1123 1266 1300 1330 Gerdenich
1325 1277 1392 1338 etc,
1415 1269 1487 1328 nob.
1511 1285 1664 1326 commun.

386 1374 556 1452 Turopolia
580 1374 712 1434 iuratum
736 1375 892 1434 notarium
916 1395 956 1435 m
981 1395 1008 1453 p.

489 1495 635 1567 Originale
660 1498 688 1549 in
716 1498 831 1551 archivo
849 1512 991 1550 commun.
1018 1499 1084 1551 nob.
1111 1499 1147 1550 de
1168 1497 1336 1568 Turopolje:
1355 1496 1621 1568 congregationalia
1639 1510 1663 1548 a

384 1585 461 1639 1⁷⁹¹,
486 1584 555 1638 lasc.
573 1585 635 1639 205.
653 1585 719 1642 Nro.
737 1585 817 1642 2349.
842 1615 876 1625 -
902 1585 1044 1642 Vexillum
1073 1588 1127 1641 hoc
1155 1587 1249 1642 adhuc
1274 1587 1350 1654 apud
1374 1601 1515 1640 commun.
1543 1586 1607 1640 nob.
1627 1586 1665 1638 de

382 1674 538 1744 Turopolje
557 1674 585 1728 in
603 1673 705 1729 Velika
722 1673 827 1730 Gorica
845 1683 1013 1731 assamur.

494 1837 501 1863 ¹
520 1838 569 1892 sic.

489 2329 581 2387 Anno
609 2324 703 2397 1793,
732 2327 834 2390 louet
857 2339 997 2406 sequent
1022 2329 1103 2391 maii.
1128 2331 1221 2408 Nagy
1246 2329 1406 2390 Goriczae.
1474 2389 1478 2396 ,

386 2523 626 2591 communitas
656 2521 780 2610 Campi
815 2525 1006 2610 Turopolya
1027 2525 1223 2610 palatinum
1247 2525 1288 2588 de
1304 2525 1383 2610 sori
1405 2525 1464 2588 sui
1485 2523 1661 2586 iudicrurii

704 2631 823 2696 ordine
842 2636 876 2696 et
898 2634 1145 2698 constitutione
1169 2633 1345 2716 injornmt.

383 2823 589 2884 Sereuissime
620 2824 826 2885 haereditarie
856 2825 1000 2903 princeps
1031 2826 1127 2904 regie,
1160 2825 1308 2885 archidux
1335 2824 1489 2895 Austriae,
1514 2834 1545 2884 et
1569 2824 1658 2901 regni

501 2932 684 3011 Hungariae
707 2932 855 3010 palatine,
879 2933 1013 3007 domine,
1038 2933 1162 2993 domine
1187 2934 1275 2992 nobis
1299 2932 1539 3012 benignissime!

489 3110 515 3169 E
538 3109 675 3190 benigno
698 3111 889 3171 celsitudinis
913 3120 1037 3178 vestrae
1062 3112 1168 3191 regiae
1193 3112 1234 3171 ad
1257 3113 1415 3172 dominum
1441 3114 1584 3171 comitem
1604 3132 1655 3171 no·

382 3228 479 3277 strum
502 3227 682 3278 terrestrem
706 3218 878 3299 Georgium
903 3221 1103 3279 Franciscum
1129 3221 1299 3300 Pogledich
1317 3222 1374 3279 sub
1396 3218 1443 3279 16.
1461 3220 1566 3298 aprilis
1584 3220 1655 3278 anni

382 3325 532 3383 currentis
549 3325 687 3399 dimisso,
707 3345 744 3386 ac
768 3345 817 3404 per
847 3328 929 3386 hunc
952 3328 983 3386 in
1007 3328 1166 3406 praesenti
1183 3347 1355 3409 congressu
1371 3337 1478 3387 nostro
1495 3327 1655 3387 nobiscum

382 3432 610 3492 communicato
634 3433 784 3509 intimato,
808 3434 839 3493 id
864 3454 883 3492 a
906 3436 997 3494 nobis
1020 3435 1156 3515 benigne
1182 3438 1264 3515 exigi
1290 3436 1505 3507 intelleximus,
1531 3446 1572 3510 ut,
1596 3454 1657 3513 quo

383 3538 583 3619 regnicolaris
616 3542 647 3600 in
670 3541 805 3601 iuridicis
832 3542 976 3602 ordinata
1000 3544 1159 3621 deputatio
1193 3544 1274 3603 circa
1299 3545 1457 3623 vigentem
1493 3544 1575 3621 apud
1599 3561 1656 3600 nos

383 3646 442 3706 lori
465 3648 617 3707 iudiciarii
648 3649 789 3708 ordinem
822 3658 852 3708 et
876 3651 1128 3711 constitutionem
1156 3652 1259 3711 debite
1284 3651 1443 3711 informari
1469 3651 1577 3729 possit,
1601 3668 1657 3710 nos

382 3756 592 3815 necessariam
616 3756 731 3816 idcirco
756 3757 1005 3817 inlonnationem
1029 3758 1202 3818 celsitudini
1219 3768 1343 3818 vestrae
1361 3759 1467 3838 regiae
1483 3776 1545 3836 quo
1561 3776 1657 3833 ocyus

385 3863 639 3925 transmittamus.

488 3969 641 4044 Quamvis
656 3972 782 4050 quidem
806 3974 868 4031 iam
893 3974 950 4032 sub
976 3972 1005 4032 7.
1030 3974 1204 4033 decembris
1230 3974 1302 4033 anni
1327 3972 1485 4052 praeteriti
1500 3991 1555 4052 per
1572 3980 1655 4033 ante·

381 4076 477 4135 latum
509 4077 669 4137 dominum
700 4080 844 4139 comitem
877 4090 1016 4140 nostrum
1046 4082 1086 4141 de
1120 4090 1202 4140 statu
1227 4082 1340 4158 Campi
1365 4081 1552 4158 Turopolya,
1577 4080 1656 4141 eius-

382 4184 515 4261 demque
547 4193 611 4244 tam
641 4187 671 4245 in
706 4188 855 4262 civilibus,
889 4208 983 4266 quam
1015 4189 1226 4249 criminalibus
1250 4189 1385 4249 iudicatu
1418 4196 1492 4247 nota
1523 4196 1657 4249 attactae

382 4290 567 4370 regnicolari
591 4293 783 4370 deputationi
806 4295 944 4355 exhibita
964 4296 1011 4367 sit
1029 4296 1068 4355 ad
1085 4297 1260 4357 uberiorem
1278 4306 1383 4356 tamen
1406 4298 1465 4356 hoc
1489 4296 1520 4354 in
1543 4304 1656 4374 puncto

383 4398 518 4459 dandam
542 4400 791 4462 informationem
817 4423 874 4462 nos
898 4424 1023 4482 quoque
1048 4424 1085 4465 ex
1110 4414 1275 4484 praesente
1300 4423 1472 4483 congressu
1487 4412 1594 4463 nostro
1617 4402 1656 4462 ad

384 4505 572 4586 exigentiam
597 4510 759 4586 praecitati
783 4511 911 4591 benigni
935 4511 1125 4571 celsitudinis
1152 4521 1274 4572 vestrae
1298 4511 1406 4591 regiae
1431 4510 1569 4586 intimati,
1595 4510 1656 4587 ple·

382 4634 455 4675 nam
487 4616 570 4675 circa
603 4618 683 4677 haec
715 4619 966 4679 inlonnationem
999 4630 1160 4699 praestare
1192 4620 1266 4679 nulli
1295 4618 1531 4679 intermittimus.
1556 4596 1657 4676 Prius·

383 4740 477 4800 quam
513 4731 618 4783 tamen
650 4726 690 4784 ad
725 4725 941 4802 explicandum
975 4728 1057 4785 hunc
1089 4738 1159 4785 actu
1193 4727 1275 4804 apud
1300 4746 1356 4785 nos
1380 4726 1570 4785 obtinentem
1602 4722 1657 4782 lori

385 4828 537 4890 iudiciarii
562 4830 701 4889 ordinem
727 4842 758 4891 et
781 4842 897 4891 statum
922 4834 1118 4904 accedamus
1150 4835 1329 4912 priusquam
1355 4834 1447 4893 etiam
1473 4852 1527 4911 pro
1552 4844 1657 4891 tenore
