3934 5550
372 2043 512 2125 Egregio
545 2041 685 2102 similiter
718 2040 826 2101 loanni
851 2039 1040 2111 Pintharich‚
1071 2039 1244 2100 camerario
1277 2038 1417 2098 eiusdem
1450 2039 1565 2098 domini
1602 2060 1652 2100 co-

372 2150 456 2210 mitis
470 2149 601 2210 senioris
625 2148 747 2208 Nicolai
769 2147 916 2224 Erdebdy
932 2167 1027 2206 unum
1052 2146 1191 2207 similiter
1216 2147 1310 2207 robur
1333 2146 1556 2206 succidendum
1580 2167 1653 2208 con·

372 2260 516 2319 donatur.

479 2382 530 2441 Ad
565 2380 809 2458 propositionem
843 2378 992 2439 nobilium
1029 2379 1192 2438 Michaelis
1227 2377 1354 2439 iunioris
1390 2380 1587 2439 Laczlrouich
1623 2391 1654 2441 et

372 2490 461 2549 Pauli
484 2487 664 2566 Ztepanich,
688 2487 917 2564 praefectorum
940 2486 1038 2546 silvae
1066 2493 1192 2547 nostrae
1217 2487 1391 2546 communis
1415 2487 1535 2547 Bunzki
1561 2488 1653 2568 Lugh

374 2605 515 2670 vocatae,
544 2595 655 2656 vicinis
686 2594 810 2654 rusticis
840 2601 906 2653 tres
936 2593 1105 2672 quercinae
1138 2595 1267 2654 arbores
1295 2594 1503 2654 succidendae
1527 2596 1654 2674 permit·

374 2713 487 2772 tuntur,
523 2723 578 2783 pro
614 2704 673 2762 hac
697 2703 848 2763 duntaxat
883 2700 1011 2762 arbores
1048 2702 1126 2778 vice,
1161 2721 1293 2782 quarum
1328 2702 1466 2782 precium
1496 2705 1544 2764 'ad
1578 2723 1653 2764 usus

373 2831 554 2872 communes
579 2805 840 2871 convertendum¹
863 2828 918 2888 per
945 2810 1105 2870 dominum
1134 2810 1280 2871 comitem
1304 2812 1488 2871 modernum
1513 2812 1652 2872 animad-

374 2928 520 2983 vertatur.

479 3044 529 3103 Ad
563 3043 710 3102 humilem
745 3042 925 3102 instantiam
962 3052 993 3102 et
1028 3044 1209 3121 petitionem
1245 3044 1366 3121 providi
1401 3044 1522 3103 Nicolai
1558 3044 1652 3103 Dum-

386 3153 487 3228 ouich,
520 3152 622 3212 coloni
656 3150 888 3210 communitatis
912 3151 943 3209 in
966 3151 1107 3211 Lekenik
1131 3152 1363 3227 commorantis
1388 3152 1441 3230 qui
1466 3151 1651 3212 divisionem

371 3260 488 3319 habere
512 3260 606 3319 vellet
628 3278 698 3317 cum
723 3257 878 3333 fratribus,
902 3258 1106 3318 ermittuntur
1123 3259 1163 3319 ad
1180 3278 1250 3319 eam
1266 3260 1482 3338 peragendam
1500 3260 1649 3339 egregius

371 3367 480 3427 Simon
503 3365 678 3437 Pliuschak,
702 3364 818 3424 fiscalis
842 3364 1054 3424 universitatis
1086 3364 1233 3425 nobilium
1265 3365 1378 3445 Campi
1410 3366 1653 3445 Turopoliensis,
1702 3352 1706 3357 ⁴

372 3473 508 3533 Michael
533 3472 632 3531 iunior
657 3471 862 3531 Laczkowich
887 3480 919 3531 et
941 3471 1059 3531 Paulus
1082 3472 1263 3550 Ztepanich,
1287 3474 1436 3552 praelecti
1460 3474 1567 3545 silvae,
1590 3474 1650 3533 hoc

373 3574 524 3642 adnexto²
547 3598 609 3639 non
633 3580 779 3638 obstante
803 3580 894 3638 unius
918 3580 969 3639 vel
994 3579 1122 3639 alterius
1146 3580 1298 3640 absentia.

479 3706 562 3765 lnter
596 3703 720 3783 publica
755 3704 895 3763 eiusdem
930 3704 1141 3765 universitatis
1177 3705 1304 3786 negotia
1339 3708 1472 3785 primurn
1508 3714 1583 3779 erat,
1619 3714 1652 3764 ut

372 3832 459 3873 more
493 3814 645 3871 hactenus
675 3812 843 3872 ob'servato
873 3830 983 3872 omnes
1016 3811 1165 3872 officiales
1198 3813 1229 3873 in
1261 3814 1342 3874 lesto
1375 3821 1504 3874 sanctae
1534 3814 1650 3874 Luciae

373 3918 503 3999 virginis
534 3927 565 3979 et
600 3917 737 3978 martiris
767 3918 799 3977 in
830 3918 940 3978 officiis
971 3919 1036 3978 suis
1069 3928 1123 3979 aut
1155 3920 1332 3981 confirmari
1368 3923 1418 3982 vel
1442 3940 1517 3981 vero
1541 3921 1653 3980 mutari

328 4032 332 4035 ’
373 4033 404 4085 et
426 4026 531 4085 denuo
554 4025 627 4105 eligi
651 4025 788 4085 debeant
820 4033 913 4103 atque
937 4026 1066 4103 possint.
1092 4028 1161 4086 Hoc
1184 4026 1339 4106 siquidem
1363 4036 1490 4107 propter
1514 4036 1564 4090 sat
1587 4019 1650 4091 evi·

373 4132 485 4192 dentes
519 4140 551 4191 et
585 4133 686 4192 clares
721 4132 859 4192 rationes
892 4132 1019 4207 minime
1055 4133 1161 4210 perfici
1196 4141 1226 4193 et
1257 4134 1457 4195 determinari
1481 4137 1588 4213 potuit,
1613 4137 1653 4195 ad

373 4246 572 4317 praesentem
597 4236 797 4299 nihilominus
822 4240 1102 4320 congregationem
1127 4240 1242 4300 reiecta
1266 4249 1297 4301 et
1320 4242 1416 4302 dilata
1439 4242 1571 4303 luissent
1587 4243 1651 4302 uni-

374 4364 474 4421 versa,
506 4345 676 4425 ordineque
700 4346 901 4425 subsequenti
925 4348 1118 4407 continuatio
1141 4367 1195 4408 sex
1213 4348 1392 4410 officialium
1410 4350 1547 4431 negdum
1571 4350 1651 4411 elec-

374 4461 479 4513 torum
502 4461 557 4512 aut
579 4454 842 4514 confirmatorum,
910 4459 916 4467 “

479 4579 514 4637 ln
545 4578 680 4638 officium
714 4578 917 4639 vaivodarum
949 4581 1047 4640 silvae
1082 4589 1208 4641 nostrae
1245 4582 1370 4642 maioris
1406 4584 1525 4659 Bunzkj
1562 4586 1653 4665 Lugh

372 4692 514 4759 vocatae,
545 4685 665 4745 nobiles
696 4686 829 4746 loannes
858 4686 1045 4747 Kramarich
1079 4688 1109 4747 in
1144 4688 1238 4769 Nagy
1271 4689 1386 4763 Mlaka,
1419 4691 1554 4751 Michael
1586 4692 1653 4751 Ma·

374 4793 529 4854 theichich
553 4793 592 4853 de
616 4794 821 4874 Dragonoscz
844 4801 876 4855 et
899 4795 1033 4855 loannes
1056 4794 1217 4856 Klafurich
1241 4797 1280 4856 de
1304 4816 1387 4857 novo
1412 4798 1576 4878 eliguntur,
1601 4799 1653 4877 qui

374 4910 405 4960 et
429 4901 568 4960 sollenne
593 4900 762 4978 superinde
786 4902 1009 4980 praestiterunt
1033 4902 1250 4963 iuramentum.
