3934 5550
1478 446 1522 509 63

242 658 358 717 Ioanne
389 667 421 717 et
451 648 606 719 Michaele
629 660 806 736 Wlassych,
838 659 994 721 Michaele
1028 660 1215 739 Rekowych,
1251 683 1288 723 nc
1324 662 1391 724 aliis
1426 682 1520 744 quarn

242 764 381 842 plurimis
404 762 509 843 probis
533 773 564 824 et
586 766 737 828 honestae
761 765 946 826 conditionis
957 768 1101 846 personis
1116 770 1322 847 personaliter
1338 788 1520 848 comparen-

241 871 332 933 tibus.
356 872 469 931 Actum
494 871 526 933 in
550 872 691 950 praefata
718 873 919 951 possessione
950 874 1118 951 Hrelychy,
1149 874 1227 938 feria
1259 886 1349 936 sexta
1379 877 1522 955 proxima

243 986 315 1039 ante
352 978 467 1039 festum
497 980 610 1042 beatae
633 981 802 1056 Barbarae,
828 1000 910 1043 anno
934 980 1051 1042 domini
1075 982 1238 1044 millesimo
1271 984 1522 1069 quingentesimo

242 1086 458 1167 octuagesimo
481 1082 613 1170 quintol.
1292 1084 1303 1115 ⁵
1395 1174 1398 1179 Ι

347 1194 388 1253 Et
410 1213 518 1255 coram
540 1196 656 1256 Ioanne
680 1196 781 1273 Palffy
803 1196 989 1257 testimoniis
1013 1196 1197 1277 praescripti
1221 1200 1408 1259 testamenti.

348 1301 486 1362 Mathias
501 1302 655 1383 presbiter
671 1302 832 1363 confessor
856 1322 896 1366 nr.
918 1326 948 1384 p.
971 1304 1018 1381 (L.
1042 1305 1095 1381 S.).
1113 1304 1245 1365 loannes
1258 1305 1399 1367 literatus
1423 1307 1522 1383 Palffy

241 1428 281 1471 m.
305 1428 334 1487 p.
358 1411 403 1485 (L.
427 1409 479 1486 S.).
504 1411 638 1470 loannes
661 1411 830 1490 Wlassych
853 1431 893 1473 m.
917 1431 946 1490 p.
971 1413 1016 1485 (L.
1040 1410 1095 1493 S.).
1120 1413 1232 1471 Petrus
1255 1412 1455 1491 Koskowych
1482 1416 1521 1475 de

240 1518 384 1577 Hrascha
414 1530 455 1579 m.
478 1538 507 1598 p.
532 1520 582 1595 (L.
601 1519 654 1595 S.).
679 1518 833 1579 Martinus
863 1520 989 1598 Sporar,
1013 1520 1089 1579 civis
1121 1520 1398 1601 Montisgrecensis
1429 1541 1469 1581 m.
1493 1542 1521 1600 p.

241 1624 287 1698 (L.
310 1624 363 1700 8.).
395 1618 592 1704 Stephanus¹
606 1618 776 1703 Monoaloy
808 1646 848 1689 m.
872 1647 900 1705 p.
925 1628 971 1704 (L.
1002 1628 1055 1703 S.).
1087 1627 1266 1705 Bekowych
1299 1628 1396 1689 Mihal
1429 1650 1468 1694 m.
1492 1650 1522 1709 p.

241 1733 286 1807 (L.
310 1732 362 1807 S.).
385 1732 565 1811 Stephanus
589 1734 750 1812 Krwpych
773 1725 813 1793 m}
836 1752 866 1812 p.
890 1734 935 1810 (L.
959 1734 1012 1811 S.).
1351 1816 1352 1821 ἵ

272 1827 275 1831 ’
347 1840 388 1899 ln
419 1842 605 1904 secundo
636 1841 740 1902 folio
772 1842 960 1904 eiusdem
993 1842 1249 1904 documenti:
1273 1845 1340 1905 Nos
1364 1844 1522 1925 Georgius

239 1948 471 2025 Pethrowinay,
504 1948 741 2010 archidiaconus
763 1950 961 2010 'cathedralis
991 1961 1023 2011 et
1054 1952 1232 2034 canonicus,
1256 1972 1314 2013 nec
1345 1973 1408 2013 non
1432 1972 1519 2013 reve-

238 2054 415 2116 rendissimi
437 2054 555 2116 domini
584 2056 702 2115 domini
732 2056 816 2116 Petri
839 2056 879 2116 de
903 2058 1082 2136 Heressinz,
1106 2060 1245 2140 episcopi
1277 2061 1429 2121 ecclesiae
1461 2062 1520 2121 Za·

238 2161 471 2243 Zagrabiensis,
494 2157 726 2225 sacratissimae
742 2181 912 2224 caesareae
928 2165 1103 2227 maiestatis
1126 2167 1294 2227 consiliarii
1318 2176 1375 2230 etc.
1400 2169 1431 2228 iu
1454 2170 1516 2247 spi-

237 2270 400 2330 rituahbus
431 2270 575 2341 vicarius,
599 2281 631 2332 et
662 2287 829 2331 causarum
865 2272 987 2333 auditor
1019 2266 1193 2354 generalis,
1225 2276 1395 2335 memoriae
1432 2294 1515 2335 com·

237 2378 423 2438 mendamus
446 2397 503 2457 per
526 2388 720 2458 praesentes,
751 2380 835 2462 quod
859 2398 917 2440 nos
940 2400 1092 2459 praesens
1116 2391 1338 2444 testamentum
1362 2384 1453 2444 nobis
1480 2384 1520 2445 ad

236 2486 484 2563 confirmandum
516 2487 687 2547 exhibitum
718 2496 750 2548 et
779 2496 1024 2567 praesentatum,
1056 2490 1162 2570 quoad
1193 2510 1303 2551 omnes
1337 2492 1403 2551 eius
1433 2492 1519 2572 lega·

234 2593 344 2667 tiones,
369 2603 494 2672 puncta,
519 2594 675 2655 clausulas
699 2604 731 2655 et
754 2586 901 2655 articulos
925 2595 1044 2671 attinet,
1068 2596 1100 2655 in
1124 2606 1275 2676 quantum
1299 2598 1445 2658 videlicet
1460 2598 1518 2658 rit'e

236 2709 269 2762 et
290 2701 430 2784 legitime
453 2702 630 2762 conlectum
653 2701 760 2779 extitit,
776 2703 964 2763 authoritate
988 2712 1096 2763 nostra
1118 2704 1284 2779 ordinaria,
1301 2705 1456 2765 servantis
1481 2706 1519 2765 de

235 2810 303 2871 iure
338 2811 510 2887 servandis,
534 2809 804 2894 approbavimus,
839 2811 1063 2872 ratificavimus
1100 2821 1130 2872 et
1166 2813 1429 2888 confirmavimus,
1453 2814 1517 2874 imo

237 2917 456 2996 approbamus,
480 2918 671 2978 ratificamus
702 2905 733 2978 et
765 2919 996 2992 confirmamus,
1021 2937 1059 2980 ac
1082 2939 1194 2981 manus
1217 2930 1345 2981 nostrae
1369 2921 1514 3000 propriae

236 3033 269 3086 et
298 3025 390 3085 iurati
419 3025 532 3085 notarii
564 3006 663 3105 nostri
694 3025 982 3106 subscriptionibus,
1018 3027 1174 3108 sigillique
1197 3028 1295 3088 nostri
1318 3029 1513 3118 inpressione

234 3134 421 3193 roboramus
440 3132 472 3194 in
495 3133 590 3194 fidem
614 3142 645 3195 et
667 3135 880 3196 testimonium
895 3134 1034 3195 omnium
1050 3137 1243 3216 singulorum
1260 3129 1514 3216 praemissorum.

236 3225 353 3302 Datum
376 3242 563 3318 Zagrabiae,
587 3242 618 3302 in
641 3243 722 3303 festo
744 3244 908 3304 beatorum
936 3243 1067 3304 FabIani
1091 3253 1123 3304 et
1145 3245 1323 3305 Sebastiani
1346 3246 1516 3319 martirum,

236 3344 321 3410 anno
344 3349 461 3409 domini
484 3349 648 3410 millesimo
671 3349 923 3430 quingentesimo
947 3351 1163 3432 octuagesimo
1187 3348 1299 3412 sextoss.

343 3456 431 3517 Idem
454 3459 506 3537 qui
530 3477 625 3537 supra
639 3457 797 3538 Georgius
811 3460 1030 3536 Petrowynay,
1047 3461 1182 3520 vicarius
1206 3471 1264 3522 etc.
1288 3481 1327 3522 m.
1351 3481 1380 3539 p.
1405 3461 1450 3536 (L.
1462 3461 1514 3534 S.).

344 3564 468 3645 Caspar
498 3567 640 3626 literatus
663 3565 877 3642 Chasmensis,
901 3568 933 3628 in
956 3568 1168 3647 spiritualibus
1194 3589 1231 3629 ac
1255 3569 1381 3647 capituli
1417 3570 1515 3629 eccle·

237 3674 305 3748 siae
328 3673 551 3754 zagrabiensis
582 3674 701 3734 iuratus
732 3675 881 3750 notarius,
905 3675 1117 3736 demandato
1151 3676 1267 3736 domini
1290 3676 1398 3736 vicarii
1422 3695 1516 3735 manu

235 3780 363 3860 propria
386 3779 556 3859 subscripsi
579 3800 621 3840 m.
645 3801 675 3859 p.

341 3920 487 3993 Originale
505 3921 694 3986 chartaceum,
719 3924 821 3978 subtus
836 3930 1010 3978 testamento
1035 3940 1172 3992 appressa
1198 3931 1265 3978 sunt
1283 3932 1349 3979 octo
1369 3925 1468 3996 sigilla,
1487 3933 1516 3978 ct

233 4011 336 4064 subtus
355 4010 540 4065 ratificatione
565 4012 661 4066 vicarii
680 4013 773 4066 solum
793 4030 888 4067 unum.
908 4013 939 4065 ln
958 4013 1034 4066 arch.
1055 4015 1149 4067 accad.
1170 4015 1269 4068 scient.
1289 4013 1395 4067 Slavor.
1416 4015 1514 4068 merid.

234 4099 399 4170 Zagrabiae.

249 4316 253 4321 ι
348 4243 488 4298 ¹scilicet
507 4213 710 4316 Zagrabiensis.
751 4244 935 4315 ²Hucusque
948 4245 1146 4300 confirmatum
1158 4263 1210 4316 per
1222 4263 1319 4318 regern
1333 4247 1515 4316 Rudolphum

235 4349 261 4388 a.
284 4331 362 4388 1587.
401 4331 504 4388 ’anuo
524 4332 602 4389 1586.
621 4333 664 4388 20.
683 4335 810 4389 ianuarii.
