3934 5550
981 617 1084 687 148.

495 836 588 897 Anno
617 833 708 899 1690.
737 836 761 895 l.
786 835 867 897 maii.
891 836 925 897 ln
948 835 1099 899 Mokricz.

391 1046 557 1111 Nr'colons
589 1046 755 1133 Erdeody‚
790 1046 910 1124 bonus
942 1045 1061 1110 comiti
1095 1050 1175 1109 terr.
1210 1045 1334 1129 Compi
1369 1045 1556 1129 Turopolia
1578 1068 1667 1110 com·

395 1154 512 1232 mittit,
527 1158 568 1219 ul
583 1152 740 1219 homines
761 1174 844 1218 suos
867 1154 923 1219 die
946 1169 993 1217 12.
1016 1154 1104 1217 nzaii
1117 1154 1211 1239 opttd
1221 1153 1436 1239 praesidium
1456 1152 1548 1218 Gora
1562 1154 1668 1218 sistat

600 1390 762 1451 Generose
785 1389 910 1450 domine
935 1390 1034 1450 amice
1058 1390 1351 1451 observandissime.

492 1530 628 1609 Quando
652 1532 778 1611 quidem
802 1534 862 1593 deo
886 1534 1029 1612 propitio,
1054 1543 1140 1593 certa
1171 1534 1285 1612 publici
1317 1534 1561 1595 Christianitatis
1594 1556 1664 1615 pro·

387 1638 534 1700 movendi
563 1639 645 1714 boni,
669 1640 863 1720 nominisque
895 1642 992 1701 nostri
1024 1641 1098 1701 aviti
1133 1640 1164 1700 in
1198 1640 1391 1702 martialibus
1427 1643 1527 1722 gestis
1557 1654 1667 1703 contra

389 1747 646 1808 immanissimam
666 1748 694 1807 T
696 1767 839 1807 orcarum
857 1748 984 1808 ulterius
1008 1758 1039 1807 et
1062 1748 1191 1808 ulterius
1206 1750 1450 1828 propulsandam
1474 1758 1506 1810 et
1522 1751 1665 1811 extermi-

388 1856 525 1915 nandam
549 1854 746 1932 tyrannidem
771 1855 927 1915 exaltandi
943 1855 1077 1915 nominis
1101 1863 1244 1916 occurrat
1267 1856 1401 1933 occasio,
1426 1858 1466 1917 ad
1487 1859 1575 1917 cuius
1599 1858 1664 1918 elfi-

384 1962 533 2023 notiorem
567 1962 711 2023 effectum
735 1982 807 2023 cum
831 1962 1021 2023 confiniariis
1044 1963 1167 2039 nostris,
1199 1982 1237 2022 ac
1260 1983 1411 2024 succursu
1441 1965 1665 2025 banderiorum

384 2089 440 2147 pro
463 2070 649 2130 duodecima
672 2070 755 2145 maii,
772 2070 856 2149 apud
880 2070 1070 2148 praesidium
1093 2070 1178 2130 Gore
1201 2088 1260 2129 nos
1283 2070 1394 2130 sistere
1418 2071 1544 2132 omnino
1568 2074 1663 2133 resol-

384 2178 494 2240 vimus.
528 2178 685 2255 Quocirca
716 2196 890 2257 generosae
923 2177 1126 2238 dominationi
1158 2186 1282 2238 vestrae
1314 2178 1401 2237 hisce
1432 2178 1663 2256 committimus,

383 2296 537 2365 quatenus
561 2286 611 2345 die
636 2296 667 2344 et
690 2286 759 2345 loco
783 2284 962 2363 praemissis
986 2284 1127 2345 homines
1151 2304 1226 2344 suos
1248 2304 1310 2364 quo
1333 2284 1444 2363 potiori
1466 2294 1498 2345 et
1523 2286 1666 2347 validiori

386 2411 480 2451 manu
504 2391 570 2451 fieri
595 2392 716 2470 poterit,
741 2410 779 2451 ac
802 2410 873 2450 cum
891 2391 1056 2451 sufficienti
1073 2391 1251 2471 quindenae
1275 2400 1451 2452 commeatu
1475 2393 1626 2463 instructi,
1646 2412 1665 2453 a

384 2500 516 2559 termino
536 2488 729 2578 praescripto
753 2499 958 2559 duodecimae
975 2499 1038 2558 diei
1055 2499 1274 2577 computando,
1290 2500 1400 2559 sistere
1416 2520 1480 2560 non
1492 2500 1664 2563 itermittat.

385 2607 417 2666 ln
442 2606 560 2685 reliquo
584 2606 701 2667 valebit
724 2606 910 2669 lelicissime.
934 2605 1118 2667 Generosae
1142 2606 1360 2667 dominationis
1385 2615 1509 2667 vestrae
1542 2608 1664 2669 amicus

386 2713 600 2793 paratissimus

1045 2839 1162 2901 Comes
1184 2842 1332 2901 Nicolaus
1355 2843 1501 2918 Erdeody
1525 2863 1564 2904 m.
1588 2864 1616 2921 p.

490 2985 639 3060 Mokricz,
663 2985 712 3046 die
741 2984 766 3045 l.
790 2987 864 3046 maii
892 2983 984 3046 1690.

488 3111 671 3170 lnlerius
703 3111 743 3170 in
775 3113 907 3171 calce:
940 3111 1074 3170 Domino
1106 3110 1211 3170 comiti
1244 3111 1383 3170 terrestri
1416 3111 1529 3191 Campi
1561 3113 1660 3173 Turo-

379 3220 470 3298 polia.

485 3325 525 3386 ln
549 3326 689 3386 dorso:
714 3325 877 3386 Generoso
892 3326 1019 3386 domino
1035 3327 1127 3386 Petro
1139 3327 1389 3402 Szenkouaclrky
1412 3325 1500 3385 aliter
1514 3327 1661 3399 Vallicza‚

379 3432 589 3492 universitatis
614 3433 760 3492 nobilium
785 3432 897 3511 Campi
921 3433 1145 3512 Zagrabiensis
1170 3433 1340 3511 Turopolia
1363 3433 1437 3492 dicti
1471 3433 1575 3492 comiti
1599 3443 1660 3493 ter·

378 3539 477 3613 restri,
502 3540 602 3600 amico
625 3539 919 3600 observandissimo.

472 3677 517 3720 lto.

472 3731 517 3773 lto.

472 3783 586 3829 itiuime.

473 3837 587 3882 itiseime.

483 3930 628 4000 Originalc
647 3930 836 3994 chartaceum,
856 3947 872 3982 a
890 3937 971 3998 tergo
985 3930 1114 3996 oppressi
1128 3928 1210 3999 sigilli
1225 3931 1385 4000 vestigium,
1398 3947 1456 4000 quo
1469 3931 1550 3984 litora
1564 3931 1660 3988 clausa

378 4028 445 4072 rarat.
466 4021 495 4072 ln
515 4020 630 4073 archivo
648 4035 790 4072 commun.
811 4021 877 4072 nob.
897 4020 933 4072 de
954 4018 1115 4088 Turopolje.
