<?xml version="1.0" encoding="UTF-8"?>
<!DOCTYPE html PUBLIC "-//W3C//DTD XHTML 1.0 Transitional//EN"
    "http://www.w3.org/TR/xhtml1/DTD/xhtml1-transitional.dtd">
<html xmlns="http://www.w3.org/1999/xhtml" xml:lang="en" lang="en">
 <head>
  <title>
</title>
<meta http-equiv="Content-Type" content="text/html;charset=utf-8" />
  <meta name='ocr-system' content='tesseract 3.04.00' />
  <meta name='ocr-capabilities' content='ocr_page ocr_carea ocr_par ocr_line ocrx_word'/>
</head>
<body>
  <div class='ocr_page' id='page_1' title='image "./povjesnispomeni00laszgoog_0389.png"; bbox 0 0 3934 5550; ppageno 0'>
   <div class='ocr_carea' id='block_1_1' title="bbox 359 439 428 502">
    <p class='ocr_par' dir='ltr' id='par_1_1' title="bbox 359 439 428 502">
     <span class='ocr_line' id='line_1_1' title="bbox 359 439 428 502; baseline 0.014 -1"><span class='ocrx_word' id='word_1_1' title='bbox 359 439 428 502; x_wconf 81' lang='lat'>356-</span> 
     </span>
    </p>
   </div>
   <div class='ocr_carea' id='block_1_2' title="bbox 345 654 1637 2885">
    <p class='ocr_par' dir='ltr' id='par_1_2' title="bbox 358 654 1634 846">
     <span class='ocr_line' id='line_1_2' title="bbox 358 654 1634 734; baseline 0 -18"><span class='ocrx_word' id='word_1_2' title='bbox 358 656 420 718; x_wconf 89' lang='lat' dir='ltr'>rari</span> <span class='ocrx_word' id='word_1_3' title='bbox 443 656 552 732; x_wconf 90' lang='lat' dir='ltr'>debet;</span> <span class='ocrx_word' id='word_1_4' title='bbox 576 657 650 716; x_wconf 90' lang='lat' dir='ltr'>item</span> <span class='ocrx_word' id='word_1_5' title='bbox 675 665 746 734; x_wconf 89' lang='lat' dir='ltr'>post</span> <span class='ocrx_word' id='word_1_6' title='bbox 778 657 905 716; x_wconf 84' lang='lat' dir='ltr'>domum</span> <span class='ocrx_word' id='word_1_7' title='bbox 942 675 1069 716; x_wconf 90' lang='lat' dir='ltr'>camera</span> <span class='ocrx_word' id='word_1_8' title='bbox 1104 656 1144 716; x_wconf 90' lang='lat' dir='ltr'>ad</span> <span class='ocrx_word' id='word_1_9' title='bbox 1179 656 1259 715; x_wconf 89' lang='lat' dir='ltr'>duas</span> <span class='ocrx_word' id='word_1_10' title='bbox 1294 654 1456 716; x_wconf 89' lang='lat' dir='ltr'>clausuras</span> <span class='ocrx_word' id='word_1_11' title='bbox 1491 657 1634 717; x_wconf 90' lang='lat' dir='ltr'>Thomae</span> 
     </span>
     <span class='ocr_line' id='line_1_3' title="bbox 358 765 491 846; baseline 0 -20"><span class='ocrx_word' id='word_1_12' title='bbox 358 765 491 846; x_wconf 86' lang='lat' dir='ltr'>privata.</span> 
     </span>
    </p>

    <p class='ocr_par' dir='ltr' id='par_1_3' title="bbox 358 870 1637 1270">
     <span class='ocr_line' id='line_1_4' title="bbox 470 870 1635 952; baseline -0.001 -21"><span class='ocrx_word' id='word_1_13' title='bbox 470 870 516 931; x_wconf 85' lang='lat'>17.</span> <span class='ocrx_word' id='word_1_14' title='bbox 541 871 698 952; x_wconf 83' lang='lat' dir='ltr'>Georgius</span> <span class='ocrx_word' id='word_1_15' title='bbox 723 871 882 931; x_wconf 87' lang='lat' dir='ltr'>Lakovieh</span> <span class='ocrx_word' id='word_1_16' title='bbox 906 871 1002 930; x_wconf 90' lang='lat' dir='ltr'>habet</span> <span class='ocrx_word' id='word_1_17' title='bbox 1025 871 1153 932; x_wconf 91' lang='lat' dir='ltr'>domum</span> <span class='ocrx_word' id='word_1_18' title='bbox 1178 871 1337 951; x_wconf 87' lang='lat' dir='ltr'>antiquam</span> <span class='ocrx_word' id='word_1_19' title='bbox 1373 873 1529 946; x_wconf 86' lang='lat' dir='ltr'>miseram,</span> <span class='ocrx_word' id='word_1_20' title='bbox 1564 873 1635 932; x_wconf 92' lang='lat' dir='ltr'>hor·</span> 
     </span>
     <span class='ocr_line' id='line_1_5' title="bbox 358 979 1636 1059; baseline -0.002 -18"><span class='ocrx_word' id='word_1_21' title='bbox 358 1000 445 1042; x_wconf 92' lang='lat' dir='ltr'>reum</span> <span class='ocrx_word' id='word_1_22' title='bbox 470 979 630 1059; x_wconf 91' lang='lat' dir='ltr'>antiquum</span> <span class='ocrx_word' id='word_1_23' title='bbox 656 979 689 1038; x_wconf 93' lang='lat' dir='ltr'>in</span> <span class='ocrx_word' id='word_1_24' title='bbox 711 998 776 1038; x_wconf 91' lang='lat' dir='ltr'>una</span> <span class='ocrx_word' id='word_1_25' title='bbox 811 979 1007 1038; x_wconf 87' lang='lat' dir='ltr'>solummodo</span> <span class='ocrx_word' id='word_1_26' title='bbox 1038 987 1137 1057; x_wconf 89' lang='lat' dir='ltr'>parte,</span> <span class='ocrx_word' id='word_1_27' title='bbox 1166 979 1261 1038; x_wconf 88' lang='lat' dir='ltr'>haras</span> <span class='ocrx_word' id='word_1_28' title='bbox 1293 979 1333 1038; x_wconf 91' lang='lat' dir='ltr'>ad</span> <span class='ocrx_word' id='word_1_29' title='bbox 1365 980 1444 1040; x_wconf 90' lang='lat' dir='ltr'>duas</span> <span class='ocrx_word' id='word_1_30' title='bbox 1475 979 1636 1040; x_wconf 86' lang='lat' dir='ltr'>clausuras</span> 
     </span>
     <span class='ocr_line' id='line_1_6' title="bbox 358 1085 1637 1167; baseline -0.003 -18"><span class='ocrx_word' id='word_1_31' title='bbox 358 1089 503 1167; x_wconf 88' lang='lat' dir='ltr'>antiquas</span> <span class='ocrx_word' id='word_1_32' title='bbox 527 1086 724 1165; x_wconf 81' lang='lat' dir='ltr'>reparatione</span> <span class='ocrx_word' id='word_1_33' title='bbox 759 1105 796 1146; x_wconf 86' lang='lat' dir='ltr'>ex</span> <span class='ocrx_word' id='word_1_34' title='bbox 832 1085 954 1166; x_wconf 84' lang='lat' dir='ltr'>integro</span> <span class='ocrx_word' id='word_1_35' title='bbox 986 1085 1179 1164; x_wconf 81' lang='lat' dir='ltr'>indigentes3</span> <span class='ocrx_word' id='word_1_36' title='bbox 1215 1085 1289 1145; x_wconf 89' lang='lat' dir='ltr'>item</span> <span class='ocrx_word' id='word_1_37' title='bbox 1321 1087 1480 1146; x_wconf 87' lang='lat' dir='ltr'>camerula</span> <span class='ocrx_word' id='word_1_38' title='bbox 1513 1087 1637 1166; x_wconf 88' lang='lat' dir='ltr'>privata</span> 
     </span>
     <span class='ocr_line' id='line_1_7' title="bbox 358 1192 1414 1270; baseline -0.002 -15"><span class='ocrx_word' id='word_1_39' title='bbox 358 1197 516 1257; x_wconf 89' lang='lat' dir='ltr'>Dorothae</span> <span class='ocrx_word' id='word_1_40' title='bbox 542 1194 669 1270; x_wconf 85' lang='lat' dir='ltr'>relictae</span> <span class='ocrx_word' id='word_1_41' title='bbox 694 1193 808 1253; x_wconf 90' lang='lat' dir='ltr'>viduae</span> <span class='ocrx_word' id='word_1_42' title='bbox 832 1193 956 1252; x_wconf 87' lang='lat' dir='ltr'>Ioannis</span> <span class='ocrx_word' id='word_1_43' title='bbox 980 1193 1071 1270; x_wconf 89' lang='lat' dir='ltr'>Bapt.</span> <span class='ocrx_word' id='word_1_44' title='bbox 1095 1193 1126 1252; x_wconf 95' lang='lat' dir='ltr'>in</span> <span class='ocrx_word' id='word_1_45' title='bbox 1150 1192 1299 1253; x_wconf 87' lang='lat' dir='ltr'>mediocri</span> <span class='ocrx_word' id='word_1_46' title='bbox 1323 1202 1414 1254; x_wconf 87' lang='lat' dir='ltr'>statu.</span> 
     </span>
    </p>

    <p class='ocr_par' dir='ltr' id='par_1_4' title="bbox 357 1300 1634 1485">
     <span class='ocr_line' id='line_1_8' title="bbox 469 1300 1634 1378; baseline -0.004 -13"><span class='ocrx_word' id='word_1_47' title='bbox 469 1301 516 1365; x_wconf 86' lang='lat'>18.</span> <span class='ocrx_word' id='word_1_48' title='bbox 540 1303 644 1363; x_wconf 91' lang='lat' dir='ltr'>Vidua</span> <span class='ocrx_word' id='word_1_49' title='bbox 666 1300 781 1363; x_wconf 89' lang='lat' dir='ltr'>Ursula</span> <span class='ocrx_word' id='word_1_50' title='bbox 804 1300 926 1378; x_wconf 91' lang='lat' dir='ltr'>Iosephi</span> <span class='ocrx_word' id='word_1_51' title='bbox 951 1300 1112 1359; x_wconf 89' lang='lat' dir='ltr'>Lakovich</span> <span class='ocrx_word' id='word_1_52' title='bbox 1135 1301 1230 1360; x_wconf 91' lang='lat' dir='ltr'>habet</span> <span class='ocrx_word' id='word_1_53' title='bbox 1252 1301 1379 1362; x_wconf 91' lang='lat' dir='ltr'>domurn</span> <span class='ocrx_word' id='word_1_54' title='bbox 1397 1301 1428 1360; x_wconf 93' lang='lat' dir='ltr'>in</span> <span class='ocrx_word' id='word_1_55' title='bbox 1443 1310 1527 1363; x_wconf 88' lang='lat' dir='ltr'>statu</span> <span class='ocrx_word' id='word_1_56' title='bbox 1542 1303 1634 1378; x_wconf 87' lang='lat' dir='ltr'>man,</span> 
     </span>
     <span class='ocr_line' id='line_1_9' title="bbox 357 1407 1435 1485; baseline -0.004 -13"><span class='ocrx_word' id='word_1_57' title='bbox 357 1429 515 1472; x_wconf 89' lang='lat' dir='ltr'>cameram</span> <span class='ocrx_word' id='word_1_58' title='bbox 540 1409 579 1468; x_wconf 88' lang='lat' dir='ltr'>ad</span> <span class='ocrx_word' id='word_1_59' title='bbox 603 1429 698 1469; x_wconf 90' lang='lat' dir='ltr'>unam</span> <span class='ocrx_word' id='word_1_60' title='bbox 723 1410 899 1468; x_wconf 83' lang='lat' dir='ltr'>clausuram</span> <span class='ocrx_word' id='word_1_61' title='bbox 923 1408 1049 1480; x_wconf 88' lang='lat' dir='ltr'>bonam,</span> <span class='ocrx_word' id='word_1_62' title='bbox 1072 1415 1156 1467; x_wconf 80' lang='lat' dir='ltr'>tecto</span> <span class='ocrx_word' id='word_1_63' title='bbox 1180 1427 1244 1467; x_wconf 90' lang='lat' dir='ltr'>non</span> <span class='ocrx_word' id='word_1_64' title='bbox 1268 1407 1435 1485; x_wconf 90' lang='lat' dir='ltr'>provisam.</span> 
     </span>
    </p>

    <p class='ocr_par' dir='ltr' id='par_1_5' title="bbox 345 1515 1635 2240">
     <span class='ocr_line' id='line_1_10' title="bbox 469 1515 1634 1597; baseline -0.001 -19"><span class='ocrx_word' id='word_1_65' title='bbox 469 1516 515 1578; x_wconf 81' lang='lat'>19.</span> <span class='ocrx_word' id='word_1_66' title='bbox 540 1518 678 1578; x_wconf 86' lang='lat' dir='ltr'>Thomas</span> <span class='ocrx_word' id='word_1_67' title='bbox 702 1517 850 1576; x_wconf 90' lang='lat' dir='ltr'>Chemko</span> <span class='ocrx_word' id='word_1_68' title='bbox 874 1516 969 1574; x_wconf 91' lang='lat' dir='ltr'>habet</span> <span class='ocrx_word' id='word_1_69' title='bbox 992 1515 1120 1576; x_wconf 90' lang='lat' dir='ltr'>domum</span> <span class='ocrx_word' id='word_1_70' title='bbox 1144 1516 1185 1575; x_wconf 85' lang='lat' dir='ltr'>ad</span> <span class='ocrx_word' id='word_1_71' title='bbox 1209 1517 1308 1576; x_wconf 83' lang='lat' dir='ltr'>instar</span> <span class='ocrx_word' id='word_1_72' title='bbox 1335 1515 1440 1578; x_wconf 86' lang='lat' dir='ltr'>curiae</span> <span class='ocrx_word' id='word_1_73' title='bbox 1464 1517 1634 1597; x_wconf 89' lang='lat' dir='ltr'>antiquam,</span> 
     </span>
     <span class='ocr_line' id='line_1_11' title="bbox 356 1622 1631 1707; baseline -0.002 -20"><span class='ocrx_word' id='word_1_74' title='bbox 356 1627 400 1688; x_wconf 85' lang='lat' dir='ltr'>ita</span> <span class='ocrx_word' id='word_1_75' title='bbox 423 1627 507 1707; x_wconf 88' lang='lat' dir='ltr'>quod</span> <span class='ocrx_word' id='word_1_76' title='bbox 531 1625 657 1684; x_wconf 85' lang='lat' dir='ltr'>interior</span> <span class='ocrx_word' id='word_1_77' title='bbox 679 1643 753 1704; x_wconf 92' lang='lat' dir='ltr'>pars</span> <span class='ocrx_word' id='word_1_78' title='bbox 778 1631 844 1683; x_wconf 89' lang='lat' dir='ltr'>tota</span> <span class='ocrx_word' id='word_1_79' title='bbox 867 1622 975 1682; x_wconf 92' lang='lat' dir='ltr'>ruinae</span> <span class='ocrx_word' id='word_1_80' title='bbox 999 1623 1140 1700; x_wconf 86' lang='lat' dir='ltr'>proxima</span> <span class='ocrx_word' id='word_1_81' title='bbox 1162 1622 1211 1698; x_wconf 90' lang='lat' dir='ltr'>sit,</span> <span class='ocrx_word' id='word_1_82' title='bbox 1238 1623 1378 1702; x_wconf 87' lang='lat' dir='ltr'>superior</span> <span class='ocrx_word' id='word_1_83' title='bbox 1404 1643 1479 1684; x_wconf 92' lang='lat' dir='ltr'>vero</span> <span class='ocrx_word' id='word_1_84' title='bbox 1504 1643 1631 1703; x_wconf 91' lang='lat' dir='ltr'>repara-</span> 
     </span>
     <span class='ocr_line' id='line_1_12' title="bbox 345 1730 1635 1814; baseline -0.001 -20"><span class='ocrx_word' id='word_1_85' title='bbox 345 1735 441 1804; x_wconf 79' lang='lat' dir='ltr'>¹tione</span> <span class='ocrx_word' id='word_1_86' title='bbox 465 1733 594 1814; x_wconf 83' lang='lat' dir='ltr'>indiget,</span> <span class='ocrx_word' id='word_1_87' title='bbox 618 1733 763 1792; x_wconf 93' lang='lat' dir='ltr'>horreum</span> <span class='ocrx_word' id='word_1_88' title='bbox 801 1751 839 1791; x_wconf 88' lang='lat' dir='ltr'>ex</span> <span class='ocrx_word' id='word_1_89' title='bbox 863 1730 999 1809; x_wconf 85' lang='lat' dir='ltr'>antiquis</span> <span class='ocrx_word' id='word_1_90' title='bbox 1037 1731 1200 1792; x_wconf 83' lang='lat' dir='ltr'>roboribus</span> <span class='ocrx_word' id='word_1_91' title='bbox 1231 1731 1344 1791; x_wconf 90' lang='lat' dir='ltr'>nullius</span> <span class='ocrx_word' id='word_1_92' title='bbox 1375 1731 1499 1792; x_wconf 90' lang='lat' dir='ltr'>valoris.</span> <span class='ocrx_word' id='word_1_93' title='bbox 1531 1734 1635 1794; x_wconf 88' lang='lat' dir='ltr'>Haras</span> 
     </span>
     <span class='ocr_line' id='line_1_13' title="bbox 357 1837 1633 1920; baseline -0.002 -17"><span class='ocrx_word' id='word_1_94' title='bbox 357 1844 398 1903; x_wconf 90' lang='lat' dir='ltr'>ad</span> <span class='ocrx_word' id='word_1_95' title='bbox 421 1843 500 1902; x_wconf 86' lang='lat' dir='ltr'>duas</span> <span class='ocrx_word' id='word_1_96' title='bbox 524 1842 685 1900; x_wconf 85' lang='lat' dir='ltr'>clausuras</span> <span class='ocrx_word' id='word_1_97' title='bbox 709 1840 808 1899; x_wconf 89' lang='lat' dir='ltr'>bonas</span> <span class='ocrx_word' id='word_1_98' title='bbox 832 1837 1013 1917; x_wconf 85' lang='lat' dir='ltr'>pavimento</span> <span class='ocrx_word' id='word_1_99' title='bbox 1036 1837 1173 1899; x_wconf 87' lang='lat' dir='ltr'>inferiori</span> <span class='ocrx_word' id='word_1_100' title='bbox 1196 1839 1383 1920; x_wconf 87' lang='lat' dir='ltr'>indigentes,</span> <span class='ocrx_word' id='word_1_101' title='bbox 1398 1841 1493 1900; x_wconf 88' lang='lat' dir='ltr'>haras</span> <span class='ocrx_word' id='word_1_102' title='bbox 1518 1860 1633 1920; x_wconf 90' lang='lat' dir='ltr'>parvas</span> 
     </span>
     <span class='ocr_line' id='line_1_14' title="bbox 356 1944 1634 2026; baseline -0.001 -17"><span class='ocrx_word' id='word_1_103' title='bbox 356 1949 514 2009; x_wconf 89' lang='lat' dir='ltr'>maialium</span> <span class='ocrx_word' id='word_1_104' title='bbox 539 1946 684 2026; x_wconf 91' lang='lat' dir='ltr'>antiquas</span> <span class='ocrx_word' id='word_1_105' title='bbox 710 1946 906 2025; x_wconf 86' lang='lat' dir='ltr'>reparatione</span> <span class='ocrx_word' id='word_1_106' title='bbox 930 1945 1136 2006; x_wconf 87' lang='lat' dir='ltr'>necessarias.</span> <span class='ocrx_word' id='word_1_107' title='bbox 1161 1944 1331 2006; x_wconf 91' lang='lat' dir='ltr'>Cameram</span> <span class='ocrx_word' id='word_1_108' title='bbox 1355 1947 1500 2007; x_wconf 75' lang='lat' dir='ltr'>frumenti</span> <span class='ocrx_word' id='word_1_109' title='bbox 1517 1949 1634 2008; x_wconf 89' lang='lat' dir='ltr'>bonam</span> 
     </span>
     <span class='ocr_line' id='line_1_15' title="bbox 356 2052 1633 2136; baseline -0.002 -20"><span class='ocrx_word' id='word_1_110' title='bbox 356 2075 471 2116; x_wconf 91' lang='lat' dir='ltr'>novam</span> <span class='ocrx_word' id='word_1_111' title='bbox 496 2075 533 2116; x_wconf 89' lang='lat' dir='ltr'>ex</span> <span class='ocrx_word' id='word_1_112' title='bbox 558 2054 664 2114; x_wconf 90' lang='lat' dir='ltr'>solidis</span> <span class='ocrx_word' id='word_1_113' title='bbox 688 2052 859 2126; x_wconf 88' lang='lat' dir='ltr'>roboribus,</span> <span class='ocrx_word' id='word_1_114' title='bbox 876 2053 1035 2112; x_wconf 81' lang='lat' dir='ltr'>tornacem</span> <span class='ocrx_word' id='word_1_115' title='bbox 1052 2053 1221 2131; x_wconf 88' lang='lat' dir='ltr'>pistoream</span> <span class='ocrx_word' id='word_1_116' title='bbox 1238 2061 1321 2114; x_wconf 88' lang='lat' dir='ltr'>tecto</span> <span class='ocrx_word' id='word_1_117' title='bbox 1336 2072 1393 2133; x_wconf 91' lang='lat' dir='ltr'>per</span> <span class='ocrx_word' id='word_1_118' title='bbox 1408 2054 1633 2136; x_wconf 82' lang='lat' dir='ltr'>negligentiam</span> 
     </span>
     <span class='ocr_line' id='line_1_16' title="bbox 355 2163 715 2240; baseline -0.011 -16"><span class='ocrx_word' id='word_1_119' title='bbox 355 2165 438 2224; x_wconf 92' lang='lat' dir='ltr'>bono</span> <span class='ocrx_word' id='word_1_120' title='bbox 461 2183 523 2223; x_wconf 93' lang='lat' dir='ltr'>non</span> <span class='ocrx_word' id='word_1_121' title='bbox 547 2163 715 2240; x_wconf 87' lang='lat' dir='ltr'>provisam.</span> 
     </span>
    </p>

    <p class='ocr_par' dir='ltr' id='par_1_6' title="bbox 354 2267 1633 2669">
     <span class='ocr_line' id='line_1_17' title="bbox 462 2267 1631 2348; baseline -0.001 -18"><span class='ocrx_word' id='word_1_122' title='bbox 462 2268 514 2330; x_wconf 91' lang='grc'>20.</span> <span class='ocrx_word' id='word_1_123' title='bbox 536 2270 687 2348; x_wconf 86' lang='lat' dir='ltr'>Iosephus</span> <span class='ocrx_word' id='word_1_124' title='bbox 711 2268 884 2330; x_wconf 87' lang='lat' dir='ltr'>Bobeszich</span> <span class='ocrx_word' id='word_1_125' title='bbox 908 2267 1005 2328; x_wconf 86' lang='lat' dir='ltr'>habet</span> <span class='ocrx_word' id='word_1_126' title='bbox 1029 2267 1157 2328; x_wconf 89' lang='lat' dir='ltr'>domurn</span> <span class='ocrx_word' id='word_1_127' title='bbox 1174 2287 1292 2348; x_wconf 85' lang='lat' dir='ltr'>magna</span> <span class='ocrx_word' id='word_1_128' title='bbox 1309 2268 1505 2346; x_wconf 88' lang='lat' dir='ltr'>reparatione</span> <span class='ocrx_word' id='word_1_129' title='bbox 1521 2289 1631 2329; x_wconf 89' lang='lat' dir='ltr'>neces·</span> 
     </span>
     <span class='ocr_line' id='line_1_18' title="bbox 355 2375 1632 2460; baseline 0 -22"><span class='ocrx_word' id='word_1_130' title='bbox 355 2378 478 2451; x_wconf 90' lang='lat' dir='ltr'>sariam,</span> <span class='ocrx_word' id='word_1_131' title='bbox 502 2378 654 2460; x_wconf 23' lang='lat' dir='ltr'>horreum*</span> <span class='ocrx_word' id='word_1_132' title='bbox 673 2376 833 2455; x_wconf 91' lang='lat' dir='ltr'>antiquum</span> <span class='ocrx_word' id='word_1_133' title='bbox 857 2375 924 2434; x_wconf 88' lang='lat' dir='ltr'>siue</span> <span class='ocrx_word' id='word_1_134' title='bbox 949 2384 1040 2454; x_wconf 91' lang='lat' dir='ltr'>porta</span> <span class='ocrx_word' id='word_1_135' title='bbox 1062 2375 1177 2435; x_wconf 89' lang='lat' dir='ltr'>nullius</span> <span class='ocrx_word' id='word_1_136' title='bbox 1201 2376 1324 2450; x_wconf 89' lang='lat' dir='ltr'>valoris,</span> <span class='ocrx_word' id='word_1_137' title='bbox 1348 2395 1507 2437; x_wconf 88' lang='lat' dir='ltr'>cameram</span> <span class='ocrx_word' id='word_1_138' title='bbox 1538 2396 1632 2438; x_wconf 89' lang='lat' dir='ltr'>unam</span> 
     </span>
     <span class='ocr_line' id='line_1_19' title="bbox 354 2482 1633 2561; baseline 0 -16"><span class='ocrx_word' id='word_1_139' title='bbox 354 2486 468 2545; x_wconf 87' lang='lat' dir='ltr'>bonam</span> <span class='ocrx_word' id='word_1_140' title='bbox 500 2485 582 2544; x_wconf 90' lang='lat' dir='ltr'>bono</span> <span class='ocrx_word' id='word_1_141' title='bbox 617 2492 699 2544; x_wconf 88' lang='lat' dir='ltr'>tecto</span> <span class='ocrx_word' id='word_1_142' title='bbox 724 2483 881 2543; x_wconf 88' lang='lat' dir='ltr'>assericeo</span> <span class='ocrx_word' id='word_1_143' title='bbox 904 2482 1063 2561; x_wconf 91' lang='lat' dir='ltr'>provisam</span> <span class='ocrx_word' id='word_1_144' title='bbox 1089 2502 1181 2542; x_wconf 84' lang='lat' dir='ltr'>secus</span> <span class='ocrx_word' id='word_1_145' title='bbox 1200 2497 1272 2561; x_wconf 87' lang='lat' dir='ltr'>&#39;pro</span> <span class='ocrx_word' id='word_1_146' title='bbox 1303 2484 1426 2543; x_wconf 89' lang='lat' dir='ltr'>stabulo</span> <span class='ocrx_word' id='word_1_147' title='bbox 1456 2503 1539 2544; x_wconf 89' lang='lat' dir='ltr'>nunc</span> <span class='ocrx_word' id='word_1_148' title='bbox 1562 2504 1633 2546; x_wconf 90' lang='lat' dir='ltr'>con-</span> 
     </span>
     <span class='ocr_line' id='line_1_20' title="bbox 354 2590 1283 2669; baseline -0.002 -17"><span class='ocrx_word' id='word_1_149' title='bbox 354 2613 479 2654; x_wconf 87' lang='lat' dir='ltr'>versam</span> <span class='ocrx_word' id='word_1_150' title='bbox 502 2593 596 2652; x_wconf 84' lang='lat' dir='ltr'>haras</span> <span class='ocrx_word' id='word_1_151' title='bbox 621 2593 660 2651; x_wconf 88' lang='lat' dir='ltr'>ad</span> <span class='ocrx_word' id='word_1_152' title='bbox 683 2591 763 2650; x_wconf 87' lang='lat' dir='ltr'>duas</span> <span class='ocrx_word' id='word_1_153' title='bbox 787 2591 948 2650; x_wconf 86' lang='lat' dir='ltr'>clausuras</span> <span class='ocrx_word' id='word_1_154' title='bbox 972 2590 1117 2669; x_wconf 88' lang='lat' dir='ltr'>antiquas</span> <span class='ocrx_word' id='word_1_155' title='bbox 1140 2591 1283 2650; x_wconf 88' lang='lat' dir='ltr'>dirrutas.</span> 
     </span>
    </p>

    <p class='ocr_par' dir='ltr' id='par_1_7' title="bbox 354 2697 1633 2885">
     <span class='ocr_line' id='line_1_21' title="bbox 462 2697 1632 2761; baseline 0 -1"><span class='ocrx_word' id='word_1_156' title='bbox 462 2700 513 2761; x_wconf 88' lang='grc'>21.</span> <span class='ocrx_word' id='word_1_157' title='bbox 537 2701 653 2758; x_wconf 83' lang='lat' dir='ltr'>Paulus</span> <span class='ocrx_word' id='word_1_158' title='bbox 677 2697 826 2758; x_wconf 90' lang='lat' dir='ltr'>Chernko</span> <span class='ocrx_word' id='word_1_159' title='bbox 849 2697 944 2757; x_wconf 88' lang='lat' dir='ltr'>habet</span> <span class='ocrx_word' id='word_1_160' title='bbox 966 2698 1095 2757; x_wconf 91' lang='lat' dir='ltr'>domum</span> <span class='ocrx_word' id='word_1_161' title='bbox 1119 2699 1234 2758; x_wconf 89' lang='lat' dir='ltr'>bonam</span> <span class='ocrx_word' id='word_1_162' title='bbox 1258 2718 1371 2759; x_wconf 86' lang='lat' dir='ltr'>novam</span> <span class='ocrx_word' id='word_1_163' title='bbox 1397 2720 1435 2759; x_wconf 86' lang='lat' dir='ltr'>ex</span> <span class='ocrx_word' id='word_1_164' title='bbox 1453 2700 1560 2760; x_wconf 89' lang='lat' dir='ltr'>solidis</span> <span class='ocrx_word' id='word_1_165' title='bbox 1584 2721 1632 2760; x_wconf 92' lang='lat' dir='ltr'>ro-</span> 
     </span>
     <span class='ocr_line' id='line_1_22' title="bbox 354 2806 1633 2885; baseline -0.002 -16"><span class='ocrx_word' id='word_1_166' title='bbox 354 2809 481 2869; x_wconf 90' lang='lat' dir='ltr'>boribus</span> <span class='ocrx_word' id='word_1_167' title='bbox 514 2808 669 2867; x_wconf 87' lang='lat' dir='ltr'>assericeo</span> <span class='ocrx_word' id='word_1_168' title='bbox 693 2825 775 2867; x_wconf 90' lang='lat' dir='ltr'>novo</span> <span class='ocrx_word' id='word_1_169' title='bbox 798 2814 881 2866; x_wconf 88' lang='lat' dir='ltr'>tecto</span> <span class='ocrx_word' id='word_1_170' title='bbox 913 2806 996 2865; x_wconf 93' lang='lat' dir='ltr'>hono</span> <span class='ocrx_word' id='word_1_171' title='bbox 1024 2806 1191 2883; x_wconf 89' lang='lat' dir='ltr'>provisam,</span> <span class='ocrx_word' id='word_1_172' title='bbox 1222 2825 1314 2867; x_wconf 89' lang='lat' dir='ltr'>secus</span> <span class='ocrx_word' id='word_1_173' title='bbox 1343 2827 1425 2866; x_wconf 91' lang='lat' dir='ltr'>novo</span> <span class='ocrx_word' id='word_1_174' title='bbox 1448 2816 1532 2867; x_wconf 90' lang='lat' dir='ltr'>tecto</span> <span class='ocrx_word' id='word_1_175' title='bbox 1562 2827 1633 2885; x_wconf 90' lang='lat' dir='ltr'>pro-</span> 
     </span>
    </p>
   </div>
   <div class='ocr_carea' id='block_1_3' title="bbox 215 2902 1633 2991">
    <p class='ocr_par' dir='ltr' id='par_1_8' title="bbox 215 2902 1633 2991">
     <span class='ocr_line' id='line_1_23' title="bbox 215 2902 1633 2991; baseline 0.001 -16"><span class='ocrx_word' id='word_1_176' title='bbox 215 2902 219 2909; x_wconf 59' lang='grc'><strong>’</strong></span> <span class='ocrx_word' id='word_1_177' title='bbox 264 2927 268 2936; x_wconf 91' lang='grc'><strong><em>’</em></strong></span> <span class='ocrx_word' id='word_1_178' title='bbox 355 2916 457 2975; x_wconf 89' lang='lat' dir='ltr'>visum</span> <span class='ocrx_word' id='word_1_179' title='bbox 491 2916 636 2975; x_wconf 89' lang='lat' dir='ltr'>horreum</span> <span class='ocrx_word' id='word_1_180' title='bbox 672 2915 788 2974; x_wconf 93' lang='lat' dir='ltr'>bonurn</span> <span class='ocrx_word' id='word_1_181' title='bbox 823 2933 939 2973; x_wconf 91' lang='lat' dir='ltr'>novum</span> <span class='ocrx_word' id='word_1_182' title='bbox 973 2914 1040 2973; x_wconf 91' lang='lat' dir='ltr'>sine</span> <span class='ocrx_word' id='word_1_183' title='bbox 1071 2921 1170 2991; x_wconf 88' lang='lat' dir='ltr'>porta,</span> <span class='ocrx_word' id='word_1_184' title='bbox 1209 2914 1304 2975; x_wconf 88' lang='lat' dir='ltr'>haras</span> <span class='ocrx_word' id='word_1_185' title='bbox 1342 2915 1382 2974; x_wconf 94' lang='lat' dir='ltr'>ad</span> <span class='ocrx_word' id='word_1_186' title='bbox 1413 2916 1434 2975; x_wconf 88' lang='lat'>5</span> <span class='ocrx_word' id='word_1_187' title='bbox 1472 2916 1633 2977; x_wconf 86' lang='lat' dir='ltr'>clausuras</span> 
     </span>
    </p>
   </div>
   <div class='ocr_carea' id='block_1_4' title="bbox 353 3021 1634 5032">
    <p class='ocr_par' dir='ltr' id='par_1_9' title="bbox 356 3021 1634 3209">
     <span class='ocr_line' id='line_1_24' title="bbox 357 3021 1634 3102; baseline 0.001 -19"><span class='ocrx_word' id='word_1_188' title='bbox 357 3024 501 3102; x_wconf 88' lang='lat' dir='ltr'>antiquas</span> <span class='ocrx_word' id='word_1_189' title='bbox 524 3041 615 3082; x_wconf 86' lang='lat' dir='ltr'>secus</span> <span class='ocrx_word' id='word_1_190' title='bbox 639 3023 670 3082; x_wconf 93' lang='lat' dir='ltr'>in</span> <span class='ocrx_word' id='word_1_191' title='bbox 694 3022 776 3082; x_wconf 90' lang='lat' dir='ltr'>bono</span> <span class='ocrx_word' id='word_1_192' title='bbox 800 3030 891 3095; x_wconf 92' lang='lat' dir='ltr'>statu,</span> <span class='ocrx_word' id='word_1_193' title='bbox 915 3030 987 3101; x_wconf 87' lang='lat' dir='ltr'>post</span> <span class='ocrx_word' id='word_1_194' title='bbox 1009 3021 1137 3081; x_wconf 89' lang='lat' dir='ltr'>domum</span> <span class='ocrx_word' id='word_1_195' title='bbox 1161 3042 1320 3082; x_wconf 88' lang='lat' dir='ltr'>cameram</span> <span class='ocrx_word' id='word_1_196' title='bbox 1336 3022 1492 3101; x_wconf 86' lang='lat' dir='ltr'>inceptam</span> <span class='ocrx_word' id='word_1_197' title='bbox 1509 3024 1634 3085; x_wconf 87' lang='lat' dir='ltr'>novitus</span> 
     </span>
     <span class='ocr_line' id='line_1_25' title="bbox 356 3129 1193 3209; baseline -0.001 -18"><span class='ocrx_word' id='word_1_198' title='bbox 356 3131 528 3207; x_wconf 88' lang='lat' dir='ltr'>ellaborari,</span> <span class='ocrx_word' id='word_1_199' title='bbox 552 3131 711 3191; x_wconf 72' lang='lat' dir='ltr'>fornacem</span> <span class='ocrx_word' id='word_1_200' title='bbox 736 3131 905 3209; x_wconf 85' lang='lat' dir='ltr'>pistoream</span> <span class='ocrx_word' id='word_1_201' title='bbox 929 3129 1004 3189; x_wconf 91' lang='lat' dir='ltr'>nihil</span> <span class='ocrx_word' id='word_1_202' title='bbox 1028 3130 1193 3190; x_wconf 85' lang='lat' dir='ltr'>valentem.</span> 
     </span>
    </p>

    <p class='ocr_par' dir='ltr' id='par_1_10' title="bbox 356 3236 1633 3419">
     <span class='ocr_line' id='line_1_26' title="bbox 463 3236 1633 3315; baseline 0.001 -17"><span class='ocrx_word' id='word_1_203' title='bbox 463 3237 514 3299; x_wconf 88' lang='lat'>22.</span> <span class='ocrx_word' id='word_1_204' title='bbox 538 3237 677 3297; x_wconf 84' lang='lat' dir='ltr'>Mathias</span> <span class='ocrx_word' id='word_1_205' title='bbox 712 3236 857 3296; x_wconf 89' lang='lat' dir='ltr'>Katulich</span> <span class='ocrx_word' id='word_1_206' title='bbox 892 3236 988 3297; x_wconf 89' lang='lat' dir='ltr'>habet</span> <span class='ocrx_word' id='word_1_207' title='bbox 1022 3237 1150 3296; x_wconf 91' lang='lat' dir='ltr'>domum</span> <span class='ocrx_word' id='word_1_208' title='bbox 1185 3237 1293 3297; x_wconf 88' lang='lat' dir='ltr'>ruinae</span> <span class='ocrx_word' id='word_1_209' title='bbox 1324 3238 1506 3315; x_wconf 88' lang='lat' dir='ltr'>proximam,</span> <span class='ocrx_word' id='word_1_210' title='bbox 1541 3257 1633 3300; x_wconf 87' lang='lat' dir='ltr'>secus</span> 
     </span>
     <span class='ocr_line' id='line_1_27' title="bbox 356 3344 778 3419; baseline 0 -16"><span class='ocrx_word' id='word_1_211' title='bbox 356 3346 440 3405; x_wconf 86' lang='lat' dir='ltr'>nulla</span> <span class='ocrx_word' id='word_1_212' title='bbox 463 3345 524 3404; x_wconf 87' lang='lat' dir='ltr'>alia</span> <span class='ocrx_word' id='word_1_213' title='bbox 548 3344 700 3407; x_wconf 84' lang='lat' dir='ltr'>aedificia.</span> <span class='ocrx_word' id='word_1_214' title='bbox 777 3414 778 3419; x_wconf 7' lang='grc' dir='ltr'>ἵ</span> 
     </span>
    </p>

    <p class='ocr_par' dir='ltr' id='par_1_11' title="bbox 355 3449 1633 3939">
     <span class='ocr_line' id='line_1_28' title="bbox 462 3449 1630 3531; baseline 0.003 -21"><span class='ocrx_word' id='word_1_215' title='bbox 462 3449 513 3513; x_wconf 88' lang='grc'>23.</span> <span class='ocrx_word' id='word_1_216' title='bbox 537 3453 676 3512; x_wconf 89' lang='lat' dir='ltr'>Thomas</span> <span class='ocrx_word' id='word_1_217' title='bbox 711 3451 869 3512; x_wconf 81' lang='lat' dir='ltr'>Lakovieh</span> <span class='ocrx_word' id='word_1_218' title='bbox 905 3451 1001 3510; x_wconf 88' lang='lat' dir='ltr'>habet</span> <span class='ocrx_word' id='word_1_219' title='bbox 1025 3451 1152 3511; x_wconf 92' lang='lat' dir='ltr'>domum</span> <span class='ocrx_word' id='word_1_220' title='bbox 1176 3452 1216 3511; x_wconf 89' lang='lat' dir='ltr'>ad</span> <span class='ocrx_word' id='word_1_221' title='bbox 1235 3451 1333 3511; x_wconf 89' lang='lat' dir='ltr'>instar</span> <span class='ocrx_word' id='word_1_222' title='bbox 1357 3452 1471 3526; x_wconf 90' lang='lat' dir='ltr'>curiae,</span> <span class='ocrx_word' id='word_1_223' title='bbox 1495 3453 1630 3531; x_wconf 87' lang='lat' dir='ltr'>priorem</span> 
     </span>
     <span class='ocr_line' id='line_1_29' title="bbox 356 3557 1633 3637; baseline 0.001 -19"><span class='ocrx_word' id='word_1_224' title='bbox 356 3566 478 3636; x_wconf 90' lang='lat' dir='ltr'>partem</span> <span class='ocrx_word' id='word_1_225' title='bbox 503 3558 661 3637; x_wconf 90' lang='lat' dir='ltr'>antiquam</span> <span class='ocrx_word' id='word_1_226' title='bbox 686 3567 769 3618; x_wconf 86' lang='lat' dir='ltr'>tecto</span> <span class='ocrx_word' id='word_1_227' title='bbox 794 3578 856 3617; x_wconf 90' lang='lat' dir='ltr'>uon</span> <span class='ocrx_word' id='word_1_228' title='bbox 879 3557 962 3617; x_wconf 94' lang='lat' dir='ltr'>bono</span> <span class='ocrx_word' id='word_1_229' title='bbox 986 3558 1155 3637; x_wconf 87' lang='lat' dir='ltr'>provisam,</span> <span class='ocrx_word' id='word_1_230' title='bbox 1179 3558 1384 3636; x_wconf 84' lang='lat' dir='ltr'>posteriorem</span> <span class='ocrx_word' id='word_1_231' title='bbox 1410 3578 1485 3619; x_wconf 92' lang='lat' dir='ltr'>vero</span> <span class='ocrx_word' id='word_1_232' title='bbox 1509 3560 1633 3619; x_wconf 91' lang='lat' dir='ltr'>novitus</span> 
     </span>
     <span class='ocr_line' id='line_1_30' title="bbox 356 3664 1631 3743; baseline 0.001 -18"><span class='ocrx_word' id='word_1_233' title='bbox 356 3674 511 3725; x_wconf 87' lang='lat' dir='ltr'>errectam</span> <span class='ocrx_word' id='word_1_234' title='bbox 537 3666 604 3725; x_wconf 87' lang='lat' dir='ltr'>sine</span> <span class='ocrx_word' id='word_1_235' title='bbox 629 3675 720 3739; x_wconf 83' lang='lat' dir='ltr'>tecto,</span> <span class='ocrx_word' id='word_1_236' title='bbox 745 3674 776 3725; x_wconf 89' lang='lat' dir='ltr'>et</span> <span class='ocrx_word' id='word_1_237' title='bbox 799 3664 953 3743; x_wconf 90' lang='lat' dir='ltr'>superiori</span> <span class='ocrx_word' id='word_1_238' title='bbox 977 3685 1016 3724; x_wconf 87' lang='lat' dir='ltr'>ao</span> <span class='ocrx_word' id='word_1_239' title='bbox 1040 3664 1176 3725; x_wconf 80' lang='lat' dir='ltr'>inferiori</span> <span class='ocrx_word' id='word_1_240' title='bbox 1200 3664 1396 3743; x_wconf 85' lang='lat' dir='ltr'>pavimentis,</span> <span class='ocrx_word' id='word_1_241' title='bbox 1419 3666 1514 3727; x_wconf 89' lang='lat' dir='ltr'>haras</span> <span class='ocrx_word' id='word_1_242' title='bbox 1543 3667 1583 3726; x_wconf 91' lang='lat' dir='ltr'>ad</span> <span class='ocrx_word' id='word_1_243' title='bbox 1611 3664 1631 3726; x_wconf 82' lang='grc'>3</span> 
     </span>
     <span class='ocr_line' id='line_1_31' title="bbox 355 3772 1632 3853; baseline -0.001 -21"><span class='ocrx_word' id='word_1_244' title='bbox 355 3773 516 3833; x_wconf 84' lang='lat' dir='ltr'>clausuras</span> <span class='ocrx_word' id='word_1_245' title='bbox 540 3781 590 3833; x_wconf 89' lang='lat' dir='ltr'>sat</span> <span class='ocrx_word' id='word_1_246' title='bbox 624 3774 806 3833; x_wconf 84' lang='lat' dir='ltr'>commodas</span> <span class='ocrx_word' id='word_1_247' title='bbox 836 3772 1017 3851; x_wconf 90' lang='lat' dir='ltr'>pavimento</span> <span class='ocrx_word' id='word_1_248' title='bbox 1049 3772 1187 3832; x_wconf 82' lang='lat' dir='ltr'>inferiori</span> <span class='ocrx_word' id='word_1_249' title='bbox 1223 3772 1408 3853; x_wconf 86' lang='lat' dir='ltr'>indigentes,</span> <span class='ocrx_word' id='word_1_250' title='bbox 1432 3791 1524 3833; x_wconf 84' lang='lat' dir='ltr'>secus</span> <span class='ocrx_word' id='word_1_251' title='bbox 1548 3774 1632 3832; x_wconf 86' lang='lat' dir='ltr'>nulla</span> 
     </span>
     <span class='ocr_line' id='line_1_32' title="bbox 356 3879 507 3939; baseline -0.007 0"><span class='ocrx_word' id='word_1_252' title='bbox 356 3879 507 3939; x_wconf 76' lang='lat' dir='ltr'>aedificia.</span> 
     </span>
    </p>

    <p class='ocr_par' dir='ltr' id='par_1_12' title="bbox 353 3986 1632 4496">
     <span class='ocr_line' id='line_1_33' title="bbox 462 3986 1631 4066; baseline -0.002 -19"><span class='ocrx_word' id='word_1_253' title='bbox 462 3986 512 4047; x_wconf 87' lang='lat'>24.</span> <span class='ocrx_word' id='word_1_254' title='bbox 537 3988 688 4065; x_wconf 87' lang='lat' dir='ltr'>Iosephus</span> <span class='ocrx_word' id='word_1_255' title='bbox 714 3988 873 4047; x_wconf 83' lang='lat' dir='ltr'>Lakovich</span> <span class='ocrx_word' id='word_1_256' title='bbox 897 3988 1025 4047; x_wconf 88' lang='lat' dir='ltr'>domum</span> <span class='ocrx_word' id='word_1_257' title='bbox 1049 3988 1145 4047; x_wconf 88' lang='lat' dir='ltr'>habet</span> <span class='ocrx_word' id='word_1_258' title='bbox 1167 4007 1299 4066; x_wconf 90' lang='lat' dir='ltr'>parvam</span> <span class='ocrx_word' id='word_1_259' title='bbox 1324 4007 1363 4048; x_wconf 80' lang='lat' dir='ltr'>ex</span> <span class='ocrx_word' id='word_1_260' title='bbox 1387 3988 1544 4047; x_wconf 89' lang='lat' dir='ltr'>camerula</span> <span class='ocrx_word' id='word_1_261' title='bbox 1568 3986 1631 4045; x_wconf 85' lang='lat' dir='ltr'>iac·</span> 
     </span>
     <span class='ocr_line' id='line_1_34' title="bbox 354 4095 1632 4173; baseline -0.003 -17"><span class='ocrx_word' id='word_1_262' title='bbox 354 4106 427 4170; x_wconf 86' lang='lat' dir='ltr'>tam,</span> <span class='ocrx_word' id='word_1_263' title='bbox 444 4114 536 4157; x_wconf 87' lang='lat' dir='ltr'>secus</span> <span class='ocrx_word' id='word_1_264' title='bbox 559 4095 590 4155; x_wconf 93' lang='lat' dir='ltr'>in</span> <span class='ocrx_word' id='word_1_265' title='bbox 607 4096 690 4155; x_wconf 92' lang='lat' dir='ltr'>bono</span> <span class='ocrx_word' id='word_1_266' title='bbox 706 4105 798 4171; x_wconf 86' lang='lat' dir='ltr'>statu,</span> <span class='ocrx_word' id='word_1_267' title='bbox 814 4096 845 4155; x_wconf 92' lang='lat' dir='ltr'>id</span> <span class='ocrx_word' id='word_1_268' title='bbox 862 4103 910 4154; x_wconf 89' lang='lat' dir='ltr'>est</span> <span class='ocrx_word' id='word_1_269' title='bbox 926 4115 1022 4154; x_wconf 89' lang='lat' dir='ltr'>unum</span> <span class='ocrx_word' id='word_1_270' title='bbox 1039 4095 1190 4154; x_wconf 84' lang='lat' dir='ltr'>duntaxat</span> <span class='ocrx_word' id='word_1_271' title='bbox 1209 4096 1402 4163; x_wconf 82' lang='lat' dir='ltr'>cubicellum.</span> <span class='ocrx_word' id='word_1_272' title='bbox 1418 4104 1488 4173; x_wconf 90' lang='lat' dir='ltr'>post</span> <span class='ocrx_word' id='word_1_273' title='bbox 1503 4095 1632 4154; x_wconf 91' lang='lat' dir='ltr'>domum</span> 
     </span>
     <span class='ocr_line' id='line_1_35' title="bbox 353 4202 1632 4283; baseline -0.001 -21"><span class='ocrx_word' id='word_1_274' title='bbox 353 4203 448 4263; x_wconf 89' lang='lat' dir='ltr'>habet</span> <span class='ocrx_word' id='word_1_275' title='bbox 471 4204 660 4263; x_wconf 87' lang='lat' dir='ltr'>camerulam</span> <span class='ocrx_word' id='word_1_276' title='bbox 684 4211 767 4263; x_wconf 87' lang='lat' dir='ltr'>tecto</span> <span class='ocrx_word' id='word_1_277' title='bbox 791 4202 984 4283; x_wconf 87' lang='lat' dir='ltr'>indigentem</span> <span class='ocrx_word' id='word_1_278' title='bbox 1007 4202 1132 4275; x_wconf 90' lang='lat' dir='ltr'>bonam,</span> <span class='ocrx_word' id='word_1_279' title='bbox 1167 4203 1294 4262; x_wconf 86' lang='lat' dir='ltr'>harulas</span> <span class='ocrx_word' id='word_1_280' title='bbox 1328 4203 1369 4262; x_wconf 94' lang='lat' dir='ltr'>ad</span> <span class='ocrx_word' id='word_1_281' title='bbox 1393 4222 1487 4261; x_wconf 84' lang='lat' dir='ltr'>unam</span> <span class='ocrx_word' id='word_1_282' title='bbox 1511 4203 1632 4262; x_wconf 91' lang='lat' dir='ltr'>clausu·</span> 
     </span>
     <span class='ocr_line' id='line_1_36' title="bbox 356 4309 1632 4389; baseline 0 -20"><span class='ocrx_word' id='word_1_283' title='bbox 356 4330 422 4370; x_wconf 83' lang='lat' dir='ltr'>ram</span> <span class='ocrx_word' id='word_1_284' title='bbox 447 4329 484 4370; x_wconf 85' lang='lat' dir='ltr'>ex</span> <span class='ocrx_word' id='word_1_285' title='bbox 510 4310 638 4389; x_wconf 88' lang='lat' dir='ltr'>antiqua</span> <span class='ocrx_word' id='word_1_286' title='bbox 661 4310 754 4369; x_wconf 92' lang='lat' dir='ltr'>domo</span> <span class='ocrx_word' id='word_1_287' title='bbox 779 4319 974 4370; x_wconf 86' lang='lat' dir='ltr'>constructas</span> <span class='ocrx_word' id='word_1_288' title='bbox 999 4310 1107 4371; x_wconf 87' lang='lat' dir='ltr'>bonas.</span> <span class='ocrx_word' id='word_1_289' title='bbox 1131 4311 1231 4370; x_wconf 89' lang='lat' dir='ltr'>Secus</span> <span class='ocrx_word' id='word_1_290' title='bbox 1246 4309 1332 4370; x_wconf 90' lang='lat' dir='ltr'>nulla</span> <span class='ocrx_word' id='word_1_291' title='bbox 1348 4310 1491 4370; x_wconf 85' lang='lat' dir='ltr'>aedificia</span> <span class='ocrx_word' id='word_1_292' title='bbox 1507 4319 1632 4387; x_wconf 88' lang='lat' dir='ltr'>praeter</span> 
     </span>
     <span class='ocr_line' id='line_1_37' title="bbox 354 4418 1096 4496; baseline 0 -19"><span class='ocrx_word' id='word_1_293' title='bbox 354 4419 512 4477; x_wconf 79' lang='lat' dir='ltr'>fornacem</span> <span class='ocrx_word' id='word_1_294' title='bbox 538 4418 709 4496; x_wconf 90' lang='lat' dir='ltr'>pistoream</span> <span class='ocrx_word' id='word_1_295' title='bbox 732 4425 815 4477; x_wconf 89' lang='lat' dir='ltr'>tecto</span> <span class='ocrx_word' id='word_1_296' title='bbox 840 4436 902 4477; x_wconf 93' lang='lat' dir='ltr'>non</span> <span class='ocrx_word' id='word_1_297' title='bbox 926 4418 1096 4496; x_wconf 88' lang='lat' dir='ltr'>provisam.</span> 
     </span>
    </p>

    <p class='ocr_par' dir='ltr' id='par_1_13' title="bbox 353 4524 1632 5032">
     <span class='ocr_line' id='line_1_38' title="bbox 461 4524 1631 4603; baseline -0.002 -18"><span class='ocrx_word' id='word_1_298' title='bbox 461 4524 513 4589; x_wconf 84' lang='lat'>25.</span> <span class='ocrx_word' id='word_1_299' title='bbox 536 4526 686 4603; x_wconf 85' lang='lat' dir='ltr'>Iosephus</span> <span class='ocrx_word' id='word_1_300' title='bbox 710 4524 864 4601; x_wconf 82' lang='lat' dir='ltr'>Katulich,</span> <span class='ocrx_word' id='word_1_301' title='bbox 881 4524 982 4602; x_wconf 84' lang='lat' dir='ltr'>iudex,</span> <span class='ocrx_word' id='word_1_302' title='bbox 999 4526 1094 4584; x_wconf 89' lang='lat' dir='ltr'>habet</span> <span class='ocrx_word' id='word_1_303' title='bbox 1118 4526 1245 4585; x_wconf 92' lang='lat' dir='ltr'>domum</span> <span class='ocrx_word' id='word_1_304' title='bbox 1270 4525 1311 4584; x_wconf 87' lang='lat' dir='ltr'>ad</span> <span class='ocrx_word' id='word_1_305' title='bbox 1327 4524 1424 4585; x_wconf 87' lang='lat' dir='ltr'>instar</span> <span class='ocrx_word' id='word_1_306' title='bbox 1448 4524 1552 4583; x_wconf 86' lang='lat' dir='ltr'>euriae</span> <span class='ocrx_word' id='word_1_307' title='bbox 1576 4545 1631 4583; x_wconf 90' lang='lat' dir='ltr'>an·</span> 
     </span>
     <span class='ocr_line' id='line_1_39' title="bbox 355 4630 1630 4711; baseline 0.002 -22"><span class='ocrx_word' id='word_1_308' title='bbox 355 4632 481 4709; x_wconf 91' lang='lat' dir='ltr'>tiquam,</span> <span class='ocrx_word' id='word_1_309' title='bbox 507 4631 594 4691; x_wconf 85' lang='lat' dir='ltr'>cuius</span> <span class='ocrx_word' id='word_1_310' title='bbox 618 4650 698 4691; x_wconf 86' lang='lat' dir='ltr'>neve</span> <span class='ocrx_word' id='word_1_311' title='bbox 723 4640 838 4691; x_wconf 90' lang='lat' dir='ltr'>tectum</span> <span class='ocrx_word' id='word_1_312' title='bbox 863 4650 964 4711; x_wconf 64' lang='lat' dir='ltr'>neque</span> <span class='ocrx_word' id='word_1_313' title='bbox 997 4631 1111 4691; x_wconf 90' lang='lat' dir='ltr'>robora</span> <span class='ocrx_word' id='word_1_314' title='bbox 1134 4650 1173 4691; x_wconf 83' lang='lat' dir='ltr'>ex</span> <span class='ocrx_word' id='word_1_315' title='bbox 1204 4630 1347 4691; x_wconf 88' lang='lat' dir='ltr'>omnibus</span> <span class='ocrx_word' id='word_1_316' title='bbox 1375 4631 1516 4709; x_wconf 90' lang='lat' dir='ltr'>partibus</span> <span class='ocrx_word' id='word_1_317' title='bbox 1550 4632 1630 4709; x_wconf 89' lang='lat' dir='ltr'>aspi·</span> 
     </span>
     <span class='ocr_line' id='line_1_40' title="bbox 354 4737 1632 4819; baseline 0.002 -24"><span class='ocrx_word' id='word_1_318' title='bbox 354 4737 465 4797; x_wconf 89' lang='lat' dir='ltr'>ciendo</span> <span class='ocrx_word' id='word_1_319' title='bbox 501 4739 612 4801; x_wconf 87' lang='lat' dir='ltr'>valent.</span> <span class='ocrx_word' id='word_1_320' title='bbox 645 4739 798 4797; x_wconf 87' lang='lat' dir='ltr'>Horreum</span> <span class='ocrx_word' id='word_1_321' title='bbox 835 4738 996 4818; x_wconf 93' lang='lat' dir='ltr'>antiquum</span> <span class='ocrx_word' id='word_1_322' title='bbox 1026 4737 1225 4817; x_wconf 90' lang='lat' dir='ltr'>reparatione</span> <span class='ocrx_word' id='word_1_323' title='bbox 1255 4738 1409 4819; x_wconf 87' lang='lat' dir='ltr'>indigens,</span> <span class='ocrx_word' id='word_1_324' title='bbox 1439 4739 1535 4797; x_wconf 88' lang='lat' dir='ltr'>haras</span> <span class='ocrx_word' id='word_1_325' title='bbox 1567 4739 1632 4797; x_wconf 92' lang='lat' dir='ltr'>ani·</span> 
     </span>
     <span class='ocr_line' id='line_1_41' title="bbox 353 4844 1630 4925; baseline 0 -23"><span class='ocrx_word' id='word_1_326' title='bbox 353 4845 481 4905; x_wconf 87' lang='lat' dir='ltr'>malium</span> <span class='ocrx_word' id='word_1_327' title='bbox 507 4846 544 4905; x_wconf 87' lang='lat' dir='ltr'>ad</span> <span class='ocrx_word' id='word_1_328' title='bbox 570 4844 590 4904; x_wconf 88' lang='lat'>4</span> <span class='ocrx_word' id='word_1_329' title='bbox 615 4845 776 4905; x_wconf 84' lang='lat' dir='ltr'>clausuras</span> <span class='ocrx_word' id='word_1_330' title='bbox 801 4846 944 4925; x_wconf 87' lang='lat' dir='ltr'>antiquas</span> <span class='ocrx_word' id='word_1_331' title='bbox 961 4864 1072 4924; x_wconf 88' lang='lat' dir='ltr'>parum</span> <span class='ocrx_word' id='word_1_332' title='bbox 1087 4846 1242 4919; x_wconf 82' lang='lat' dir='ltr'>valentes3</span> <span class='ocrx_word' id='word_1_333' title='bbox 1266 4845 1340 4905; x_wconf 89' lang='lat' dir='ltr'>item</span> <span class='ocrx_word' id='word_1_334' title='bbox 1356 4845 1451 4905; x_wconf 87' lang='lat' dir='ltr'>haras</span> <span class='ocrx_word' id='word_1_335' title='bbox 1471 4844 1630 4905; x_wconf 85' lang='lat' dir='ltr'>maialium</span> 
     </span>
     <span class='ocr_line' id='line_1_42' title="bbox 353 4951 1632 5032; baseline -0.002 -19"><span class='ocrx_word' id='word_1_336' title='bbox 353 4952 536 5029; x_wconf 89' lang='lat' dir='ltr'>mediocres,</span> <span class='ocrx_word' id='word_1_337' title='bbox 560 4952 694 5013; x_wconf 87' lang='lat' dir='ltr'>culinam</span> <span class='ocrx_word' id='word_1_338' title='bbox 710 4952 905 5028; x_wconf 81' lang='lat' dir='ltr'>forinsecam,</span> <span class='ocrx_word' id='word_1_339' title='bbox 923 4953 953 5013; x_wconf 94' lang='lat' dir='ltr'>in</span> <span class='ocrx_word' id='word_1_340' title='bbox 977 4972 1040 5032; x_wconf 91' lang='lat' dir='ltr'>qua</span> <span class='ocrx_word' id='word_1_341' title='bbox 1063 4952 1172 5013; x_wconf 75' lang='lat' dir='ltr'>fornax</span> <span class='ocrx_word' id='word_1_342' title='bbox 1188 4952 1326 5031; x_wconf 60' lang='lat' dir='ltr'>pistorea</span> <span class='ocrx_word' id='word_1_343' title='bbox 1342 4960 1455 5027; x_wconf 87' lang='lat' dir='ltr'>exstat,</span> <span class='ocrx_word' id='word_1_344' title='bbox 1472 4951 1632 5031; x_wconf 89' lang='lat' dir='ltr'>antiquam</span> 
     </span>
    </p>
   </div>
   <div class='ocr_carea' id='block_1_5' title="bbox 0 0 1972 5550">
    <p class='ocr_par' dir='ltr' id='par_1_14' title="bbox 0 0 1972 5550">
     <span class='ocr_line' id='line_1_43' title="bbox 0 0 1972 5550; baseline 0 1"><span class='ocrx_word' id='word_1_345' title='bbox 0 0 1972 5550; x_wconf 95' lang='lat' dir='ltr'> </span> 
     </span>
    </p>
   </div>
  </div>
 </body>
</html>
