3934 5550
1486 497 1567 572 291

379 716 524 787 Originale
543 718 730 785 protocollum
751 720 830 789 regni
850 734 984 790 congreg.
1005 736 1029 773 a.
1049 718 1128 775 1748.
1145 738 1172 788 p.
1192 722 1251 776 195.
1265 722 1295 774 ln
1318 723 1432 776 archivo
1447 739 1550 793 regnor

273 804 313 873 C.‚
332 806 360 859 S.
380 810 410 860 et
428 806 461 859 D.
482 806 642 878 Zagrabiae.

660 1094 664 1103 ’
767 1094 769 1097 ’
860 1128 968 1207 aar.

380 1351 472 1413 Anno
500 1347 591 1410 1749.
621 1349 765 1413 15.-17.
789 1350 928 1413 ianuarii.

380 1567 472 1627 Anno
501 1563 591 1623 1749.
621 1563 667 1624 15.
692 1564 822 1625 ‘ianuarii
846 1584 902 1644 per
925 1566 1096 1646 Georgium
1113 1568 1260 1626 loannem
1284 1568 1466 1641 lanczetich,
1484 1566 1550 1627 uui·

276 1674 432 1734 versitatis
449 1674 597 1733 nobilium
621 1672 734 1751 Campi
758 1674 937 1752 Turopolya
958 1675 1173 1734 vicecomitem
1191 1684 1377 1749 terrestrem,
1401 1685 1431 1735 et
1455 1678 1550 1735 Frau-

274 1783 390 1844 ciscum
415 1782 543 1841 tludich
568 1782 708 1842 eiusdem
733 1780 845 1869 Campi
870 1782 1004 1842 iuratum
1029 1802 1232 1859 assessorem,
1252 1803 1291 1843 ex
1307 1786 1357 1843 die
1374 1782 1403 1844 8.
1420 1784 1551 1845 ianuarii

279 1890 370 1951 1749.
403 1892 434 1950 111
469 1891 563 1949 domo
596 1889 799 1950 consistoriali
831 1890 984 1951 Goriczae
1016 1891 1122 1950 habito
1150 1911 1322 1973 congressu
1347 1912 1551 1967 assessorum,

274 1999 419 2057 inchoata
444 2006 491 2057 est
516 1996 702 2073 conscriptio
724 1996 870 2056 nobilium
895 1998 925 2056 in
949 1998 1115 2071 montibus,
1139 2019 1195 2057 seu
1219 2007 1307 2076 parte
1331 2000 1482 2078 superiori
1507 2000 1550 2058 iu-

275 2105 460 2165 risdictionis
484 2104 597 2183 Campi
621 2106 807 2182 Turopolya·
823 2105 854 2164 in
879 2114 950 2179 tres,
983 2107 1118 2183 primam
1149 2108 1301 2180 videlicet,
1325 2108 1495 2167 secundam
1521 2118 1551 2167 et

274 2214 397 2272 tertiam
429 2212 546 2272 classes
578 2212 834 2287 reducendorum,
859 2231 896 2272 eo
921 2214 991 2289 fine,
1014 2223 1047 2273 ut
1072 2215 1173 2293 quivis
1204 2215 1352 2274 nobilium
1381 2217 1550 2275 eorundem

270 2320 434 2399 asingula
468 2320 561 2379 domo
599 2323 622 2381 l.
655 2319 764 2379 classis
788 2320 854 2378 flor.
878 2316 907 2393 3,
940 2318 968 2381 2.
993 2322 1080 2395 duos,
1106 2317 1134 2380 3.
1159 2341 1251 2399 porro
1279 2324 1289 2383 1
1319 2322 1471 2381 florenum
1495 2343 1550 2401 pro

268 2426 500 2486 continuatione
535 2426 650 2486 laboris
687 2426 796 2505 coepti,
830 2446 886 2485 seu
917 2426 1108 2504 perfectione
1144 2428 1262 2487 castelli
1287 2427 1461 2501 Lukavecz‚
1492 2430 1551 2489 hoc

268 2534 361 2594 modo
386 2552 442 2611 pro
466 2534 625 2612 praesenti
649 2534 813 2593 dumtaxat
837 2534 1070 2594 circumstantia
1093 2535 1186 2595 iudici
1209 2555 1275 2607 suo,
1304 2536 1353 2595 ille
1379 2555 1453 2594 vero
1483 2556 1551 2615 per-

268 2640 387 2719 cepturi
411 2641 588 2715 constituto‚
613 2641 738 2701 domino
764 2642 907 2701 videlicet
932 2642 1065 2702 Nicolao
1101 2642 1241 2701 Mathiae
1273 2642 1419 2717 blessich,
1451 2644 1552 2721 prouti

269 2749 449 2810 conclusum
483 2756 530 2808 est
562 2748 592 2809 in
625 2748 707 2809 dicto
739 2768 922 2828 congressu,
947 2750 1026 2809 terat
1050 2756 1081 2809 et
1104 2750 1250 2828 deponat.
1275 2750 1383 2830 Pagus
1408 2750 1552 2811 Markus-

268 2876 381 2917 sevecz
411 2857 506 2917 habet
536 2856 647 2916 domus
679 2855 708 2932 7,
740 2857 894 2917 iudicatus
919 2858 1144 2937 Dragonosecz
1177 2856 1219 2917 56
1254 2857 1358 2921 (iudex
1394 2857 1552 2939 Georgius

269 2965 495 3038 Bartholchich,
535 2965 713 3024 tabellarius
752 2965 901 3026 Nicolaus
940 2965 1122 3041 Radenich),
1161 2966 1315 3025 iudicatus
1356 2966 1551 3026 Bukovchak

268 3073 379 3136 domus
416 3071 454 3132 10
487 3072 589 3148 (iudex
615 3073 765 3132 Matthias
796 3074 921 3150 Soczy)‚
950 3073 1106 3133 iudicatus
1130 3073 1340 3133 Volromerich
1364 3073 1401 3132 21
1431 3075 1551 3146 domus,

270 3179 422 3240 iudicatus
438 3181 653 3240 Pervonosina
675 3179 696 3240 6
721 3181 832 3241 domus
857 3183 961 3258 (iudex
987 3183 1121 3242 loannes
1137 3182 1378 3255 Pervouosecz),
1396 3181 1551 3240 iudicatus

269 3287 449 3365 Czeroszlry
472 3289 558 3349 Verh
582 3295 613 3348 et
635 3289 776 3348 larebicb
801 3291 912 3349 domus
940 3287 983 3348 30
1008 3289 1199 3365 (tabellarius
1222 3290 1357 3349 loannes
1371 3289 1550 3367 Szpudich),

269 3397 422 3456 iudicatus
446 3396 660 3455 szetkovich
684 3396 788 3456 Berdo
820 3397 932 3456 domus
961 3396 999 3456 10
1024 3397 1127 3472 (iudex
1152 3398 1285 3456 loannes
1310 3395 1548 3469 szetkovich),

269 3505 422 3564 iudicatus
455 3505 621 3564 Dubrancz
654 3505 766 3565 domus
806 3503 845 3564 19
877 3505 980 3580 (iudex
1017 3505 1153 3564 Michael
1184 3505 1335 3581 Kerpecz‚
1370 3503 1551 3562 tabellarius

269 3613 402 3671 loannes
432 3612 576 3688 Suuecz),
605 3612 760 3672 iudicatus
791 3612 1012 3671 Gusztelnicza
1043 3612 1156 3670 domus
1184 3609 1217 3671 ll
1258 3610 1362 3685 (iudex
1397 3610 1551 3669 Martinus

271 3720 407 3796 Felyanl.
432 3720 465 3778 ln
489 3727 554 3779 toto
583 3719 643 3781 179
668 3722 779 3779 domus
795 3721 973 3798 obligantur
997 3720 1063 3779 flor.
1088 3717 1162 3778 292.
1187 3719 1357 3776 Praeterea
1373 3718 1551 3776 vicecomes

269 3826 443 3886 lanczetich
468 3826 547 3885 inter
570 3827 744 3886 curialistas
768 3827 833 3886 1101.
858 3825 888 3902 4,
913 3845 1057 3885 assessor
1080 3824 1217 3884 Matlrias
1242 3820 1405 3883 Gallovicb
1430 3824 1496 3883 flor.
1520 3821 1549 3884 4.

270 3935 303 3993 111
327 3941 392 3994 toto
417 3929 482 3995 300
505 3935 572 3997 flor.

377 4073 522 4146 Originalc
542 4075 570 4128 in
590 4076 704 4130 archivo
722 4091 863 4130 commun.
884 4076 949 4129 nob.
969 4075 1006 4154 de
1024 4073 1190 4144 Turopolje:
1209 4071 1450 4142 Conscriptiones.
