3934 5550
397 372 458 438 1⁴6

500 591 681 651 Publicatae
705 601 777 649 sunt
800 590 860 648 hae
884 588 992 648 literae
1026 588 1163 647 armales
1195 588 1226 647 in
1257 586 1398 667 generali
1421 587 1511 666 regni
1542 606 1674 668 congre-

393 700 521 780 gatione
547 718 573 762 a.
603 694 694 759 1663.
722 695 769 757 12.
795 696 980 757 decembris,

497 839 644 911 Originale
670 840 893 903 membraneum,
921 836 1066 905 appendet
1085 836 1216 906 sigillum.
1239 836 1324 904 Apud
1344 837 1412 889 nob.
1430 836 1565 889 loannem
1585 835 1675 902 Trup·

394 930 474 985 david
489 931 517 983 in
536 930 648 985 Kobilie
667 929 718 984 No.
737 929 762 983 6.
783 956 815 967 -
835 927 991 994 Vitezovic',
1010 926 1167 997 mjesetnik
1185 943 1218 980 ra
1236 927 1416 997 genealogiJ'u
1433 932 1494 995 etc.
1520 925 1539 979 1.
1559 942 1587 993 p.
1614 924 1675 979 139.

504 1450 597 1511 Anno
627 1447 718 1514 1659.
743 1446 795 1510 28.
819 1448 1008 1509 novembris.
1029 1448 1166 1509 Posotrsr.

396 1644 587 1731 Leopoldus
618 1609 885 1726 L'Hungariae
915 1645 974 1708 etc.
1008 1662 1077 1721 rex,
1107 1609 1238 1705 nobiles
1271 1640 1395 1726 Compi
1422 1600 1676 1727 Zagrabiensis

395 1772 456 1817 seu
486 1749 742 1837 Turopolieraris
772 1748 920 1813 tuitioni
949 1746 1042 1827 barri,
1072 1747 1232 1814 vicebani
1262 1751 1321 1815 etc.
1345 1748 1385 1813 in
1407 1768 1513 1835 regno
1536 1747 1674 1814 Sclauo-

754 1858 834 1926 niae
857 1855 1069 1937 constitutis,
1092 1854 1316 1923 commendat.

504 2075 682 2154 Leopoldus
717 2073 767 2134 dei
804 2072 907 2154 gratia
943 2073 1061 2133 electus
1095 2074 1308 2133 Romanorum
1352 2073 1521 2151 imperator
1550 2092 1676 2152 semper

398 2193 562 2263 augustuS,
586 2202 623 2243 ac
646 2179 846 2255 Germaniae,
877 2180 1070 2261 Hungariae‚
1101 2180 1280 2253 Bohemiae,
1309 2181 1493 2255 Dalmatiae,
1517 2179 1675 2255 Croatiae,

398 2291 585 2353 Sclauoniae
618 2297 675 2350 etc.
708 2308 771 2362 rex,
803 2286 952 2347 archidux
976 2286 1132 2362 Austriae,
1156 2289 1219 2346 dux
1243 2288 1453 2367 Burgundiae,
1478 2287 1675 2363 Brabantiae,

398 2398 531 2476 Styriae,
555 2396 747 2469 Corinthiae,
770 2394 957 2468 Carnioliae,
981 2394 1122 2454 marchio
1144 2395 1319 2470 Morauiae,
1343 2413 1449 2455 comes
1472 2395 1673 2475 Habspurgy,

399 2504 522 2583 Tyrolis
554 2512 585 2565 et
616 2503 755 2563 Goritiae
780 2512 847 2577 etc,
871 2502 1014 2563 fidelibus
1045 2501 1160 2582 nostris
1184 2502 1342 2563 universis
1365 2510 1396 2562 et
1419 2502 1562 2582 singulis,
1587 2520 1675 2580 spec·

398 2612 483 2673 tabili
508 2632 546 2672 ac
569 2611 738 2691 magnifico
762 2610 867 2671 comiti
891 2610 1021 2670 Nicolao
1053 2618 1205 2690 perpetuo
1230 2630 1248 2670 a
1271 2609 1385 2685 Zrinio,
1415 2610 1570 2669 dictorum
1601 2628 1672 2688 reg·

398 2739 509 2781 norum
533 2726 710 2780 nostrorum
734 2717 919 2792 Dalmatiae,
929 2717 1086 2799 ,Croatiae
1108 2727 1140 2778 et
1161 2718 1349 2779 Sclauoniae
1365 2719 1456 2794 bano,
1473 2717 1675 2778 comitatuum

399 2827 594 2890 Zaladiensis
620 2835 651 2886 et
673 2827 891 2908 Simighiensis
920 2845 1066 2906 supremo
1090 2827 1203 2903 comiti,
1232 2845 1408 2907 agazonum
1433 2834 1608 2886 nostrorum
1633 2845 1678 2886 re·

399 2936 518 3018 galium
541 2934 572 2994 in
597 2931 760 3014 Hungaria
794 2931 954 3012 magistrO,
978 2933 1126 3011 praesidii
1149 2933 1248 2993 nostri
1277 2931 1500 3014 Legradiensis
1532 2951 1678 3011 supremo

399 3044 573 3122 capitane0,
609 3039 781 3100 camerario
812 3049 844 3099 et
879 3039 1056 3100 consiliario
1087 3051 1210 3120 nostro;
1235 3040 1309 3100 item
1343 3041 1514 3122 magnifico
1543 3039 1677 3118 Caspari

399 3151 567 3227 Orahoczy
604 3149 642 3209 de
678 3147 886 3220 Orahouicza,
921 3147 1074 3208 dictorum
1098 3167 1267 3229 regnorum
1290 3157 1468 3210 nostrorum
1491 3149 1677 3222 Dalmatiae,

400 3259 549 3319 Croatiae
581 3266 611 3316 et
641 3254 829 3316 Sclauoniae
860 3255 1023 3337 viceban0,
1053 3256 1257 3317 comitatuum
1280 3256 1504 3337 Zagrabiensis
1528 3266 1559 3316 et
1582 3255 1678 3316 Crisi-

401 3367 485 3428 ensis
508 3383 655 3445 supremo
679 3362 792 3435 comiti,
816 3383 854 3423 ac
877 3363 1024 3443 praesidii
1043 3364 1141 3427 nostri
1162 3365 1277 3425 Brezth
1293 3365 1467 3444 capitaneo,
1483 3363 1679 3444 caeterisque

400 3474 518 3534 cunctis
542 3472 710 3532 baronibus
734 3481 828 3550 atque
852 3468 1061 3552 magnatibus,
1083 3481 1211 3538 necnon,
1221 3472 1359 3553 egregiis
1383 3481 1415 3532 et
1437 3471 1601 3546 nobilibus,
1615 3471 1679 3551 sig·

401 3561 490 3642 nater
523 3588 628 3640 autern
660 3578 841 3658 capitaneis
873 3557 1125 3658 vicecapitaneis,
1155 3579 1342 3655 vexilliferis,
1374 3579 1606 3640 centurionibus
1641 3597 1679 3638 ac

400 3688 628 3762 decurionibus,
659 3688 716 3747 sed
746 3695 777 3746 et
808 3686 875 3747 aliis
907 3706 1105 3766 quocumque
1133 3686 1257 3747 militari
1280 3687 1384 3748 officio
1414 3686 1617 3769 frangentibus
1649 3694 1681 3746 et

401 3797 503 3857 ubivis
532 3795 563 3854 in
596 3795 679 3855 dicto
709 3813 810 3875 regno
841 3803 947 3855 nostro
978 3795 1166 3856 Sclauoniae
1197 3795 1401 3856 existentibus
1432 3803 1463 3856 et
1495 3792 1680 3870 constitutis,

401 3910 584 3983 praesentes
620 3911 743 3962 nostras
779 3903 900 3978 visuris,
936 3911 990 3962 aut
1024 3904 1088 3983 legi
1120 3903 1279 3979 audituris,
1304 3905 1437 3963 salutem
1473 3911 1504 3964 et
1534 3901 1680 3983 gratiam.

402 4011 575 4092 Conquesti
607 4020 678 4070 sunt
710 4011 867 4070 maiestati
897 4019 1024 4070 nostrae
1055 4010 1164 4070 fideles
1199 4011 1297 4071 nostri
1328 4030 1435 4071 comes
1464 4010 1621 4070 terrestris
1644 4029 1682 4069 ae

405 4127 473 4180 tota
496 4119 684 4178 universitas
708 4119 856 4178 nobilium
880 4118 994 4197 Campi
1009 4118 1234 4198 Zagrabiensis
1259 4137 1316 4178 seu
1338 4117 1583 4196 Tuiopoliensis,
1599 4116 1682 4196 quod

402 4229 476 4288 licet
510 4227 568 4305 ipsi
601 4226 753 4286 haberent
785 4234 870 4285 certa
903 4226 1068 4306 privilegia
1099 4235 1131 4286 et
1161 4227 1328 4300 libertates,
1362 4245 1381 4286 a
1412 4226 1492 4286 divis
1523 4225 1682 4304 quondam

406 4334 590 4414 Hungariae
606 4333 744 4413 regibus,
761 4333 1048 4412 augustissimaque
1064 4335 1158 4394 domo
1182 4342 1287 4392 nostra
1305 4332 1480 4406 Austriaca,
1497 4333 1682 4411 praedeces-

407 4443 528 4502 soribus
564 4441 708 4501 videlicet
742 4441 856 4503 nostris
880 4441 955 4520 ipsis
980 4443 1063 4510 data,
1087 4451 1118 4500 et
1142 4459 1199 4517 per
1230 4440 1404 4519 genitorem
1435 4439 1507 4498 olim
1543 4447 1682 4498 nostrum

402 4549 701 4610 desideratissimum
728 4548 934 4632 beatissimae
953 4549 1123 4610 memoriae
1139 4548 1372 4607 Ferdinandum
1394 4548 1520 4607 tertium
1544 4547 1682 4625 benigne

403 4658 603 4730 confirmata;
637 4665 743 4718 essent
773 4666 877 4717 tamen
909 4657 1057 4734 plerique,
1089 4656 1141 4735 qui
1172 4657 1326 4716 eiusmodi
1356 4657 1495 4733 ipsorum
1519 4654 1683 4732 privilegia

407 4787 468 4826 non
492 4765 707 4838 observarent,
731 4765 788 4826 sed
810 4765 842 4825 in
866 4765 1010 4824 domibus
1035 4765 1204 4824 eorundem
1221 4765 1373 4823 violenter
1389 4764 1684 4836 condescenderent,

410 4873 569 4952 quarteria
593 4891 717 4952 quoque
742 4875 881 4933 locarent
905 4873 1020 4932 ibidem
1045 4884 1076 4933 et
1099 4872 1279 4952 dirigerent,
1301 4871 1685 4950 omnem'suppellectilem
