3934 5550
413 385 458 451 60

415 624 472 684 per
494 624 545 665 me
568 604 754 683 magistrum
779 601 956 665 Emericurn
980 601 1078 665 Pethe
1103 604 1142 664 de
1167 600 1296 677 Hetires,
1314 600 1585 682 prothonotarium
1604 600 1693 685 regni

411 733 451 777 m.
476 733 505 792 p.

514 836 662 907 Originale
680 835 863 889 chartaceum
883 836 911 889 in
930 835 1022 891 forma
1033 836 1095 891 libri
1115 837 1299 894 membranae
1311 836 1438 902 inuoluti,
1458 843 1488 890 et
1500 852 1571 890 aona
1586 836 1696 889 sericea

410 927 475 993 albi,
495 927 581 993 rubri,
599 926 672 996 nigri
696 931 726 979 et
743 925 842 983 viridis
867 924 971 982 coloris
994 940 1108 982 nexum.
1128 926 1159 982 ln
1185 924 1284 981 ultima
1302 927 1406 996 pagina
1424 925 1496 985 inira
1517 941 1691 994 appressurn

408 1021 454 1069 est
471 1015 603 1087 sigillum,
622 1030 680 1084 quo
699 1014 776 1069 dicta
794 1030 865 1069 zona
883 1015 968 1068 etiam
989 1015 1140 1085 obsigilata
1159 1021 1212 1069 est.
1231 1014 1263 1069 ln
1282 1015 1396 1071 archivo
1415 1030 1558 1074 commun.
1571 1015 1638 1075 nob.
1658 1014 1695 1069 de

411 1104 575 1175 Turopolje.

518 1249 525 1277 ¹
545 1265 569 1303 a
590 1249 667 1307 1554.
685 1248 710 1313 2.
730 1249 806 1305 iunii.
845 1247 900 1311 ’5.
922 1248 1000 1304 1555.
1020 1246 1063 1303 30.
1083 1264 1141 1316 apr.
1181 1249 1281 1303 ’baec
1299 1249 1354 1309 tria
1381 1250 1469 1308 uerba
1494 1249 1601 1317 scripta
1629 1255 1696 1305 suut

408 1355 496 1409 supra
515 1339 629 1403 lineam.
656 1340 687 1393 In
713 1338 788 1393 linea
820 1339 954 1403 ‚uestris‘
979 1338 1114 1395 deletum.
1152 1338 1206 1397 ⁴a.
1236 1338 1313 1407 1555,
1338 1338 1380 1393 15.
1406 1339 1552 1396 novembr.
1592 1338 1695 1403 'auno

411 1429 488 1483 1555.
502 1427 677 1482 linemensis
696 1428 828 1482 novemb.
867 1427 1135 1491 ‘amoarium
1175 1428 1461 1495 ⁷a.15ir7.7.mali.
1500 1428 1553 1483 ⁸a.
1574 1426 1651 1487 1555.
1672 1426 1696 1479 7.

411 1518 533 1590 augusti.
572 1517 775 1572 ’5155525
790 1517 864 1570 maii.
905 1513 925 1545 ‘⁹
944 1534 968 1572 a.
989 1516 1067 1571 1560.
1087 1518 1111 1573 3.
1123 1519 1224 1572 martii.
1267 1516 1286 1547 ¹¹
1305 1534 1330 1572 a.
1351 1516 1597 1572 15651555αηί1.
1640 1514 1658 1543 ¹²
1669 1530 1694 1567 a.

412 1608 489 1663 1524.
515 1608 540 1662 4.
566 1608 710 1662 decembr.
735 1607 810 1661 Vide
829 1605 891 1660 Vol.
910 1607 943 1661 ll.
962 1607 1008 1661 Νι.
1028 1607 1088 1663 298.
1132 1608 1151 1638 ”
1169 1625 1193 1662 a.
1214 1608 1285 1663 1520
1313 1610 1355 1663 11.
1383 1608 1459 1662 iunii.
1485 1607 1560 1661 Vide
1578 1604 1641 1661 Vol.
1661 1605 1694 1657 ll.

410 1697 454 1752 No
473 1696 534 1751 267.
576 1696 599 1727 ¹⁴
624 1714 648 1750 a.
681 1696 760 1751 1525.
785 1695 828 1749 28.
854 1697 964 1749 octobr.
990 1696 1144 1753 Videvol.
1170 1696 1351 1751 11115501.
1393 1697 1414 1727 ¹⁵
1432 1714 1456 1751 a.
1476 1696 1554 1752 1550.
1574 1696 1600 1751 9.
1619 1693 1695 1757 maii,

412 1786 432 1815 ¹⁸
451 1802 476 1850 a.
496 1785 575 1846 1565.
603 1786 646 1841 22.
665 1785 771 1854 aprilis.
793 1786 814 1813 ¹⁷
832 1801 855 1839 a.
876 1785 954 1845 1565.
973 1784 999 1839 8.
1020 1786 1123 1854 aprilis.
1166 1785 1230 1841 ”a
1252 1785 1487 1847 monaterii.
1530 1786 1551 1817 ¹⁸
1570 1801 1594 1849 a
1615 1784 1683 1849 1511

408 1876 433 1934 6.
453 1877 507 1936 iau.
546 1875 571 1905 '⁰
589 1892 613 1931 a.
634 1877 711 1933 1571.
726 1877 769 1930 22.
782 1877 837 1932 iau.
875 1874 1160 1941 ”armonian
1199 1876 1222 1905 ¹²
1243 1877 1284 1936 sic
1299 1874 1563 1945 (nouvenientiam).
1602 1875 1624 1905 ¹⁸
1643 1876 1693 1935 sic.

411 1963 436 1996 ”
463 1983 489 2021 a.
517 1964 595 2020 1580.
622 1965 751 2020 autulii.
789 1963 815 1995 '⁶
839 1981 863 2020 a.
890 1964 967 2028 1580.
995 1964 1036 2027 19.
1059 1971 1131 2034 sept.
1171 1965 1486 2031 ”5.1582.25.15Ιί1.
1526 1965 1547 1997 ¹⁷
1567 1963 1645 2019 1582.
1665 1963 1691 2018 6.

411 2056 567 2124 septembr.
606 2054 629 2084 ²⁸
654 2071 678 2108 a.
705 2054 783 2109 1557.
810 2054 834 2108 1.
861 2054 935 2107 maii.
973 2052 998 2084 ¹⁹
1017 2070 1041 2107 a.
1069 2054 1146 2108 1582.
1167 2054 1209 2109 25.
1229 2054 1296 2109 iulii.
1335 2054 1525 2110 ὀ15555555
1543 2055 1632 2108 verba
1649 2052 1694 2106 bis

408 2145 516 2212 scripta
533 2151 693 2199 occurrunt.
732 2144 825 2199 ”sic
1229 2166 1231 2169 ·

518 2595 610 2656 Anno
638 2593 729 2657 1584.
758 2593 806 2657 14.
830 2596 1024 2675 septembris.
1048 2598 1082 2657 ln
1105 2597 1181 2657 Also
1206 2571 1393 2675 Lomnyeza

416 2752 544 2820 Coram
568 2752 751 2823 Benedicta
772 2754 948 2836 Arianae,
971 2756 1092 2822 comite
1116 2757 1272 2823 terrestri
1296 2756 1419 2838 camai
1440 2756 1693 2846 Zagvabr‘ensm

417 2861 601 2946 Georgius,
632 2861 790 2942 loannes,
816 2861 958 2928 Blasius
990 2868 1092 2950 alque
1115 2865 1292 2930 Antonius
1315 2864 1563 2951 Kokotlrowych
1594 2865 1695 2940 aliter

416 2967 621 3055 Czrganyclr,
643 2973 676 3033 el
699 2969 888 3034 Ladisiaus
910 2971 1156 3058 Brukowachky
1184 2973 1353 3059 quasdam
1376 2977 1490 3040 tarrae
1512 2973 1693 3039 cambiavit.

518 3151 585 3215 Nos
608 3152 798 3224 Benedictus
821 3153 969 3225 Arbanaz
997 3157 1037 3230 de
1059 3157 1137 3221 Also
1167 3159 1377 3240 Lompnycaa,
1401 3178 1507 3232 comes
1537 3157 1693 3232 terrestris

411 3258 560 3323 nobilium
591 3257 705 3339 Campi
739 3261 972 3343 Zagrabiensis,
1002 3263 1152 3331 memorie
1188 3267 1444 3336 commendamus
1479 3277 1588 3338 tenore
1623 3283 1692 3346 pre·

413 3365 554 3429 sencium
586 3366 800 3457 significantes
833 3369 946 3458 quibus
977 3371 1102 3450 expedit
1134 3372 1297 3449 universis,
1328 3375 1410 3456 quod
1438 3373 1561 3458 providi
1593 3371 1691 3442 Geor·

412 3473 493 3553 gius,
517 3472 657 3549 loannes,
680 3474 804 3541 Blasius
828 3484 860 3538 et
882 3476 1060 3540 Anthonius
1083 3479 1325 3557 Kokothowych
1348 3481 1436 3554 aliter
1450 3481 1634 3564 Cziganycb
1652 3480 1692 3540 de

412 3580 610 3658 Petrowyua‚
634 3582 674 3641 ab
697 3601 769 3658 una,
792 3601 913 3654 necnon
938 3585 1087 3667 egregius
1110 3587 1276 3648 Ladislaus
1300 3587 1533 3672 Burlrowachky
1557 3588 1596 3658 de
1621 3587 1691 3658 Bw·

413 3689 575 3778 kowycza,
599 3688 739 3768 partibus
763 3690 803 3750 ab
827 3691 934 3767 altera,
957 3711 1063 3762 coram
1087 3693 1176 3757 nobis
1200 3695 1404 3783 personaliter
1427 3695 1594 3770 constituti,
1617 3711 1690 3756 one·

413 3797 499 3859 ribus
533 3805 564 3864 et
599 3797 787 3881 quibuslibet
818 3800 1055 3878 gravaminibus
1087 3801 1304 3874 universorum
1335 3803 1473 3880 fratrum,
1504 3801 1690 3890 consangui-

412 3923 552 3978 neorum,
584 3904 731 3978 affinium,
760 3905 893 3989 prolium
925 3926 1052 3978 suorum
1083 3908 1114 3971 in
1145 3928 1179 3970 se
1202 3909 1289 3989 ipsos
1312 3929 1368 3990 per
1395 3910 1500 3974 omnia
1524 3907 1692 3988 assumptis

411 4020 443 4073 et
466 4011 587 4087 levatis,
610 4021 784 4095 spontanea
808 4021 841 4074 et
861 4013 961 4077 libera
984 4033 1091 4088 eorum
1119 4018 1278 4090 voluntate
1303 4019 1446 4082 dixenmt
1469 4027 1500 4083 et
1523 4025 1596 4084 sunl
1618 4035 1691 4086 ouu-

412 4119 488 4186 iessi
519 4119 551 4183 in
582 4119 664 4182 hunc
697 4121 841 4191 modurn:
874 4123 1033 4200 quomodo
1064 4123 1123 4203 ipsi
1154 4133 1278 4193 matura
1301 4126 1382 4186 intra
1405 4145 1440 4200 se
1463 4126 1692 4198 deliberacione

410 4229 584 4308 prehabita,
612 4229 643 4294 iu
674 4230 764 4299 bonis
795 4239 827 4293 et
859 4231 976 4300 iuribus
1008 4231 1147 4312 ipsorum
1170 4234 1426 4312 possessionariis
1449 4234 1690 4306 infradeclarau·

413 4335 469 4408 dis,
492 4336 587 4406 talem
619 4335 699 4408 inter
730 4355 765 4406 se.
797 4336 954 4412 fecissent.
988 4339 1052 4410 imo
1084 4340 1225 4414 feceruut
1258 4341 1503 4416 couemnbialern
1534 4349 1691 4422 permuta-

413 4442 535 4506 cionem
558 4453 709 4527 perpetuo
733 4445 924 4516 duraturam.
947 4446 1053 4512 Primo
1081 4448 1193 4526 prefati
1221 4448 1387 4530 Georgius,
1404 4451 1546 4526 loannes,
1569 4449 1692 4518 Blasius

413 4559 445 4612 et
466 4550 644 4621 Anthonius
667 4551 886 4630 Kokotowych
914 4555 1075 4632 quandam
1098 4563 1213 4623 terram
1238 4555 1388 4622 arabilem
1404 4559 1575 4627 eorundem
1598 4559 1692 4626 Roth·

412 4677 545 4734 nyczarn
582 4667 736 4733 vocatam,
759 4659 790 4718 in
822 4661 979 4725 territorio
1012 4664 1220 4742 possessionis
1255 4665 1405 4746 Superior
1435 4668 1630 4742 kaaweoa,
1661 4669 1692 4740 in

413 4762 537 4844 Campo
561 4772 593 4825 et
615 4766 764 4826 comitatu
789 4768 996 4848 Zagrabiensi
1021 4771 1206 4834 existentem
1239 4781 1270 4837 et
1300 4773 1449 4850 babilam,
1479 4775 1528 4840 cui
1560 4776 1600 4840 ab
1631 4776 1691 4838 ori·

412 4881 483 4930 ente
509 4881 540 4932 et
563 4872 725 4934 occidente
749 4883 830 4939 terre
865 4877 999 4941 arabiles
1023 4878 1134 4957 prefati
1159 4879 1295 4943 Ladislai
1319 4882 1563 4961 Bwlrowachlcy,
1586 4903 1605 4942 a
1628 4903 1692 4945 me·
