3934 5550
395 400 462 465 604

392 617 577 697 productam
608 614 838 694 inquisitionem
870 622 979 674 contra
1002 607 1258 687 Hrelichianam,⁴
1293 622 1359 673 tum
1392 613 1466 691 quia
1495 613 1669 692 respective

394 732 493 783 testes
516 722 654 782 infacto
677 722 876 800 praetensive
903 723 1029 800 proprio
1054 728 1217 782 versantes
1249 719 1369 780 admitti
1398 719 1571 798 nequirent,
1605 728 1670 780 tum

395 831 469 910 quia
500 850 567 890 rem
599 829 736 908 opinioni
759 829 864 908 potius
895 831 1040 908 propriae
1063 847 1227 908 vanaeque
1258 827 1474 906 imaginationi
1502 828 1674 904 credentes

396 939 482 1018 quod
506 939 590 998 nulla
613 937 797 998 certitudine
821 937 1000 997 firmassent
1023 945 1194 1011 narrarent,
1218 944 1284 995 tum
1305 936 1430 995 demum
1447 935 1520 1014 quia
1537 944 1674 995 assertas

397 1045 580 1105 inimicicias
605 1063 707 1124 neque
727 1044 936 1124 legitimarent
952 1063 1054 1123 neque
1079 1045 1208 1104 effectus
1237 1051 1374 1102 assertos
1398 1049 1669 1116 remonstrassent,

393 1160 447 1212 aut
469 1161 680 1212 remonstrare
709 1153 857 1226 valerent,
880 1151 1083 1212 reiiciendum
1109 1150 1224 1223 venire,
1248 1167 1345 1227 quare
1369 1147 1551 1226 praemissis
1575 1148 1667 1208 etiam

391 1267 441 1318 sat
464 1277 620 1338 superque
644 1258 786 1318 deductis
809 1257 918 1318 totalia
942 1267 1195 1336 praeerectarum
1215 1264 1324 1316 contra
1340 1263 1461 1333 partem
1485 1255 1516 1315 in
1541 1274 1671 1315 causam

393 1373 558 1426 attractam
583 1366 739 1425 actionum
774 1365 886 1425 merita
916 1367 1064 1445 negando
1095 1373 1127 1425 et
1158 1365 1197 1424 ad
1230 1373 1332 1442 caput,
1361 1363 1391 1422 in
1424 1361 1540 1422 viribus
1575 1362 1668 1422 etiam

391 1472 677 1552 praeallegatorum
700 1490 826 1532 suorum
851 1473 984 1532 eandem
1002 1481 1123 1551 partem
1147 1472 1178 1530 in
1202 1489 1330 1530 causam
1349 1477 1513 1529 attractam
1529 1470 1667 1546 liberam,

389 1579 558 1639 immunem
582 1588 613 1639 et
636 1580 676 1639 de
699 1579 830 1657 simplici
854 1587 947 1659 atque
972 1581 1065 1658 pleno
1090 1579 1264 1638 absolutam
1297 1577 1423 1637 decerni
1448 1577 1591 1637 instando
1615 1595 1663 1636 re·

389 1695 495 1745 servat
517 1688 717 1749 reservando,

496 1795 557 1853 Pro
581 1802 687 1854 actore
711 1814 805 1874 super
832 1795 1012 1873 praemissis
1036 1794 1246 1873 procuratoris
1271 1794 1301 1853 in
1326 1809 1454 1852 causam
1479 1799 1668 1852 atractarum

390 1901 533 1982 allegatis
565 1904 769 1980 protestando
800 1903 986 1983 praeprimis
1017 1922 1073 1982 pro
1098 1902 1256 1982 exigentia
1286 1901 1439 1962 eiusmodi
1463 1899 1667 1960 criminalium

390 2027 597 2086 processuum
614 2029 711 2070 causa
733 2011 765 2070 in
779 2011 890 2071 merito
913 2012 976 2071 iam
992 2019 1138 2071 versante
1162 2017 1283 2090 partem
1301 2009 1331 2068 in
1348 2027 1476 2068 causam
1501 2015 1665 2067 attractam

389 2115 430 2174 ad
452 2114 599 2176 iudicium
623 2137 748 2196 quoque
772 2126 923 2196 praesens
948 2119 1021 2194 (fine
1046 2118 1263 2178 observandae
1287 2117 1458 2177 earundem
1482 2115 1513 2176 iu
1537 2133 1665 2176 causam

389 2229 591 2282 attractarum
614 2243 820 2302 personarum
851 2226 1018 2304 qualitatis,
1043 2225 1234 2303 aliarumque
1266 2225 1296 2283 in
1329 2223 1478 2284 similibus
1510 2223 1569 2282 arti
1601 2242 1666 2282 ma·

388 2330 479 2410 gicae
504 2331 616 2392 deditis
639 2333 782 2411 personis
806 2333 998 2393 considerari
1028 2334 1188 2398 solitarum
1220 2330 1532 2406 circumstantiarum)
1559 2350 1665 2409 perso·

387 2438 499 2498 naliter
523 2439 644 2514 adduci,
676 2440 789 2519 quibus
820 2441 963 2500 adductis
987 2449 1019 2500 et
1042 2439 1117 2500 visis
1149 2438 1311 2518 apparebit
1342 2437 1505 2498 manifeste
1537 2438 1664 2498 easdem

387 2545 418 2605 in
443 2565 572 2606 causam
603 2555 753 2607 attractas
784 2556 876 2627 prout
899 2556 931 2608 et
953 2548 1043 2626 primi
1075 2548 1192 2608 ordinis
1216 2546 1471 2625 suprainsertum,
1494 2545 1610 2625 pariter
1633 2547 1664 2605 in

386 2671 516 2712 causam
540 2661 691 2714 attractas
723 2671 875 2733 personas
909 2657 987 2715 viles
1011 2655 1151 2715 abiectae
1175 2654 1276 2730 sortis,
1300 2663 1332 2714 et
1353 2652 1528 2731 respective
1561 2673 1579 2712 a
1609 2673 1664 2732 po-

386 2759 456 2819 tiori
481 2779 583 2835 senes,
607 2780 725 2841 easque
750 2762 838 2838 tales,
862 2763 902 2823 de
925 2762 1038 2842 quibus
1061 2763 1112 2823 vel
1134 2761 1265 2823 modicis
1291 2759 1465 2821 observatis
1488 2759 1617 2835 iudiciis,
1634 2768 1664 2822 et

384 2876 472 2928 tanto
504 2869 607 2948 magis
637 2869 774 2930 fortibus
799 2870 831 2930 in
863 2870 1000 2931 medium
1034 2871 1177 2931 adductis
1207 2870 1313 2949 probis
1344 2868 1406 2928 tale
1435 2868 1542 2927 vitium
1574 2888 1663 2946 prae-

386 2975 511 3051 summi,
543 2976 606 3036 imo
629 2978 795 3055 probatum
823 2979 931 3039 haberi
954 2977 1091 3043 deberet.
1115 2978 1290 3038 Accederet
1313 2976 1353 3036 ad
1377 2976 1464 3050 haec,
1488 2976 1571 3054 quod
1602 2994 1664 3037 non

384 3083 429 3141 uti
460 3083 499 3142 ab
531 3085 666 3144 adverso
697 3087 911 3164 praetenditur
943 3087 1005 3165 (pie
1037 3094 1069 3146 et
1099 3106 1170 3146 cum
1202 3085 1261 3164 piis
1293 3084 1469 3145 hominibus
1494 3102 1663 3144 conversa-

384 3190 477 3250 tionis
501 3193 632 3252 eaedem
655 3193 687 3253 in
711 3213 840 3254 causam
865 3202 1016 3254 attractae
1041 3202 1155 3269 essent,
1180 3194 1254 3272 quin
1276 3193 1380 3272 potius
1404 3212 1476 3252 curn
1493 3192 1560 3253 aliis
1576 3192 1663 3273 sagis

385 3306 416 3356 et
438 3298 594 3375 pessimae
618 3301 804 3360 conditionis
833 3301 1012 3361 hominibus
1036 3322 1073 3361 ac
1098 3300 1277 3361 mulieribus
1308 3298 1558 3373 familiaritatem,
1590 3319 1662 3360 con-

384 3405 580 3465 svetudiuem
612 3416 644 3466 et
673 3407 814 3468 intimam
846 3408 1013 3469 amicitiam
1046 3409 1086 3468 ad
1119 3408 1260 3468 notitiam
1291 3406 1447 3486 publicam
1470 3407 1661 3484 habuissent,

383 3532 441 3572 nec
473 3513 601 3574 easdem
632 3523 663 3574 et
694 3516 828 3575 eundem
859 3516 891 3575 in
922 3535 1051 3575 causam
1085 3522 1249 3575 attractum
1274 3513 1368 3573 etiam
1392 3514 1554 3589 revelaret,
1577 3515 1661 3593 quod

382 3630 567 3698 procurator
598 3623 769 3682 earundem
803 3623 880 3683 alias
908 3641 1005 3703 sagas
1030 3631 1138 3683 contra
1162 3622 1290 3681 easdem
1314 3621 1521 3681 revelationes
1545 3630 1576 3681 et
1597 3621 1660 3681 fas-

384 3728 489 3788 siones
520 3729 671 3789 facientes
695 3730 823 3790 intamia
856 3731 931 3789 iuris
959 3732 1204 3790 commaculatas
1228 3748 1307 3803 esse,
1332 3737 1424 3789 etex
1449 3729 1509 3789 hoc
1531 3730 1660 3790 lassioni

383 3834 554 3895 earundem
579 3837 663 3896 credi
687 3856 749 3896 non
773 3838 888 3897 debere
916 3839 1110 3915 praetendat,
1143 3856 1215 3896 nam
1238 3836 1310 3896 licet
1333 3836 1364 3895 in
1388 3837 1457 3896 aliis
1480 3836 1660 3897 criminibus

381 3940 528 4000 facilioris
560 3941 696 4021 alioquin
727 3945 845 4021 probae
870 3944 991 4003 admitti
1015 3944 1078 4004 sors
1102 3945 1161 4014 boc
1185 3952 1300 4022 posset,
1324 3944 1355 4003 in
1379 3944 1529 4004 similibus
1553 3952 1658 4005 tamen

383 4057 491 4108 contra
516 4067 613 4129 sagas
641 4050 787 4110 institutis
818 4052 1018 4129 processibus
1041 4052 1102 4115 hoc
1125 4053 1301 4112 nullatenus
1325 4052 1445 4111 admitti
1468 4053 1595 4125 valeret,
1620 4072 1657 4113 cx

380 4175 443 4233 quo
474 4157 553 4216 tales
586 4157 644 4217 arti
675 4159 819 4237 magicae
850 4169 881 4219 et
911 4160 1084 4220 diabolicae
1116 4160 1212 4219 dediti
1238 4168 1269 4219 et
1292 4159 1426 4235 deditae,
1457 4159 1532 4218 nulli
1555 4161 1658 4240 magis

381 4271 524 4322 constant
555 4273 609 4323 aut
639 4274 782 4325 constare
813 4274 952 4344 possunt,
983 4286 1079 4346 quam
1111 4266 1179 4326 aliis
1203 4266 1343 4326 eiusdem
1368 4266 1460 4325 sortis
1484 4274 1514 4325 et
1538 4266 1658 4327 farinae

380 4370 531 4447 personis.
562 4370 630 4430 Nec
660 4372 765 4431 obstat
796 4372 909 4432 citatus
942 4373 981 4432 ab
1014 4374 1148 4433 adverso
1181 4372 1328 4432 articulus
1352 4370 1404 4433 60.
1428 4374 1532 4452 praxis
1557 4374 1658 4434 crimi-

378 4476 467 4551 nalis,
491 4496 562 4536 cum
586 4496 648 4537 non
666 4498 737 4552 una,
761 4481 810 4539 vel
833 4500 924 4556 unus,
948 4481 1006 4540 sed
1034 4481 1138 4559 plures
1161 4488 1269 4540 contra
1293 4478 1415 4559 aliquas
1438 4500 1551 4560 nempe
1568 4483 1658 4560 duae,

379 4593 452 4657 tres,
485 4591 594 4644 contra
626 4586 703 4645 alias
728 4593 759 4646 et
782 4586 803 4647 5
826 4586 930 4647 lassae
953 4588 1075 4661 fuerint,
1108 4596 1139 4648 et
1167 4588 1331 4649 relationes
1356 4608 1430 4649 suas
1456 4589 1658 4665 instituerint;

381 4692 529 4752 articulus
553 4701 658 4753 autem
682 4694 872 4772 praecitatus
900 4695 1000 4755 solum
1024 4696 1168 4775 loquitur,
1193 4698 1276 4775 quod
1299 4696 1379 4756 inter
1403 4697 1522 4777 reliqua
1544 4698 1658 4759 iudicia

378 4799 477 4859 utrius
508 4801 609 4860 solum
641 4819 740 4880 sagae
772 4801 869 4861 fassio
893 4804 933 4861 ad
959 4803 1188 4881 inquisitionem
1213 4805 1355 4879 sufficiat,
1380 4814 1609 4883 consequenter
1631 4808 1657 4867 si

375 4908 460 4968 idem
490 4908 637 4967 articulus
670 4909 750 4969 bene
781 4911 1003 4985 consideretur,
1035 4913 1103 4990 plus
1135 4922 1245 4974 contra
1268 4914 1430 4987 antelatas,
1462 4916 1494 4974 in
1527 4935 1656 4976 causam
