3934 5550
1013 604 1087 686 08.

449 745 457 799 '¹
514 784 606 842 Anno
635 771 727 843 1602.
752 772 804 843 28.
828 780 940 842 martii.
964 780 1100 842 Posonii.

404 902 562 1017 Mothites
586 909 759 1035 crebritate
786 906 963 1020 Austrioe,
983 938 1072 1003 bono
1104 935 1312 1017 Solonenica,
1333 934 1409 1003 eius
1440 910 1687 1022 viceagerenti,

403 1047 593 1133 capitaneis
623 1052 682 1122 cic.
703 1047 877 1133 praecipit,
900 1068 942 1111 ne
965 1046 1054 1111 bona
1078 1046 1243 1111 nobilium
1271 1046 1393 1132 Compi
1429 1045 1686 1131 Turopoliensis

783 1154 991 1241 potare
1009 1158 1247 1241 praesumant

509 1330 577 1399 Nos
615 1337 765 1399 Matthias
799 1333 850 1399 dei
874 1337 977 1426 gratia
1010 1316 1159 1399 archidux
1183 1336 1351 1411 Austriae,
1384 1337 1446 1397 dux
1471 1335 1682 1418 Burgundiae,

402 1442 573 1527 Styriae,
558 1447 750 1539 Carinthiae,
773 1438 941 1506 Carniolae
966 1465 1004 1506 ac
1026 1446 1291 1525 Wirttenbergae,
1315 1464 1422 1505 comes
1446 1443 1628 1525 Habspurgi
1653 1453 1684 1504 et

406 1555 545 1633 Tyrolis,
572 1575 609 1614 ac
633 1552 743 1615 sacrae
779 1572 929 1614 caesareo
955 1554 1132 1649 regiaeque
1155 1553 1338 1630 maiestatis,
1373 1552 1490 1614 domini
1525 1561 1556 1613 et
1579 1552 1682 1611 fratris

402 1664 500 1723 nostri
524 1661 801 1723 observandissimi
817 1645 1020 1742 gubernator,
1043 1680 1080 1721 ac
1103 1660 1261 1742 generalis
1285 1650 1476 1721 exercituum
1501 1660 1532 1719 in
1553 1660 1684 1740 Hunga-

403 1771 467 1830 riae
491 1770 676 1867 praefectus.
702 1768 863 1829 Universis
887 1778 919 1828 et
941 1768 1073 1849 singulis
1097 1768 1305 1867 praelibatae
1314 1787 1391 1829 suae
1408 1767 1579 1833 maiestatis
1596 1767 1680 1826 bano

401 1860 599 1955 Sclauoniae,
622 1877 752 1955 eiusque
775 1877 1009 1956 vicemgerenti,
1031 1876 1215 1955 capitaneis,
1241 1876 1425 1951 vexilliferis,
1449 1874 1682 1935 centurionibus

404 1993 435 2044 et
452 1985 687 2058 decurionibus,
711 1984 837 2062 reliquis
860 1984 1008 2044 militibus
1032 1984 1090 2043 sub
1113 1984 1230 2048 officio
1240 1983 1345 2050 banali
1377 1984 1532 2061 stipendia
1562 2001 1681 2041 meren·

403 2092 486 2151 tibus
510 2099 542 2151 et
565 2091 748 2183 constitutis,
773 2090 907 2171 gratiam
931 2098 1070 2150 nostram
1096 2101 1126 2151 et
1157 2110 1250 2151 omne
1281 2090 1420 2151 bonum.
1439 2089 1683 2168 Conqueruntur

404 2198 488 2290 apud
511 2201 570 2288 nos
592 2198 732 2279 graviter
755 2216 862 2258 eomes
885 2206 916 2257 et
936 2183 1006 2257 'tota
1037 2186 1225 2275 universitas
1256 2198 1403 2258 nobilium
1437 2196 1550 2275 Campi
1582 2197 1680 2254 'furo-

403 2305 494 2383 polia,
518 2302 650 2391 qualiter
674 2324 730 2364 vos
754 2324 840 2366 more
864 2323 992 2391 prorsus
1017 2303 1151 2365 hostili
1142 2325 1173 2365 ιιι
1196 2305 1265 2365 illos
1288 2303 1407 2384 passim
1430 2302 1603 2379 desaevire,
1628 2304 1682 2361 do-

403 2432 473 2472 mus
497 2432 605 2473 eorum
630 2412 812 2489 in[va]dere,
836 2420 867 2470 et
890 2430 1016 2472 omnem
1040 2412 1285 2490 suppellectilem
1316 2411 1432 2473 ibidem
1465 2420 1621 2489 repertam
1653 2410 1683 2469 in

402 2520 552 2597 praedam
576 2528 768 2593 convertere,
792 2538 830 2579 ac
853 2520 921 2578 aliis
952 2518 1099 2579 inauditis
1134 2520 1303 2579 sceleribus
1335 2520 1412 2580 citra
1447 2536 1572 2578 omnem
1607 2518 1681 2577 iuris

403 2647 586 2705 processum
609 2628 641 2687 in
664 2628 732 2687 illos
763 2627 951 2688 debacchari
986 2628 1121 2703 soleatis.
1159 2627 1263 2706 [Clum
1300 2637 1405 2687 autem
1440 2646 1498 2687 sua
1533 2626 1682 2686 maiestas

403 2753 562 2812 caesarea,
578 2735 724 2796 dominus
747 2743 780 2795 et
800 2735 896 2795 frater
919 2744 1025 2795 noster
1041 2734 1354 2812 observandissimus,
1370 2733 1526 2795 neminem
1544 2733 1681 2794 fidelium

401 2862 528 2903 suorum
551 2843 645 2903 rebus
669 2852 700 2903 et
723 2842 813 2903 bonis
835 2843 899 2902 suis
922 2842 1061 2903 indebite
1083 2843 1203 2921 privari·
1222 2844 1304 2918 velit,
1325 2839 1400 2922 'qua
1430 2854 1557 2923 propter
1591 2843 1678 2902 vobis

405 2949 581 3028 vniu[ersis]
608 2958 640 3010 et
662 2950 793 3030 singulis
817 2949 902 3010 hisce
927 2950 1063 3030 benigne
1088 2969 1125 3010 ac
1149 2951 1276 3010 fimriter
1292 2951 1487 3028 mandamus,
1512 2959 1546 3010 ut
1562 2969 1618 3010 vos
1642 2951 1681 3010 ab

403 3057 556 3118 eiusmodi
580 3056 728 3117 violentia
751 3065 788 3117 et
805 3058 1004 3138 grassatione
1028 3058 1130 3118 dictae
1147 3058 1340 3118 universitati
1353 3059 1502 3118 nobilium
1519 3058 1681 3118 inferenda

401 3165 582 3238 cohibeatis,
606 3147 829 3243 eosdemqub'
821 3184 852 3224 m
875 3165 1069 3225 libertatibus
1094 3173 1125 3225 et
1154 3165 1382 3262 praerogativis
1415 3181 1521 3226 eorum
1554 3184 1680 3226 conser-

401 3271 487 3349 vare,
510 3282 541 3331 et
564 3281 674 3331 contra
696 3269 890 3349 impetitores
913 3281 946 3331 et
968 3273 1145 3332 turbatores
1176 3253 1345 3333 defendere
1375 3272 1516 3334 debeatis
1540 3281 1571 3333 et
1593 3282 1680 3332 tene·

402 3378 505 3439 amini.
529 3376 598 3438 Nec
630 3397 722 3438 secus
752 3376 898 3456 feceritis,
921 3379 1080 3439 executuri
1103 3379 1133 3439 in
1167 3398 1205 3439 eo
1244 3399 1320 3439 suae
1352 3379 1525 3440 maiestatis
1558 3389 1588 3439 et
1624 3388 1704 3438 no-'

402 3466 505 3546 stiam
524 3485 695 3566 benignam
720 3493 750 3545 et
774 3467 986 3547 omnimodam
1017 3487 1219 3556 voluntatem.
1251 3486 1373 3562 Quibus
1405 3471 1444 3546 de
1475 3487 1593 3565 reliquo
1624 3488 1678 3546 be·

402 3596 499 3675 nigna
523 3603 630 3654 nostra
654 3588 757 3674 gratia
780 3594 926 3672 propensi
942 3577 1068 3655 sumus.
1092 3593 1313 3655 Praesentibus
1346 3577 1499 3673 perlectis,
1523 3591 1679 3658 exhibenti

402 3701 559 3762 restitutis.
584 3701 700 3761 Datum
724 3701 755 3760 in
780 3719 852 3760 arce
877 3701 966 3780 regia
990 3701 1182 3776 Posoniensi,
1199 3701 1355 3781 vigesima
1370 3701 1546 3762 octauadie
1563 3701 1679 3761 mensis

401 3808 512 3883 martii,
536 3829 619 3868 anno
642 3807 805 3867 millesimo
829 3808 1058 3868 sexcentesimo
1082 3809 1229 3870 secundo.

446 3953 595 4036 Matthias
619 3973 660 4014 m.
683 3973 712 4031 p.

671 4078 770 4139 ,Ad
792 4079 975 4148 mandatum
1000 4059 1177 4146 archiducis
1198 4079 1365 4158 proprium.
1424 4151 1426 4156 .

423 4203 598 4267 Christoff
617 4221 678 4263 von
692 4203 896 4282 Kungsperg
917 4223 1003 4280 m.p
1311 4205 1361 4264 W
1387 4205 1470 4265 lunb.
1494 4250 1501 4265 .
1525 4224 1565 4264 m.
1589 4200 1633 4282 p.¹

402 4355 406 4362 ’
507 4343 653 4415 Originale
671 4344 861 4410 chartaceum,
874 4344 977 4398 subtus
1001 4359 1168 4412 appressum
1192 4345 1322 4416 sigillum.
1344 4347 1374 4399 ln
1397 4347 1510 4400 archivo
1535 4361 1676 4402 commun.

399 4437 465 4492 nob.
485 4438 522 4490 de
541 4433 702 4504 Turopolje.
721 4434 785 4487 Hoc
805 4435 1008 4488 documentum
1035 4435 1206 4487 exhibitum·
1221 4437 1249 4488 in
1272 4437 1493 4506 congregatione
1521 4437 1600 4506 regni
1629 4436 1677 4490 Za·

398 4527 521 4596 grabiae.
540 4525 584 4583 24.
604 4525 669 4578 maii
688 4541 712 4576 a.
733 4523 811 4579 1602.
830 4540 882 4591 per
900 4525 1034 4578 Ioannem
1054 4524 1226 4594 Rogledych,
1252 4527 1385 4578 comitem
1405 4533 1471 4579 terr.
1499 4521 1600 4594 Campi
1628 4527 1677 4580 Za·

399 4615 565 4686 grabiensis,
584 4621 614 4666 et
626 4631 678 4682 pro
692 4614 797 4666 loanne
819 4612 1006 4678 Draskouicb,
1028 4613 1112 4677 hano,
1127 4629 1178 4680 per
1198 4615 1411 4667 universitatem
1424 4615 1604 4668 dominorum
1620 4631 1677 4668 ma·

399 4709 533 4773 gnatuum
554 4711 583 4756 et
601 4702 737 4755 nobilium
764 4703 843 4772 'regni
869 4700 1035 4756 sclavoniae
1061 4708 1268 4769 transumptum
1295 4713 1346 4756 est.
1372 4704 1402 4756 ln
1431 4703 1533 4756 eodem
1560 4704 1676 4757 archivo

399 4794 617 4861 (transumptum
636 4792 747 4846 Martini
766 4791 855 4846 Pethe
875 4793 912 4845 de
931 4791 1051 4850 Hethcs,
1070 4808 1093 4843 a.
1119 4791 1193 4844 1604.
1213 4793 1255 4845 23.
1276 4791 1387 4853 martii).
1426 4799 1428 4804 '
1502 4795 1504 4798 '

509 4919 515 4948 ¹
534 4918 711 4985 Subscriptio
729 4917 805 4970 haud
824 4917 953 4988 legibilis.
1040 4963 1044 4972 .
