3934 5550
1493 435 1560 497 205

273 655 383 720 tarum,
408 666 486 721 erga
510 646 743 707 adnotationem
768 654 799 705 et
822 646 1083 725 conscriptionem
1098 648 1280 729 diligentem
1302 669 1410 711 curam
1426 650 1554 725 habere,

269 754 460 831 easdemque
484 753 651 813 restantias
675 754 713 829 (si
737 754 874 814 noudum
898 756 1020 815 solutae
1043 754 1185 833 luissent)
1210 757 1313 817 exolvi
1335 730 1449 832 lacere,
1476 756 1554 818 iniu-

272 861 395 939 riasque
420 860 472 919 ubi
495 880 575 939 opus
598 859 690 921 fuerit
706 870 925 937 remonstrare,
948 862 1122 943 prolisque
1139 863 1382 925 satisfactionem
1407 873 1439 925 et
1462 865 1550 926 dam·

270 988 381 1028 norum
404 968 602 1029 reffusionem
626 968 743 1029 instare
767 978 800 1029 et
820 971 1007 1050 praestolari
1039 973 1114 1033 velit
1136 981 1168 1032 et
1190 982 1342 1034 teneatur.
1367 975 1401 1033 ln
1435 974 1554 1053 reliquo

269 1094 432 1136 manemus
455 1094 631 1156 generosae
655 1076 874 1139 dominationis
898 1086 1024 1139 vestrae
1049 1080 1168 1142 amicus
1192 1080 1407 1158 paratissimus

777 1300 780 1307 Ι
866 1222 983 1283 Comes
1009 1223 1156 1283 Nicolaus
1180 1224 1336 1301 Erdeody,

841 1332 881 1391 ob
905 1332 1096 1412 chyragram
1118 1351 1215 1393 manu
1239 1332 1349 1393 aliena.

275 1526 277 1531 .
375 1475 501 1551 Selliny,
525 1474 574 1535 die
600 1474 651 1536 25.
676 1475 777 1535 martii
806 1472 899 1537 1693.

376 1620 418 1678 ln
442 1618 582 1679 dorso:
606 1617 770 1679 Generoso
793 1619 920 1680 domino
951 1620 1045 1679 Petro
1075 1620 1316 1685 Saeulrouachlri
1350 1621 1479 1682 Valicza
1520 1622 1560 1681 de

270 1726 347 1785 Also
370 1726 548 1800 Lomnicza,
571 1726 781 1787 universitatis
806 1725 953 1787 nobilium
977 1725 1092 1806 Campi
1123 1727 1346 1809 Zagrabiensis
1377 1729 1548 1808 Turopolla

271 1833 344 1893 dicti
368 1832 473 1894 comiti
495 1832 635 1895 terrestri
659 1841 726 1909 etc,
750 1834 851 1895 amico
874 1834 1171 1899 observandissime.

376 1955 522 2026 originale
549 1956 739 2023 chartaceum,
768 1972 784 2011 a
812 1964 893 2027 tergo
921 1958 1052 2025 appressi
1080 1957 1163 2028 sigilli
1193 1958 1353 2028 vestigium.
1382 1958 1415 2011 lu
1433 1957 1549 2012 archivo

271 2060 412 2098 commun.
432 2046 498 2099 nob.
518 2046 555 2098 de
573 2044 735 2115 Turopolje.
890 2042 891 2047 ’

864 2332 970 2423 rso.

379 2548 471 2607 Anno
501 2546 592 2612 1693.
620 2547 668 2608 17.
693 2548 838 2609 octobris.
862 2548 1049 2628 Zagrabiae.

273 2759 392 2825 Comes
414 2759 573 2825 Adamus
590 2758 630 2824 dc
646 2756 830 2844 Batttyan,
842 2758 963 2839 banus,
975 2758 1160 2825 substituto
1174 2757 1309 2824 comilis
1325 2762 1404 2824 lcrr.
1425 2757 1550 2846 Campi

270 2866 515 2954 Zagrubicnsis
560 2866 832 2952 Turopolyensis,
875 2862 1171 2952 assessoribusquc
1204 2870 1264 2932 etc.
1295 2867 1478 2952 praecipit,
1513 2871 1554 2932 ul

270 2975 359 3041 bona
383 2975 521 3041 comitis
544 2978 624 3041 terr.
648 2975 794 3040 Ioannis
817 2974 1010 3062 Ztepanich,
1035 2977 1096 3062 qui
1116 2997 1138 3039 a
1162 2975 1290 3039 castris
1312 2995 1349 3039 sc
1371 2979 1545 3040 contuma-

652 3083 736 3148 citer
757 3083 966 3158 removisset,
990 3090 1160 3170 occupent.

345 3299 506 3374 Generosi,
530 3297 652 3379 egregii
676 3306 708 3358 et
730 3298 849 3359 nobiles
873 3298 989 3358 domini
1013 3307 1045 3358 et
1068 3299 1160 3360 amici
1183 3298 1478 3361 observandissimi!

378 3443 517 3504 Salutem
543 3451 574 3502 et
596 3442 836 3502 benevolentiae
859 3451 986 3504 nostrae
1003 3445 1316 3507 commendationem.
1334 3445 1428 3522 Quod
1452 3445 1546 3524 siqui·

270 3553 342 3612 dem
366 3569 540 3632 generosus
564 3551 697 3612 loannes
721 3551 902 3629 Ztepanich,
927 3551 1004 3611 alias
1028 3552 1241 3612 universitatis
1257 3561 1381 3613 vestrae
1398 3553 1548 3612 nobilium

270 3659 385 3739 Campi
407 3657 632 3739 Zagrabiensis
656 3659 837 3737 Turopolya
861 3659 934 3718 dicti
966 3678 1073 3719 comes
1104 3659 1268 3735 terrestris,
1299 3660 1439 3720 nescitur
1469 3661 1552 3722 unde

270 3775 382 3843 motus,
406 3765 558 3845 quibusve
583 3766 886 3827 considerationibus
910 3767 951 3826 ad
974 3767 1004 3826 id
1021 3767 1175 3842 inductuS,
1193 3767 1331 3846 acceptis
1344 3765 1424 3827 binis
1441 3767 1549 3827 litteris

271 3875 385 3936 nostris
408 3874 631 3954 praeceptoriis
662 3875 884 3954 publicatoriis,
916 3875 1099 3934 occassione
1131 3875 1276 3935 videlicet
1309 3876 1466 3955 generalis
1496 3895 1549 3936 ca·

271 3981 400 4042 strensis
424 3981 656 4042 insurrectionis
679 3981 818 4062 legitime
843 3981 998 4042 emanatis
1021 3991 1052 4042 et
1083 3983 1263 4059 extradatis,
1295 3994 1361 4043 tam
1393 4003 1449 4061 pro
1480 4003 1549 4061 pro·

270 4090 352 4150 xime
376 4089 544 4168 praeterito
569 4090 677 4168 primo,
701 4109 795 4168 quarn
813 4089 907 4149 etiarn
924 4090 1076 4150 moderno
1093 4090 1302 4170 campiductu,
1318 4092 1385 4151 sine
1403 4092 1550 4171 quapiam

271 4197 355 4276 apud
377 4215 436 4256 nos
460 4197 586 4275 praevie
611 4197 642 4256 in
666 4214 704 4255 eo
727 4196 811 4256 facta
835 4196 1052 4273 insinuatione,
1077 4207 1109 4258 et
1132 4207 1263 4258 eatenus
1288 4217 1307 4258 a
1337 4199 1428 4259 nobis
1459 4218 1551 4277 supe·

271 4304 358 4364 rinde
382 4304 510 4364 obtenta
532 4303 665 4379 licentia,
688 4322 759 4364 sese
784 4323 803 4364 a
836 4305 946 4365 castris
975 4306 1199 4366 contumaciter
1231 4306 1438 4382 absentasset,
1462 4306 1550 4384 quin·

269 4411 365 4472 immo
389 4412 430 4472 ad
453 4420 559 4490 partes
583 4410 660 4471 alias
685 4411 868 4472 remotiores
892 4413 923 4473 in
948 4413 1171 4492 gravissimum
1194 4413 1336 4473 mandati
1359 4413 1457 4474 nostri
1481 4413 1546 4473 vili·

269 4519 416 4599 pendium
440 4538 475 4579 se
499 4519 685 4598 recepisset3
710 4520 750 4580 ob
774 4519 862 4580 cuius
886 4521 992 4600 itaque
1016 4523 1110 4582 talem
1142 4522 1341 4581 temerariam
1365 4522 1550 4595 absentiam,

270 4627 492 4704 complurimae
516 4627 597 4687 inter
619 4626 793 4706 praelatam
828 4629 1022 4690 nobilitatem
1053 4629 1127 4689 dicti
1159 4629 1273 4709 Campi
1304 4632 1487 4708 Turopolya
1518 4631 1550 4690 in

269 4731 436 4810 primaevis
460 4735 580 4806 castris,
604 4755 699 4814 quam
724 4735 818 4795 etiam
842 4737 1009 4810 modernis,
1033 4737 1185 4797 deffectus
1209 4736 1328 4798 suborti
1360 4737 1450 4797 nobis
1482 4738 1551 4798 inti-

270 4849 437 4914 marentur,
469 4842 558 4916 adeo,
583 4843 667 4922 quod
691 4862 749 4902 nec
773 4843 842 4922 ipsa
874 4842 1018 4904 nobilitas
1051 4852 1178 4923 propter
1208 4847 1405 4923 personalem
1438 4845 1549 4906 absen-

270 4946 345 5007 tiam
369 4947 499 5026 comitis,
523 4950 567 5010 uti
591 4950 631 5010 de
655 4969 741 5011 more
766 4959 797 5010 et
820 4952 1046 5012 consvetudine
1063 4959 1230 5026 teneretur,
1244 4953 1276 5014 in
1293 4953 1404 5013 castris
1419 4952 1546 5013 minime
