3934 5550
880 646 990 722 21⁷.

396 852 488 912 Auno
517 850 608 911 1741.
634 850 684 912 29.
710 850 854 909 octobris.
879 850 912 909 Iu
937 869 1009 909 arce
1034 848 1227 907 I'osoniensi.

292 1046 474 1110 Articulas
497 1043 676 1109 decretalis
699 1042 806 1107 XCII.
831 1066 861 1105 a.
885 1056 980 1123 1725,
1003 1045 1036 1105 et
1059 1044 1124 1104 art.
1150 1039 1238 1104 CVI.
1262 1062 1292 1103 a.
1315 1041 1402 1119 1659.
1419 1039 1459 1115 da
1475 1038 1568 1103 aohi-

570 1150 661 1216 libus
687 1148 811 1236 Campi
841 1148 1027 1233 Turopolia
1051 1146 1305 1231 confirmatae·

293 1353 351 1411 De
383 1351 541 1431 Campi
581 1349 839 1427 Turopolia
879 1348 1075 1423 etunius
1111 1346 1317 1407 sessionis
1352 1346 1569 1415 nobilibus,

762 1454 998 1517 articulus
1033 1457 1097 1515 LX.

396 1672 490 1733 Circa
514 1672 633 1731 nobiles
657 1670 771 1749 Campi
796 1670 965 1749 'l'uropolia
987 1680 1018 1728 et
1034 1670 1111 1729 alios
1135 1669 1227 1728 unius
1248 1667 1399 1729 sessionis
1424 1666 1570 1727 articulus

290 1778 341 1842 92.
366 1780 439 1841 anni
468 1778 558 1840 1723.
591 1779 705 1839 Intuitu
738 1799 812 1838 vero
838 1777 1054 1857 appellationis
1077 1795 1244 1837 causarum
1268 1796 1306 1835 ex
1330 1775 1413 1835 dicto
1437 1774 1569 1852 Campo,

268 1886 409 1969 'articuli
437 1884 506 1949 106.
531 1886 604 1947 anni
632 1884 723 1947 1659.
748 1886 980 1946 confirmantur.

395 2028 506 2097 Corpus
525 2029 593 2082 iuris
612 2028 774 2099 Hungarici.
794 2028 898 2082 Mariae
917 2028 948 2081 11.
968 2028 1084 2099 reginae
1103 2028 1250 2080 decretum
1270 2026 1289 2078 Ι.
1309 2026 1374 2079 anni
1395 2024 1472 2078 1741.

873 2328 981 2405 218.

397 2531 489 2591 Auno
518 2530 607 2592 1747.
640 2530 676 2593 ll
710 2530 849 2595 ianuarii.
873 2531 1066 2611 Aquisgrani
1090 2530 1252 2600 idaeum).

291 2742 412 2809 Comes
437 2742 599 2830 Iosephus
622 2742 846 2830 Esaterhuay,
869 2743 989 2823 barras,
1012 2742 1208 2830 episcopum
1228 2741 1494 2830 Zugralriausem
1518 2740 1569 2804 iu-

287 2851 386 2930 vitat,
410 2856 449 2916 at
472 2852 512 2916 da
536 2852 770 2916 tumultuaria
800 2853 1056 2916 restauratione
1086 2850 1320 2938 magistratus
1351 2849 1474 2934 Campi
1503 2849 1570 2912 Za·

735 2958 934 3044 grabiausis
957 2959 1123 3046 iiiqairat.

504 3194 660 3272 Episcopo
683 3194 899 3274 Zagrabiensi.

400 3337 469 3397 Non
494 3337 600 3397 dubito
625 3338 826 3398 excellentiae
851 3347 975 3397 vestrae
999 3338 1120 3417 plenius
1137 3339 1316 3413 innotuisse,
1337 3339 1569 3398 tumultuariam

293 3447 550 3506 restaurationem
576 3465 631 3505 seu
649 3445 825 3506 officialium
840 3435 1027 3506 ‘electionem
1044 3447 1275 3507 communitatis
1290 3446 1439 3506 nobilium
1456 3445 1568 3526 Campi

293 3555 481 3632 TuropOIya,
505 3573 586 3633 quae
612 3572 694 3613 anno
717 3563 860 3614 recenter
883 3554 1052 3633 praeterito
1076 3573 1185 3614 mense
1207 3555 1391 3630 decembris,
1415 3554 1504 3615 solito
1528 3555 1571 3615 vi·

292 3662 404 3722 delicet
426 3660 604 3720 huiusmodi
635 3662 870 3722 restaurationis
900 3662 959 3736 die,
988 3661 1055 3722 sine
1079 3661 1179 3722 tractu
1204 3670 1235 3722 et
1258 3661 1364 3722 debito
1387 3663 1501 3722 effectu
1525 3663 1569 3722 in·

292 3768 443 3834 tercessit

399 3878 549 3937 Tamensi
574 3886 678 3937 autern
703 3897 877 3955 supponam
902 3879 1118 3938 excellentiam
1141 3886 1279 3938 vestram
1303 3879 1333 3937 in
1359 3899 1467 3938 casum
1490 3881 1572 3939 hunc

293 3987 515 4048 communitate
546 3985 642 4046 nobili
674 3987 767 4064 plane
800 3985 971 4066 indignum,
1003 3987 1132 4065 eiusque
1159 3963 1361 4048 suscitatores
1385 3988 1573 4048 authoritate

295 4095 389 4155 etiarn
412 4092 677 4156 locumtenentiali
710 4111 851 4173 congrua
883 4095 1171 4171 repraesentatione
1201 4094 1474 4170 animadvertisse,
1499 4095 1573 4173 quid

295 4201 492 4261 nihilominus
518 4203 558 4262 ad
582 4202 716 4261 eandem
733 4201 988 4260 communitatem
1012 4219 1074 4281 ego
1097 4221 1221 4280 quoque
1238 4210 1404 4280 propterea
1427 4202 1571 4263 scribam.

296 4308 342 4366 Ex
368 4327 490 4368 annexa
520 4310 610 4387 copia
642 4308 815 4388 intelligere
845 4307 973 4386 possint,
1008 4308 1191 4368 excellentia
1223 4316 1336 4384 vestra,
1360 4316 1392 4368 et
1422 4309 1495 4389 quia
1518 4309 1572 4387 in·

295 4415 412 4474 lormor
443 4417 657 4476 confusionem
689 4416 772 4476 illam
802 4415 885 4476 sacto
917 4415 1113 4493 potissimum
1144 4416 1284 4476 cuisdam
1317 4416 1426 4475 nobilis
1449 4415 1574 4475 Ioannis

296 4522 412 4582 Mixich
444 4533 584 4584 exortam
616 4543 695 4598 esse,
728 4524 799 4583 ideo
831 4522 1014 4583 excellentia
1045 4531 1151 4583 vestra
1184 4523 1215 4581 in
1247 4523 1278 4583 id
1312 4522 1438 4583 uberius
1462 4523 1573 4602 inquiri

295 4629 399 4690 iacere
423 4629 506 4703 velit,
530 4639 561 4690 et
585 4631 611 4689 si
635 4650 722 4690 reum
757 4639 887 4690 eatenus
918 4630 1114 4709 compererit,
1143 4649 1214 4690 eum
1239 4651 1301 4690 non
1325 4631 1433 4704 solum,
1465 4650 1573 4691 verum

296 4738 323 4798 si
346 4739 451 4818 plures
482 4738 577 4800 etiam
610 4737 727 4798 similes
758 4739 954 4814 innotuerint,
978 4739 1009 4799 in
1033 4739 1244 4818 praesentiam
1269 4739 1316 4798 sui
1341 4740 1431 4799 simul
1456 4740 1505 4799 vel
1528 4739 1573 4799 di·

296 4846 386 4906 visim
420 4847 597 4927 accersitos
627 4854 692 4906 tam
716 4865 782 4920 su0,
806 4865 900 4924 quam
923 4866 995 4906 meo
1018 4848 1144 4907 nomine
1167 4847 1250 4907 serio
1272 4847 1387 4907 idcirco
1418 4847 1574 4925 corripere

297 4963 327 5014 et
352 4955 391 5014 ab
417 4955 604 5014 attentandis
627 4955 659 5014 in
681 4954 818 5013 futurum
838 4953 990 5014 eiusmodi
1005 4955 1190 5016 factionibus
1215 4956 1273 5014 sub
1296 4955 1387 5034 gravi
1411 4955 1571 5015 aniamad-
