3934 5550
411 429 477 495 412

410 650 495 710 ribus
529 648 647 708 factum
680 643 806 715 bonurn,
840 643 936 702 haras
966 640 1169 722 biangulares
1202 662 1271 701 cum
1304 660 1432 702 camera
1472 635 1619 701 frumenti
1663 643 1696 700 et

413 756 493 817 binis
523 754 647 836 pojatis,
680 754 772 812 buras
803 751 928 830 quidem
952 751 994 810 ad
1017 750 1038 810 4
1062 751 1233 826 clausuras,
1271 752 1302 811 in
1334 750 1354 811 3
1387 751 1540 811 clausuris
1571 750 1693 829 indiget

414 862 551 924 inferiori
574 862 763 942 pavimento,
780 879 837 938 pro
861 867 990 919 externo
1013 859 1076 919 iam
1099 859 1246 939 aquisivit
1269 860 1369 920 bonas
1389 878 1453 920 una
1476 878 1547 919 cum
1571 876 1697 919 camera

415 973 455 1033 ad
478 990 573 1031 unam
597 970 774 1029 clausuram
799 976 944 1047 antiqua3
974 966 1133 1027 fornacem
1157 968 1326 1046 pistoream
1351 967 1418 1027 sine
1441 967 1524 1027 bono
1547 975 1639 1042 tecto,
1663 973 1694 1027 et

413 1080 486 1158 quia
510 1087 558 1139 est
581 1095 677 1156 prope
702 1076 828 1135 domum
852 1075 945 1134 modo
969 1086 1124 1135 errectam
1139 1093 1253 1134 novam
1277 1074 1445 1134 transferre
1470 1074 1531 1134 alio
1554 1073 1690 1147 debebit,

415 1196 527 1265 puteus
551 1204 621 1245 cum
646 1184 710 1243 suis
727 1181 910 1243 accessoriis
922 1201 1033 1260 parum
1051 1183 1177 1258 vallenS,
1194 1183 1321 1242 corbem
1349 1182 1582 1262 fagopiraceam
1599 1182 1695 1241 habet

414 1296 480 1355 sine
505 1293 661 1353 assericeo
684 1298 775 1361 tecto,
793 1290 913 1368 accepit
937 1298 1045 1350 mutuo
1062 1308 1082 1349 a
1095 1290 1232 1369 quodam
1256 1288 1473 1349 Verclrlrovich
1491 1289 1604 1348 robora
1620 1288 1692 1362 duo,

414 1420 495 1481 quae
518 1400 682 1460 restituere
708 1398 873 1478 obligatur.

522 1508 550 1567 7.
574 1506 694 1567 Nobilis
729 1505 886 1586 Georgius
922 1505 1027 1564 senior
1060 1505 1221 1583 Sipussich
1253 1505 1348 1564 babet
1378 1504 1505 1564 domum
1537 1504 1696 1582 antiquam

415 1619 482 1693 sine
514 1624 596 1676 tecto
628 1614 784 1674 assericeo
815 1613 898 1672 bono
931 1613 961 1672 in
987 1612 1113 1686 ambitu,
1147 1631 1238 1672 secus
1262 1612 1400 1672 inbono
1424 1620 1515 1681 statu,
1550 1611 1696 1669 horreum

416 1728 586 1805 antiquum,
617 1742 678 1783 una
710 1741 783 1800 pars
816 1723 927 1781 saltem
951 1741 1061 1799 parma
1085 1721 1177 1795 dicta,
1209 1728 1241 1781 et
1264 1721 1317 1780 ubi
1340 1719 1509 1793 trituratur,
1534 1737 1596 1779 una
1620 1737 1696 1778 vero

415 1836 504 1895 deest
526 1851 609 1912 pars,
640 1849 733 1909 quam
769 1829 907 1909 errigere
931 1830 1023 1901 velet,
1055 1828 1259 1909 foenilegium
1283 1829 1421 1888 inbono
1445 1836 1537 1902 statu,
1562 1826 1696 1887 culinam

416 1961 485 2001 cum
510 1940 637 2000 fornace
661 1937 799 2016 pistorea
823 1936 890 1995 sine
914 1936 998 1996 bono
1021 1944 1114 2009 tecto,
1137 1945 1251 2015 puteus
1283 1936 1387 1996 statim
1418 1954 1520 1995 novus
1550 1952 1696 1994 necessa·

414 2048 479 2107 rius
511 2055 567 2118 est,
599 2043 824 2103 columbarium
848 2043 964 2102 bonum
989 2042 1056 2102 sine
1079 2043 1163 2103 bono
1186 2051 1278 2116 tecte,
1301 2044 1415 2102 robora
1439 2042 1535 2101 habet
1557 2038 1587 2115 9,
1616 2059 1696 2119 quae

416 2156 500 2214 velet
522 2150 769 2229 Sylyakovinam
793 2150 834 2209 ad
858 2168 933 2209 suas
958 2150 1067 2210 vineas
1095 2150 1272 2214 transferre.

523 2258 552 2319 8.
577 2258 696 2318 Domus
729 2258 854 2317 deserta
886 2258 1013 2335 antiqua
1038 2257 1175 2317 defuncti
1207 2257 1332 2317 loannis
1357 2258 1446 2336 Bapt.
1470 2257 1632 2335 Sipussich
1656 2256 1696 2315 ad

417 2366 610 2447 suprafatum
641 2364 814 2445 Georgium
847 2365 1010 2443 Sipussich
1043 2373 1208 2443 spectans3
1251 2366 1325 2425 item
1357 2366 1453 2424 harae
1486 2364 1526 2423 ad
1559 2363 1578 2423 2
1613 2365 1697 2423 clau·

419 2494 518 2550 suras,
542 2474 572 2532 in
597 2491 660 2532 una
691 2474 836 2532 clausura
860 2472 926 2531 sine
952 2481 1041 2550 porta
1065 2482 1096 2531 et
1120 2472 1308 2549 pavimento,
1332 2491 1423 2531 secus
1446 2471 1477 2532 in
1501 2472 1584 2531 bono
1608 2479 1700 2533 statu.

525 2577 555 2643 9.
579 2579 697 2638 Nobilis
721 2579 860 2638 Thomas
876 2579 1038 2657 Sipussich
1062 2580 1157 2639 habet
1180 2580 1307 2638 domum
1332 2579 1490 2657 antiquam
1514 2578 1643 2638 basibus
1666 2586 1697 2637 et

419 2686 615 2767 reparatione
648 2694 793 2765 egentem
818 2686 885 2745 sine
918 2686 1044 2760 ambitu,
1076 2686 1129 2765 qui
1160 2687 1294 2746 ambitus
1323 2687 1363 2745 de
1395 2706 1477 2746 novo
1500 2685 1698 2746 necessarius

419 2804 476 2868 est,
500 2796 646 2854 horreum
671 2793 832 2872 antiquum
856 2794 924 2853 sine
948 2793 1039 2852 bonis
1055 2795 1192 2867 basibus,
1209 2813 1301 2854 secus
1317 2796 1484 2868 mediocre,
1496 2795 1698 2874 foenilegium

420 2902 451 2961 in
475 2899 496 2961 6
520 2900 673 2961 columnis
696 2900 822 2975 bonum,
847 2919 1006 2960 cameram
1031 2900 1071 2960 ad
1095 2902 1175 2960 duas
1197 2903 1359 2962 clausuras
1383 2902 1543 2981 antiquam
1564 2903 1594 2961 in
1617 2902 1700 2962 bono

420 3017 523 3082 statu;
553 3009 648 3067 haras
679 3007 881 3088 biangulares
913 3009 953 3068 ad
986 3009 1147 3068 clausuras
1179 3007 1199 3067 4
1229 3008 1262 3068 in
1294 3009 1377 3069 bono
1411 3018 1495 3070 statu
1527 3027 1636 3083 novas,
1667 3008 1699 3068 in

420 3116 541 3176 duabus
572 3113 724 3174 clausuris
755 3113 967 3192 pavimentum
997 3115 1094 3191 deest,
1124 3115 1283 3175 fornacem
1312 3115 1480 3195 pistoream
1510 3117 1699 3178 mediocrem

420 3225 486 3284 sine
511 3225 593 3281 bono
617 3231 708 3294 tecto,
732 3231 845 3300 puteus
868 3231 940 3300 post
962 3241 1057 3281 unum
1083 3242 1198 3281 annum
1222 3243 1322 3282 novus
1346 3225 1543 3285 necessarius
1566 3226 1631 3286 erit.

531 3328 578 3391 10.
602 3329 722 3389 Nobilis
754 3329 911 3408 Georgius
942 3329 1043 3389 iunior
1066 3331 1226 3409 Sipussich
1257 3333 1352 3391 habet
1379 3334 1507 3393 domum
1531 3334 1700 3412 antiquam,

420 3439 463 3502 ita
486 3438 570 3516 quod
601 3437 725 3512 integra
756 3437 898 3514 superior
930 3456 1005 3516 pars
1032 3438 1172 3516 reparari
1196 3438 1318 3515 debeat,
1343 3441 1478 3500 ambitus
1502 3451 1607 3500 autem
1631 3442 1699 3502 sine

420 3547 503 3606 bono
527 3553 619 3619 tecto,
643 3545 789 3604 horreum
826 3545 988 3624 antiquum
1011 3545 1078 3606 sine
1103 3546 1192 3606 bonis
1216 3547 1353 3625 basibus,
1390 3550 1484 3609 haras
1509 3550 1549 3609 ad
1573 3547 1593 3608 3
1618 3550 1700 3610 clau·

420 3672 510 3713 suras
529 3653 639 3726 bonas,
663 3653 693 3711 in
718 3672 780 3712 una
797 3653 941 3712 clausura
965 3653 1055 3713 deest
1070 3655 1299 3733 pavimentum;
1324 3657 1397 3717 item
1414 3659 1541 3717 domum
1557 3658 1699 3718 fabrilem

420 3761 451 3819 in
475 3760 557 3819 bono
581 3767 673 3832 statu,
698 3759 858 3819 fornacem
874 3759 1044 3838 pistoream
1068 3760 1099 3820 in
1123 3763 1206 3822 malo
1230 3770 1323 3835 statu,
1347 3773 1460 3842 puteus
1483 3774 1531 3824 cst
1554 3765 1699 3829 dirrutus.

533 3864 581 3927 11.
604 3865 725 3926 Nobilis
751 3867 931 3946 Stephanus
962 3867 1205 3929 Haraminchich
1228 3871 1324 3931 habet
1346 3872 1474 3933 domum
1497 3874 1612 3933 bonam
1636 3893 1701 3934 om·

421 3972 511 4031 nibus
542 3972 709 4051 provisam,
742 3973 887 4033 horreum
920 3975 1083 4054 antiquum
1114 3977 1239 4051 bonum,
1271 3977 1472 4058 foenilegium
1502 3999 1618 4040 novum
1649 3981 1702 4040 ubi

421 4080 540 4157 indiget
572 4081 731 4139 asseribus
760 4081 843 4140 circa
874 4081 1001 4159 circum,
1034 4102 1193 4144 cameram
1225 4085 1371 4146 frumenti
1402 4088 1554 4166 optimam
1577 4107 1701 4158 novam,

421 4188 516 4247 haras
547 4186 750 4267 biangulares
785 4189 824 4248 ad
849 4189 1011 4250 clausuras
1035 4190 1055 4251 5
1080 4211 1151 4252 cum
1175 4192 1283 4271 pojata
1306 4194 1416 4268 bonas,
1451 4196 1482 4254 in
1506 4193 1526 4255 3
1550 4196 1702 4256 clausuris

421 4295 599 4372 pavimento
625 4295 742 4375 indiget
766 4296 917 4370 inferiori3
949 4297 1024 4358 item
1048 4319 1146 4377 penes
1166 4300 1261 4360 haras
1284 4320 1427 4362 cameras
1451 4303 1492 4364 ad
1516 4304 1595 4364 duas
1619 4305 1700 4364 clau·

422 4421 512 4462 suras
529 4421 585 4480 pro
601 4405 825 4482 componendis
849 4404 1012 4465 foemineis
1027 4407 1149 4466 scriniis
1165 4407 1273 4483 bonas,
1290 4409 1423 4470 culinam
1441 4421 1608 4491 angustam
1631 4431 1703 4471 cum

421 4510 547 4569 fornace
571 4509 708 4588 pistorea
732 4512 762 4572 in
787 4513 870 4572 bono
894 4519 987 4588 statu,
1018 4522 1131 4593 puteus
1154 4516 1256 4576 bonus
1280 4518 1419 4578 estsine
1443 4520 1526 4579 bona
1549 4521 1703 4580 columna·

531 4615 579 4676 12.
604 4617 724 4678 Nobilis
756 4619 875 4679 Nicolai
909 4621 1153 4682 Haraminchich
1186 4624 1316 4701 prolium
1349 4625 1459 4685 domus
1484 4627 1611 4705 antiqua
1635 4627 1702 4687 sine

420 4722 503 4782 bono
535 4732 618 4784 tecto
649 4724 681 4784 in
712 4725 830 4785 ambitu
864 4727 956 4804 bona,
988 4729 1134 4788 horreum
1167 4731 1328 4810 antiquum
1353 4732 1421 4792 sine
1446 4734 1535 4793 bonis
1558 4734 1705 4808 basibus3

419 4829 493 4888 item
517 4849 661 4892 cameras
684 4850 782 4909 penes
802 4834 947 4894 horreum
972 4836 1031 4895 sub
1055 4856 1117 4896 uno
1140 4846 1223 4898 tecto
1248 4841 1288 4898 ad
1312 4839 1392 4899 duas
1417 4840 1578 4901 clausuras
1594 4843 1703 4918 bonas,

418 4937 513 4997 haras
536 4938 578 4998 ad
602 4939 682 4999 duas
705 4940 867 5000 clausuras
892 4942 1038 5022 antiquas
1061 4943 1093 5003 in
1116 4946 1233 5005 misero
1257 4955 1349 5006 statu.
