3934 5550
1518 367 1583 434 219

408 586 483 649 ltem
502 599 632 650 annates
656 589 710 651 Nr.
726 591 756 664 4,
773 586 933 651 limitando
950 590 1106 671 singulam
1122 590 1242 671 grossis
1257 586 1278 651 6
1297 591 1373 651 lacit
1388 591 1454 651 flor.
1482 590 1571 649 Rhen

306 700 330 770 l,
354 716 454 777 gross.
478 696 508 761 4.

407 806 485 865 Item
508 805 641 886 gallinas
665 806 717 869 Nr.
742 805 793 879 50,
817 807 978 867 limitando
999 808 1119 887 grossis
1143 807 1173 879 2,
1195 807 1271 867 facit
1293 808 1359 869 flor.
1384 806 1481 868 Rhen.
1506 806 1534 866 5.

406 912 482 973 Item
506 913 589 974 loeni
612 915 752 993 plaustra
776 912 796 974 3
820 915 951 975 valentis
975 917 1041 977 flor.
1066 915 1154 976 Rhen
1185 913 1215 975 6.

405 1022 483 1081 Item
507 1021 683 1100 specialiter
706 1041 745 1081 ex
769 1023 880 1083 Pleszo
904 1031 1034 1101 paratae
1058 1022 1210 1101 pecuniae
1235 1024 1302 1085 flor.
1326 1025 1424 1086 Rhen.
1454 1020 1501 1085 16.

407 1129 484 1188 Item
509 1148 629 1189 avenae
653 1129 775 1189 modios
799 1127 828 1205 8,
852 1130 927 1191 tacit
950 1132 1017 1193 flor.
1041 1132 1137 1195 Rhen.
1162 1128 1192 1189 8.

406 1254 481 1313 Item
517 1245 677 1335 agazones
710 1264 773 1316 tres
809 1256 839 1315 in
871 1266 991 1331 natura,
1026 1257 1188 1319 limitando
1219 1258 1376 1337 singulum
1405 1257 1525 1336 grossis
1549 1255 1581 1315 7,

299 1361 372 1419 lacit
395 1362 461 1423 flor.
485 1364 581 1425 Rhen.
610 1361 657 1437 12,
682 1383 782 1443 gross.
812 1363 859 1425 12.

405 1470 534 1530 Summa
558 1472 630 1531 lacit
653 1471 789 1531 florenos
813 1472 996 1531 Rhenenses
1020 1470 1117 1550 2732,
1140 1491 1269 1553 grossos
1293 1470 1322 1531 4.

405 1596 489 1657 ldem
521 1599 636 1657 Paulus
671 1598 824 1678 Ligutich,
856 1598 948 1659 iudex
983 1599 1132 1659 nobilium
1156 1600 1322 1659 comitatus
1346 1597 1578 1678 Zagrabiensis,

298 1705 338 1764 ad
363 1706 496 1766 eandem
520 1706 780 1785 conscriptionem
804 1708 972 1785 deputatus
996 1728 1035 1768 m.
1060 1728 1089 1785 p.

403 1833 489 1892 Idem
513 1832 669 1911 Georgius
694 1833 873 1910 Ztepanich,
896 1834 1022 1893 tabulae
1046 1834 1167 1895 banalis
1183 1836 1311 1910 iuratus,
1327 1844 1358 1892 et
1374 1833 1468 1893 modo
1488 1851 1576 1911 prae·

297 1940 392 2000 misso
417 1942 592 2020 deputatus.
617 1942 702 2002 Idem
725 1961 766 2003 m.
790 1962 819 2020 p.

402 2080 547 2153 Originale
566 2082 754 2135 chartaceum.
775 2085 805 2136 ln
824 2082 937 2137 archivo
957 2098 1100 2137 commun.
1118 2086 1184 2138 nob.
1205 2086 1242 2138 de
1261 2083 1423 2154 Turopolje.

402 2172 432 2223 ln
461 2170 515 2224 alia
540 2171 624 2224 simili
653 2173 755 2224 eodem
784 2172 831 2224 die
860 2170 934 2225 lacta
962 2174 1174 2241 conscriptione
1203 2174 1326 2226 insertus
1352 2180 1396 2226 cst
1415 2172 1578 2242 „catalogus

294 2275 493 2330 germanorum
513 2261 632 2313 militum
652 2261 679 2314 in
699 2262 829 2315 districtu
848 2261 1047 2329 Turopoliensi
1065 2263 1333 2330 quartirirantium“,
1352 2263 1381 2315 in
1400 2279 1457 2331 qua
1476 2263 1579 2316 milites
1644 2300 1647 2305 -

297 2351 463 2404 nominatim
492 2352 645 2419 conscripti
664 2358 730 2405 sunt
749 2352 777 2403 in
797 2352 908 2422 singulo
926 2367 1002 2422 pago
1020 2353 1175 2405 intertenti.
1194 2353 1248 2406 Hic
1267 2360 1382 2406 notatae
1401 2360 1467 2406 sunt
1486 2353 1578 2407 solnm

295 2440 442 2507 portiones
462 2449 649 2508 consumptae
669 2442 731 2494 sine
750 2440 914 2508 specificato
939 2442 1044 2509 pretio.
1069 2443 1191 2497 Adnexa
1215 2450 1260 2496 est
1284 2444 1350 2497 huic
1375 2444 1577 2510 conscriptioni

295 2548 347 2598 pro
367 2532 448 2601 pagis
476 2530 597 2596 Mrazlin,
617 2530 784 2584 Kurilouecz
804 2537 833 2583 ct
851 2530 997 2584 Kussancz
1022 2531 1196 2599 specificatio
1224 2539 1456 2600 consumptarum
1476 2548 1580 2589 rerum.

296 2619 425 2688 Exempli
439 2620 528 2690 gratia
541 2619 622 2672 miles
635 2620 819 2673 bohmccztcr
831 2619 945 2673 Vinczel
959 2636 1023 2673 cum
1039 2637 1129 2674 uxore
1148 2628 1177 2674 et
1196 2621 1323 2689 prolibus
1342 2636 1375 2674 ac
1394 2621 1533 2674 servitore
1552 2626 1581 2673 et

295 2710 386 2762 tribus
411 2709 501 2778 equis,
527 2710 555 2763 in
578 2709 716 2780 Mraczlyn
739 2710 931 2779 quartirizans,
951 2711 1129 2778 consumpsit
1156 2711 1271 2763 »dietim
1290 2726 1374 2763 unam
1394 2710 1501 2778 pintam
1521 2711 1578 2762 vini

296 2817 446 2854 mensurae
465 2801 688 2868 Turopoliensis,
711 2800 817 2854 fercula
835 2801 890 2854 tria
909 2802 945 2854 ad
964 2803 1123 2868 prandium,
1142 2803 1179 2855 ad
1203 2818 1323 2855 coenam
1342 2802 1429 2854 etiarn
1454 2801 1516 2866 tria,
1542 2802 1578 2854 de

295 2907 369 2958 pauc
388 2890 570 2956 sufficienter,
589 2907 696 2944 avenae
709 2891 836 2958 quartale
855 2907 942 2944 unum
956 2906 1021 2943 cum
1035 2891 1162 2957 dimidio,
1176 2891 1252 2945 foeni
1266 2907 1354 2944 onera
1376 2907 1478 2961 magna
1491 2891 1575 2944 duo«.

407 3056 412 3082 ¹
432 3055 613 3122 Conscriptio
641 3060 805 3121 sumptuum
830 3054 858 3106 in
882 3054 943 3108 aliis
969 3055 1090 3108 diversis
1112 3055 1202 3124 pagis,
1222 3054 1270 3122 qui
1290 3054 1327 3105 ad
1350 3052 1575 3106 iurisdictionem

294 3142 520 3212 Turopolensem
540 3160 596 3197 non
616 3145 768 3211 pertinent.
814 3143 824 3170 ¹
843 3145 941 3196 Mensa
960 3151 1005 3197 ter
1023 3145 1122 3197 dietim
1141 3161 1193 3211 per
1220 3159 1337 3214 grossos
1358 3143 1382 3196 7.
1400 3148 1572 3209 computata

297 3235 418 3296 ³Unum
444 3234 571 3303 quartale
594 3232 611 3286 b
636 3234 744 3303 grossis
770 3241 975 3301 computatum,
1002 3250 1093 3304 vagan
1122 3233 1158 3286 20
1184 3233 1302 3302 grossis.
1347 3232 1577 3301 ⁴Zagrabiensis

296 3340 429 3377 mensura
449 3323 544 3376 media
562 3324 675 3377 duobus
704 3324 812 3392 grossis
840 3331 1013 3390 computata,
1033 3324 1143 3392 integra
1163 3338 1304 3387 mensura,
1331 3321 1464 3373 videlicet
1490 3321 1578 3388 pinta,

295 3421 417 3481 quatuor
436 3413 552 3484 grossis.
592 3411 670 3464 ’sis

888 3751 990 3822 172

404 3987 496 4047 Anno
524 3983 616 4047 1697.
640 3984 670 4046 3.
694 3987 804 4050 martii.
828 3987 862 4047 In
887 3987 975 4046 curia
999 3985 1111 4048 Obres

343 4217 559 4302 Conscriptio
581 4223 809 4302 expensarum
833 4217 872 4281 in
895 4217 1022 4282 milites
1041 4217 1236 4284 Germanos
1258 4217 1298 4282 in
1318 4218 1532 4302 possessione

536 4325 649 4390 Felseo
673 4325 862 4390 Lomrziczu
885 4324 1121 4411 hybernantes,
1135 4326 1330 4412 sucturum.

403 4565 495 4624 Anno
525 4561 616 4626 1697.
640 4563 690 4624 die
715 4560 884 4625 arnensis
915 4563 1027 4624 martii.
1058 4563 1093 4622 ln
1124 4563 1211 4622 curia
1243 4561 1347 4622 Obres
1376 4560 1576 4621 illustrissimi

296 4672 413 4734 domini
436 4671 568 4732 Comitis
592 4670 763 4732 Alexandri
787 4669 933 4747 Erdeody
966 4678 1032 4742 etc„
1064 4689 1121 4748 per
1143 4687 1202 4729 nos
1232 4661 1459 4746 intrascriptos¹
1492 4667 1576 4726 lacta

295 4790 343 4843 est
366 4787 545 4858 sumptuum
570 4779 600 4838 in
624 4778 735 4838 milites
768 4777 944 4838 Germanos
976 4785 1177 4858 erogatorum
1213 4774 1401 4849 connotatio,
1436 4773 1529 4852 idque
1555 4792 1574 4833 a

295 4891 346 4950 die
370 4888 399 4950 8.
426 4887 601 4948 decembris
630 4883 730 4960 1696,
754 4905 854 4964 usque
879 4887 917 4945 ad
941 4886 1024 4945 diem
1053 4883 1100 4948 16.
1123 4885 1270 4945 februarii
1295 4883 1365 4942 anni
1395 4878 1486 4941 1697.
