3934 5550
882 632 961 708 ⁴1.
1023 654 1027 661 ·

371 838 483 899 anne
511 833 603 897 1602.
628 832 679 895 29.
704 826 816 894 martii.
839 786 985 912 Pragael

283 1046 486 1133 Rudotptm
512 1007 785 1131 ll.,Haugarioe
807 1006 866 1107 eie.
889 1062 957 1119 rex,
990 1040 1211 1105 universitati
1246 1038 1422 1113 nobilium¹
1444 988 1565 1122 Campi

291 1155 476 1241 Taropolai
507 1153 686 1228 liutidinas
709 1150 896 1229 >aestuales
917 1152 950 1213 et
964 1150 1092 1236 soram
1124 1144 1363 1215 hebdomadale
1396 1145 1432 1210 in
1462 1142 1564 1231 Nagy

538 1318 543 1333 .
637 1257 788 1327 Goriclia
811 1256 1050 1331 Mundam
1077 1256 1239 1336 aiznua„
1300 1281 1302 1289 ¹

393 1482 460 1542 Nos
490 1480 672 1559 Rodolphvs
705 1478 862 1553 secundus
886 1476 936 1537 dei
959 1477 1063 1556 gratia
1090 1476 1208 1535 electus
1232 1476 1443 1535 Romanorum
1466 1472 1564 1550 impc-

287 1599 370 1651 rator
393 1608 519 1667 semper
542 1595 703 1667 augustus,
728 1606 766 1645 ac
789 1584 988 1655 Germaniae,
1021 1583 1212 1663 Hungariae,
1237 1558 1415 1661 Bohemiae,
1440 1581 1564 1640 Dalma-

287 1698 359 1773 tiae,
381 1696 539 1771 Creatiae,
569 1694 756 1766 Sclauoniae
789 1702 847 1753 etc.
877 1712 941 1768 rex,
973 1692 1121 1766 archidux
1153 1690 1313 1773 Austriae,
1337 1691 1398 1749 dux
1423 1690 1565 1769 Burgum·

287 1806 367 1882 diae,
398 1804 596 1877 Brabantiae,
626 1804 766 1865 marchio
799 1801 971 1873 Morauiae,
1002 1819 1109 1875 comes
1133 1798 1256 1876 Tyrolis
1288 1807 1319 1857 et
1343 1796 1482 1867 Goritiae
1505 1805 1564 1875 etc.

288 1913 457 1974 memoriae
480 1912 736 1973 commendamus
760 1920 868 1970 tenore
892 1908 1106 1989 praesentium
1131 1906 1355 1995 significantes,
1378 1904 1490 1987 quibus
1514 1923 1564 1963 ex-

286 2022 371 2099 pedit
402 2020 563 2081 universis.
600 2019 694 2094 Quod
725 2037 783 2078 nos
819 2038 888 2077 cum
914 2017 953 2076 ad
978 2010 1206 2075 nonnullorum
1223 2004 1364 2074 'fidelium
1381 2016 1565 2074 'nostrorum

286 2127 477 2188 humilimam
493 2126 768 2204 supplicationem,
799 2110 856 2203 pro
887 2131 977 2201 parte
1003 2122 1139 2182 fidelium
1163 2110 1339 2183 nostrorum
1364 2120 1566 2201 egregiorum

287 2236 409 2297 loannis
433 2236 614 2317 Pogledich,
637 2232 937 2294 comitis-terrestris
965 2230 1115 2290 nobilium
1140 2223 1253 2309 Campi
1277 2231 1454 2309 Turopolia,
1471 2228 1565 2288 maie-

286 2344 359 2405 stati
382 2353 508 2402 nostrae
537 2343 661 2416 tactam,
684 2351 751 2401 tum
776 2360 850 2400 vero
873 2358 931 2418 pro
956 2337 1089 2397 utilitate
1113 2346 1152 2425 et·
1168 2339 1333 2399 commodo
1357 2338 1446 2419 regni
1469 2335 1566 2396 nostri

286 2452 481 2535 Sclauoniae,
505 2470 542 2510 ac
571 2450 787 2534 universorum
819 2449 991 2508 incolarum
1023 2448 1231 2529 possessionis
1267 2446 1445 2531 eorundem
1473 2446 1567 2524 Nagy

290 2540 430 2618 Goricha
450 2540 592 2633 vocatae,
616 2557 648 2615 in
672 2546 795 2645 Campo
818 2545 850 2615 et
871 2546 1023 2643 comitatu
1047 2554 1262 2645 Zagrabiensi,
1285 2535 1500 2633 territorioque
1524 2552 1568 2630 ip-

288 2682 393 2725 sorum
427 2665 511 2743 apud
546 2664 712 2724 ecclesiam
743 2664 855 2722 beatae
879 2663 1001 2722 Mariae
1025 2661 1156 2742 virginis
1181 2637 1353 2721 existentis¹
1367 2660 1500 2731 habitae,
1525 2660 1565 2719 ad

288 2774 420 2835 eandem
445 2772 678 2852 possessionem
701 2770 796 2851 Nagy
820 2769 957 2830 Goricha
972 2778 1193 2848 nuncupatam,
1219 2776 1388 2848 quaternas
1411 2766 1567 2828 nundinas

289 2880 410 2950 liberas
444 2899 501 2940 seu
535 2880 604 2940 fora
636 2879 784 2939 annualia
813 2879 921 2965 libera,
951 2877 1071 2938 scilicet
1095 2889 1126 2938 et
1150 2877 1398 2952 hebdomadalia,
1434 2895 1512 2936 unas
1536 2877 1567 2935 in

288 2988 443 3048 dominica
460 2987 684 3060 Misericordia,
701 2988 816 3047 alteras
832 2987 864 3045 in
880 2985 1049 3045 testivitate
1067 2984 1269 3046 sacratissimi
1287 2985 1425 3064 corporis
1442 2983 1567 3057 Christi,

288 3097 395 3158 tertias
420 3097 450 3155 in
473 3096 553 3156 testo
574 3097 674 3158 sancti
697 3095 862 3160 Matthaei,
875 3094 1009 3174 apostoli
1033 3103 1064 3154 et
1088 3094 1313 3172 evangelistae.
1329 3103 1466 3174 ,quartas
1490 3111 1567 3152 vero

274 3208 318 3264 ·in
350 3203 430 3263 festo
465 3204 688 3282 purificationis
723 3205 837 3263 beatae
873 3202 994 3262 Mariae
1026 3202 1166 3281 virginis,
1190 3201 1320 3280 aliisque
1352 3201 1461 3262 diebus
1497 3198 1563 3278 ipsa

287 3312 367 3372 testa
390 3311 650 3389 praecedentibus
685 3321 716 3370 et
745 3311 923 3370 immediate
959 3310 1231 3390 subsequentibus,
1269 3309 1309 3370 ad
1332 3309 1363 3369 id
1388 3309 1567 3369 necessario

271 3420 369 3499 aptis
399 3427 431 3479 et
463 3419 697 3494 sufficientibus,
729 3420 814 3478 omni
838 3437 938 3491 anno;
961 3420 1036 3478 item
1065 3419 1166 3478 lorum
1179 3419 1419 3478 ‘hebdomadale
1444 3417 1567 3496 singulo

287 3529 339 3588 die
363 3527 519 3589 dominico
553 3528 584 3587 in
608 3528 746 3607 qualibet
776 3517 985 3600 hebdomada,
1009 3527 1136 3586 omnino
1160 3527 1217 3587 sub
1242 3527 1351 3587 iisdem
1376 3525 1568 3585 libertatibus

273 3646 321 3696 ·et
350 3636 589 3716 praerogativis,
620 3636 732 3714 quibus
767 3636 924 3695 nundinae
959 3655 1015 3694 seu
1046 3635 1114 3694 fora
1143 3634 1294 3694 annualia
1322 3634 1428 3708 libera,
1453 3632 1569 3692 scilicet

290 3754 322 3804 et
355 3744 597 3804 hebdomadalia
632 3743 793 3804 civitatum
828 3733 1007 3804 nostrarum
1043 3744 1211 3803 liberarum
1244 3751 1297 3802 aut
1330 3743 1513 3821 oppidorum
1538 3749 1569 3802 ct

291 3854 432 3913 villarum
456 3853 660 3926 celebrantur,
684 3860 835 3930 perpetuo
860 3853 1013 3912 celebrari
1037 3851 1182 3911 duximus
1207 3850 1344 3926 gratiose
1370 3849 1569 3908 annuendum

290 3968 322 4020 et
345 3961 580 4021 concedendum
620 3961 685 4019 lmo
717 3960 883 4020 annuimus
916 3970 947 4019 et
979 3951 1180 4019 concedimus
1211 3956 1424 4036 praesentium
1447 3975 1503 4033 per
1526 3957 1569 4018 vi·

291 4087 410 4148 goram,
427 4067 545 4146 absque
568 4075 674 4126 tamen
697 4066 888 4144 praeiudicio
915 4067 1123 4127 nundinarum
1147 4085 1204 4125 seu
1219 4063 1356 4125 totorum
1381 4063 1570 4138 annualium,

291 4176 408 4237 scilicet
439 4184 471 4235 et
501 4175 774 4236 hebdomadalium
806 4175 973 4234 liberorum
999 4183 1029 4234 et
1053 4174 1183 4234 aliorum
1207 4191 1463 4253 quorumcunque
1487 4173 1570 4231 loco-

292 4303 359 4344 rum
382 4283 682 4344 circumvicinorum.
707 4282 864 4360 Quocirca
888 4301 946 4342 vos
970 4295 1090 4342 omnes¹
1105 4291 1136 4342 et
1159 4283 1300 4362 singulos
1325 4289 1515 4340 mercatores
1540 4289 1570 4339 et

291 4391 462 4467 institores,
486 4410 524 4450 ac
547 4393 688 4452 forenses
704 4391 855 4462 homines¹
870 4399 901 4450 et
924 4390 1061 4470 viatores
1077 4389 1239 4470 quoslibet,
1256 4389 1366 4448 harum
1384 4387 1464 4447 serie
1485 4405 1570 4447 asse-

292 4520 447 4572 curamus,
484 4499 651 4560 affidamus
674 4507 706 4559 et
730 4499 948 4568 certificemus,
962 4503 1128 4577 quatenus
1153 4498 1192 4556 ad
1213 4497 1394 4576 praedictas
1415 4496 1570 4556 nundinas

292 4628 349 4669 seu
372 4609 439 4669 lora
463 4607 619 4683 annualia,
641 4607 760 4667 scilicet
783 4616 814 4666 ct
839 4606 1089 4682 hebdomadalia,
1113 4626 1168 4685 per
1193 4627 1250 4666 nos
1273 4606 1303 4665 in
1329 4612 1478 4664 annotata
1501 4624 1571 4682 pos·

292 4716 431 4776 sessione
462 4716 556 4796 Nagy
591 4714 727 4774 Goricha
761 4724 882 4790 vocata,
906 4715 1000 4774 modo
1034 4713 1208 4792 praemisso
1245 4721 1395 4792 perpetuo
1420 4711 1571 4772 celebrari

293 4824 477 4884 commissas
510 4831 541 4883 et
572 4841 732 4895 concessa,
758 4842 829 4881 cum
860 4822 1004 4882 omnibus
1030 4820 1217 4896 mercantiis,
1249 4820 1404 4898 rebusque
1428 4827 1459 4878 et
1482 4819 1571 4878 bonis

295 4931 416 5008 vestris,
438 4930 548 5005 libere,
571 4948 681 4995 secure
704 4937 736 4992 et
759 4928 878 5010 absque
902 4930 963 4994 ullo
987 4947 1103 5014 pavore
1127 4937 1159 4994 et
1181 4927 1344 4994 formidine
1360 4944 1572 5014 personarum,
