3934 5550
1534 375 1599 454 605

311 608 470 685 attractas,
494 618 587 686 quam
612 626 669 685 pro
692 596 804 667 iisdem
827 597 982 666 militaret
1007 605 1101 684 Quod
1125 616 1231 667 autem
1256 605 1370 668 delicta
1402 608 1528 688 magica
1543 627 1599 687 per

307 714 478 775 infallibilia
508 713 624 774 iudicia
652 732 759 773 coram
789 721 956 793 praesente
989 713 1056 772 iure
1087 714 1219 791 probata
1244 714 1313 788 sint,
1345 723 1376 774 et
1411 715 1596 791 habeantur,

311 823 441 882 evidens
464 819 676 880 testimonium
705 828 761 894 est,
785 820 865 879 inter
889 819 979 879 isthic
1003 838 1155 898 praesens
1179 829 1210 880 et
1234 822 1441 900 personaliter
1468 823 1598 882 adstans

311 928 437 1008 quidem
462 928 583 987 iuvenis
612 935 678 986 arte
702 927 827 1007 magica
851 946 908 1005 per
931 926 1141 1003 Kullyankam
1158 927 1311 987 hactenus
1328 929 1390 988 iam
1407 929 1598 1007 expeditam,

312 1037 452 1116 aliasque
477 1036 618 1095 eiusdem
641 1035 745 1095 socias
769 1042 801 1095 et
824 1044 896 1094 actu
919 1035 970 1094 hic
994 1035 1201 1096 invinculatas
1225 1037 1256 1096 in
1281 1055 1410 1096 causam
1435 1044 1596 1110 attractas,

310 1161 405 1202 manu
428 1143 569 1221 privatus
593 1151 625 1202 et
646 1142 858 1202 calamitatem
889 1161 980 1201 suam
1014 1143 1189 1220 deplorans,
1227 1144 1299 1220 Quo
1323 1163 1399 1204 vero
1423 1145 1464 1203 ad
1488 1145 1519 1205 id
1544 1145 1597 1205 ubi

311 1257 492 1328 procurator
523 1249 555 1308 in
587 1268 717 1309 causam
752 1256 954 1309 attractarum
990 1248 1104 1308 delicta
1139 1269 1195 1328 per
1225 1251 1305 1310 duos
1338 1259 1435 1311 testes
1470 1251 1596 1330 probari

314 1358 430 1417 debere
458 1356 595 1429 dixisset,
626 1356 658 1415 id
682 1357 713 1415 in
737 1355 866 1415 occultis
898 1355 942 1414 uti
974 1356 1099 1436 magica
1132 1365 1237 1416 essent
1268 1358 1438 1418 sceleribus
1472 1361 1595 1438 regula·

314 1464 387 1523 riter
411 1483 471 1523 non
496 1465 688 1542 procederet,
712 1463 769 1522 sed
792 1470 824 1522 et
847 1462 873 1522 si
895 1463 957 1522 hoc
980 1481 1104 1542 quoque
1129 1462 1159 1522 in
1184 1483 1260 1524 casu
1284 1466 1455 1544 procedere
1481 1455 1594 1525 ¹admit·

311 1581 438 1646 teretur,
472 1572 532 1631 hoc
566 1591 629 1631 non
661 1571 749 1630 aliter
784 1570 913 1650 intelligi
945 1571 1083 1647 deberet,
1116 1590 1210 1651 quam
1242 1573 1325 1651 quod
1357 1573 1397 1633 ad
1428 1573 1591 1634 ferendam

314 1679 422 1739 mortis
453 1682 528 1756 (non
560 1699 635 1739 vero
666 1688 804 1738 torturae
828 1679 968 1738 veritatis
997 1679 1188 1758 alioquinin
1212 1681 1363 1740 similibus
1387 1681 1516 1740 occultis
1540 1684 1592 1741 de·

314 1789 393 1848 lictis
425 1788 633 1867 exploraticis)
665 1787 853 1846 sententiam
885 1787 956 1846 talis
987 1787 1085 1865 proba
1115 1787 1418 1866 praerequireretur3
1451 1788 1593 1848 contron-

313 1896 390 1956 tatio
413 1915 498 1970 veru,
522 1913 603 1974 quae
627 1894 807 1954 necessaria
830 1893 896 1953 fore
921 1893 1143 1972 praetenditur,
1175 1895 1255 1954 sicut
1278 1895 1304 1954 si
1330 1895 1394 1954 lieri
1418 1904 1522 1974 potest
1545 1903 1594 1956 est

309 2004 350 2064 de
384 2002 504 2063 meliori
539 2021 619 2078 esse,
655 2001 697 2061 ita
729 2019 853 2080 quoque
888 2001 913 2060 si
948 2001 1017 2060 fieri
1049 2001 1165 2080 nequit,
1200 2020 1262 2061 non
1297 2010 1345 2062 est
1379 2002 1418 2062 de
1450 2021 1590 2064 necesse.

308 2112 468 2186 Quantum
503 2127 596 2187 porro
630 2110 670 2168 ad
706 2109 857 2187 producta
888 2109 922 2170 B.
955 2117 987 2166 et
1022 2107 1087 2167 CC.
1119 2116 1227 2168 notata
1259 2109 1444 2186 praeprimis
1479 2110 1593 2170 eadem

308 2218 385 2295 petit
407 2236 514 2276 secum
538 2217 770 2291 communicari,
796 2217 908 2294 quibus
933 2217 1170 2276 communicatis
1194 2225 1377 2295 procurator
1401 2217 1483 2277 idem
1508 2217 1591 2293 dicit,

308 2324 334 2384 si
366 2325 476 2384 eadem
508 2324 602 2384 etiam
633 2324 811 2384 testimonia
842 2324 1086 2400 considerentur,
1110 2324 1191 2402 parti
1222 2323 1253 2383 in
1286 2345 1414 2385 causam
1440 2333 1591 2386 attractae

308 2431 381 2492 nihil
411 2432 680 2512 suffragabuntur;
712 2451 785 2491 nam
821 2431 848 2490 si
882 2433 944 2490 tale
974 2430 1184 2490 testimonium
1221 2449 1240 2490 a
1273 2440 1475 2511 procuratore
1508 2453 1590 2494 nunc

308 2539 464 2618 allegante
495 2538 735 2610 desideraretur,
772 2538 845 2597 illud
876 2537 903 2597 is
935 2557 1059 2616 quoque
1094 2538 1267 2616 perbibere,
1303 2547 1335 2598 et
1365 2540 1449 2618 quod
1481 2551 1590 2600 contra

307 2647 434 2705 easdem
470 2645 501 2705 in
537 2665 665 2706 causam
701 2653 851 2706 attractas
875 2646 955 2704 scitu
979 2653 1010 2704 et
1034 2645 1103 2704 visu
1127 2645 1201 2705 nihil
1225 2645 1312 2721 sciat,
1344 2646 1448 2706 dicere
1481 2649 1587 2726 possit.

307 2753 442 2814 Domum
478 2751 532 2816 ubi
566 2743 749 2832 procurator
784 2753 816 2813 in
851 2771 980 2813 causam
1017 2760 1219 2813 attractarum
1245 2753 1420 2814 inimicitias
1443 2732 1488 2813 'et
1517 2754 1589 2816 livo-

306 2880 372 2920 rem
408 2863 567 2943 allegaret,
602 2860 693 2921 sicuti
726 2860 800 2920 talia
835 2879 894 2921 nec
929 2860 1085 2938 probaret,
1116 2879 1175 2921 nec
1209 2861 1410 2921 rationabiles
1445 2863 1589 2924 similium

306 2968 501 3029 coniecturas
525 2971 669 3042 adferret,
700 2967 744 3027 ita
773 2967 890 3047 pariter
918 2968 978 3027 hoc
1010 2968 1150 3028 eiusdem
1185 2976 1338 3028 assertum
1361 2988 1382 3052 a
1404 2969 1484 3030 iacie
1515 2970 1589 3034 iuris

306 3073 499 3165 simpliciter¹
515 3084 726 3139 evanesceret.
758 3075 818 3137 Ubi
853 3094 928 3135 vero
959 3074 1194 3135 Czelichianam
1224 3084 1356 3135 matrem
1381 3084 1490 3137 contra
1513 3096 1588 3137 eun·

305 3181 377 3241 dem
410 3182 538 3243 Czelich
568 3184 663 3243 filium
696 3203 787 3242 suum
818 3183 936 3242 fassam
969 3182 1137 3242 tassionem
1170 3201 1337 3243 revocasse
1369 3183 1451 3244 idem
1477 3204 1587 3263 procu·

303 3297 390 3349 ratur
419 3291 450 3351 in
482 3310 610 3351 causam
642 3290 764 3350 attracti
803 3289 885 3364 dicit,
920 3288 1051 3367 opponit
1083 3289 1185 3350 eidem
1219 3290 1412 3370 fidedignam
1447 3292 1588 3352 torturali

305 3398 440 3458 examini
470 3398 690 3477 praesentium,
721 3405 752 3456 et
783 3397 832 3457 hic
865 3416 990 3475 quoque
1020 3396 1052 3456 in
1083 3396 1196 3457 iudicio
1227 3397 1423 3457 existentium
1450 3392 1587 3460 ¹duorum

303 3505 432 3566 huiusce
456 3506 569 3585 Campi
592 3506 762 3566 iuratorum
787 3504 1041 3583 recognitionem,
1066 3504 1230 3584 taliterque
1254 3506 1337 3566 notis
1355 3507 1495 3567 eiusdem
1512 3528 1580 3585 per·

303 3612 388 3672 sonis
404 3614 435 3674 in
451 3633 580 3674 causam
596 3614 735 3673 attractis
756 3612 899 3693 allegatis
915 3619 947 3671 et
962 3611 1122 3691 productis
1138 3612 1252 3690 partim
1269 3612 1387 3672 eisdem
1403 3614 1433 3672 in
1451 3633 1580 3674 causam

304 3722 443 3781 attractis
465 3722 539 3781 nibil
564 3720 731 3800 suflragari
758 3720 863 3780 valere
888 3719 1112 3793 remonstratis,
1136 3719 1250 3797 partim
1274 3738 1349 3780 vero
1372 3740 1429 3799 per
1453 3726 1583 3801 praevia

304 3828 444 3889 eiusdem
467 3828 679 3908 procuratoris
713 3826 828 3887 actoris
852 3827 990 3905 allegata
1013 3834 1044 3886 et
1067 3826 1205 3885 rationes
1229 3826 1333 3886 dilutis
1357 3836 1388 3887 et
1411 3828 1496 3887 elisis
1520 3829 1583 3889 exi·

303 3936 465 4010 stentibus,
489 3936 519 3996 in
543 3935 759 3996 conformitate
783 3941 985 4013 praeerectae
1010 3934 1150 4009 actionis,
1173 3934 1307 4012 primum
1332 3942 1362 3995 et
1386 3944 1458 3995 ante
1476 3938 1581 3997 omnia

302 4045 436 4104 eundern
459 4054 490 4104 et
513 4045 642 4104 easdem
666 4044 697 4103 in
721 4062 850 4103 causam
876 4049 1025 4103 attractas
1049 4051 1187 4102 torturae
1212 4042 1422 4103 subiiciendos
1445 4045 1582 4119 decerni,

301 4159 334 4209 et
365 4170 421 4228 per
451 4152 586 4229 reliquas
620 4170 658 4210 ex
691 4159 778 4227 parte
806 4169 938 4227 quarum
961 4156 1144 4227 procurator
1168 4149 1200 4208 in
1224 4168 1353 4209 causam
1377 4159 1581 4211 attractarurn

301 4277 363 4317 non
388 4259 453 4338 agit
476 4258 681 4337 personaliter
703 4258 789 4317 litem
812 4256 981 4316 contestari
1004 4256 1089 4335 petit,
1114 4267 1145 4317 et
1168 4257 1200 4316 in
1224 4256 1342 4335 reliquo
1367 4268 1516 4322 reservat.

407 4367 594 4425 Procurator
611 4364 642 4424 in
658 4383 786 4424 causam
804 4371 1006 4424 attractarum
1019 4364 1149 4441 praevia
1163 4383 1258 4442 super
1274 4364 1455 4442 praemissis
1468 4385 1578 4445 procu-

300 4472 412 4531 ratoris
436 4471 550 4532 actoris
568 4471 745 4551 inallegatis
769 4472 981 4549 protestando,
995 4469 1123 4549 suisque
1140 4470 1320 4548 praemissis
1345 4470 1474 4532 firmiter
1489 4473 1578 4532 insis-

301 4580 405 4654 tendo,
428 4579 551 4658 reponit
568 4587 795 4657 praeattactam
812 4586 932 4657 partem
957 4578 988 4638 in
1013 4596 1141 4637 causam
1164 4584 1330 4637 attractam
1359 4597 1420 4638 non
1444 4588 1478 4639 ut
1491 4598 1580 4658 prae·

298 4688 480 4747 tenderetur
503 4687 590 4758 viles,
615 4694 646 4745 et
669 4686 782 4745 nimius
807 4685 934 4745 assertis
950 4684 1256 4765 praesumptionibus
1279 4685 1439 4763 obnoxias,
1469 4705 1578 4746 verum

302 4794 422 4854 nobiles
454 4803 485 4854 et
516 4796 667 4874 integrae,
699 4795 872 4873 honestque
902 4793 1007 4853 famae
1041 4797 1144 4870 (prout
1178 4794 1238 4852 boc
1270 4812 1307 4853 ex
1332 4792 1490 4871 productis
1514 4794 1580 4855 suis

298 4901 452 4961 uberrime
471 4905 648 4979 appareret)
673 4919 744 4961 esse
768 4902 799 4960 in
823 4909 983 4979 comperto
1003 4900 1120 4974 haberi,
1137 4900 1312 4980 exindeque
1330 4900 1424 4961 etiam
1446 4920 1575 4961 conver·
