3934 5550
1484 428 1550 490 427

270 645 543 707 insurrectionales
580 664 735 725 expensas
770 645 951 723 praestandi
975 647 1135 706 relevatae
1165 645 1366 717 exstiterunt3
1405 652 1550 705 caeterae

271 761 374 812 autem
399 753 519 827 domus,
543 772 624 833 quae
647 752 851 831 pauperiores
875 762 955 829 sunt,
993 768 1116 831 quaeve
1141 752 1172 811 in
1196 752 1383 812 necessariis
1408 750 1552 830 expensis

271 879 456 921 concurrere
481 870 648 939 nequeunt,
673 860 878 939 personaliter
909 861 1073 940 insurgere
1101 860 1331 941 obligabantur,
1356 880 1394 920 ex
1418 878 1550 939 sequen·

269 968 352 1027 tibus
385 968 657 1029 communitatibus
690 988 837 1029 numerus
869 968 1097 1049 insurgentium
1127 987 1184 1049 per
1213 969 1447 1048 deputationem
1476 967 1551 1030 deli·

269 1074 353 1154 gitur
382 1083 413 1135 et
436 1076 579 1154 quidem:

487 1183 597 1243 Kuche
652 1228 1250 1247 ............
1300 1182 1333 1246 ll

485 1290 688 1350 Rakittovecz
704 1335 1249 1355 ...........
1318 1290 1339 1350 2

485 1398 636 1457 Mraezlin
653 1443 1250 1464 ............
1300 1397 1340 1459 14

483 1505 593 1565 Velika
616 1504 752 1565 Goricza
809 1552 1247 1571 .........
1320 1505 1330 1566 l

482 1612 626 1673 Kobilich
647 1658 1245 1675 ............
1314 1612 1336 1674 4

485 1722 663 1781 Bussevecz
702 1766 1247 1785 ...........
1316 1720 1336 1780 7

483 1828 680 1889 Kurillovecz
704 1874 1247 1890 ...........
1315 1826 1337 1889 4

484 1936 702 2014 Kys-Goricza
757 1983 1247 2000 ..........
1316 1936 1335 1996 7

481 2046 592 2105 Pleszo
645 2090 1244 2110 ............
1312 2044 1333 2105 8

480 2152 700 2233 Nagy-Mlalra
753 2199 1246 2215 ..........
1315 2154 1336 2215 5

482 2262 624 2321 Hrasche
646 2306 1245 2327 ............
1313 2259 1335 2322 4

481 2368 558 2428 Alsa
575 2369 742 2429 Lomnicza
754 2415 1246 2433 ..........
1296 2368 1335 2431 15

479 2475 628 2554 Superior
651 2477 819 2539 Lulravecz
842 2486 874 2537 et
897 2456 1143 2539 Markussevecz
1185 2524 1193 2538 .
1239 2520 1246 2536 .
1314 2475 1336 2535 4
1441 2537 1446 2551 ,

467 2583 556 2644 -Also
573 2584 739 2644 Lukavecz
753 2630 1243 2649 ..........
1314 2582 1334 2643 2

480 2693 690 2753 Bakovschalr
699 2738 1244 2758 ...........
1312 2690 1333 2753 3

479 2801 691 2861 Vukomerich
702 2847 1245 2864 ...........
1296 2799 1335 2862 10

481 2909 725 2988 Dragonosseez
751 2954 1242 2983 ..........
1288 2906 1331 2969 25

481 3017 712 3076 Pervonossina
756 3063 978 3080 .....
1015 3031 1021 3042 ·
1025 3063 1246 3082 .....
1318 3015 1331 3076 l

480 3123 665 3184 Dubranecz
703 3169 1246 3190 ...........
1314 3121 1335 3184 8

480 3229 700 3290 Gusztelnicza
755 3276 1245 3294 ..........
1314 3229 1335 3293 8

479 3337 682 3398 Czerovszko
711 3339 814 3398 Berdo
861 3385 1243 3402 ........
1295 3337 1328 3398 ll

397 3497 399 3506 ,
480 3445 696 3506 szetlrovich
720 3447 824 3506 Berdo
859 3493 1243 3512 ........
1312 3445 1334 3507 6

373 3555 526 3616 Dominus
550 3556 573 3614 F
576 3556 685 3616 arkass
709 3573 766 3633 pro
791 3554 967 3636 vigiliarum
991 3556 1144 3636 magistro
1168 3558 1287 3617 electus
1310 3564 1366 3616 est.

370 3677 524 3750 originale.
553 3678 584 3731 In
613 3677 727 3733 archivo
754 3693 896 3733 commun.
926 3680 993 3733 nob.
1021 3680 1057 3733 de
1084 3679 1251 3750 Turopolje:
1281 3679 1549 3752 Congregationalia

266 3767 336 3824 sasc.
355 3765 416 3822 348.

852 3944 958 4015 240.

371 4127 463 4186 Anno
491 4125 583 4187 1809.
611 4125 663 4188 24.
687 4127 797 4188 martii.
821 4129 1010 4208 Zagrabiae.

265 4301 431 4366 Baltasar
462 4301 659 4386 Potachich,
690 4309 783 4389 supr.
816 4325 937 4384 camec,
968 4304 1099 4392 sclopos
1120 4325 1164 4369 ex
1183 4306 1459 4372 armamentario
1485 4305 1547 4368 Ca-

440 4409 684 4476 rolostadiensi
707 4411 913 4476 conruar'latr'
941 4411 1182 4498 Turopoliensi
1204 4412 1370 4500 assignat.

371 4590 478 4651 Inclita
502 4591 696 4653 universitas,

531 4717 656 4779 Domini
680 4717 879 4800 singulariter
903 4706 1131 4780 colendissimi!

371 4841 430 4900 Hic
457 4841 558 4902 habeo
590 4844 741 4903 honorem
765 4845 796 4902 in
822 4845 966 4904 absentia
990 4863 1065 4905 snae
1091 4846 1294 4906 excellentiae
1319 4847 1443 4906 comitis
1471 4846 1546 4906 bani

264 4957 294 5008 et
326 4949 575 5010 excellentissimi
609 4951 724 5012 domini
755 4951 995 5012 locumtenentis
1028 4952 1275 5033 assignationem
1307 4972 1400 5034 super
1429 4954 1543 5032 sclopis
