3934 5550
1547 377 1607 437 471

328 589 369 649 ad
394 592 412 667 ᾗ
438 588 489 655 35,
513 591 598 650 lacta
621 590 824 669 dispositione
856 593 948 670 (quae
980 592 1013 651 in
1044 611 1083 651 eo
1114 593 1208 653 etiam
1239 612 1352 654 manca
1382 600 1438 668 est,
1469 595 1554 673 quod
1580 593 1612 653 in

326 698 386 757 hoc
410 698 610 778 paragrapho
644 716 706 757 non
738 698 909 779 attingatur
940 700 1109 775 individua,
1141 701 1254 779 quibus
1276 701 1431 763 incolatus
1456 701 1612 761 confertur

326 806 380 864 uni
404 824 442 864 ex
459 805 662 885 religionibus
687 806 716 865 in
741 807 847 885 regnis
871 807 1001 866 adnexis
1023 807 1159 885 receptis
1184 809 1355 868 adhaerere
1379 808 1515 884 debere),
1536 809 1610 867 item

324 913 510 973 electoribus
542 932 712 992 eorumque
745 913 910 988 evidentia,
943 924 1035 994 prout
1066 922 1097 974 et
1128 914 1197 993 ipsa
1228 915 1389 975 electionis
1420 924 1485 975 tarn
1508 916 1607 995 magi-

324 1028 477 1080 stratuum
500 1039 595 1098 quam
620 1030 652 1079 et
674 1020 978 1097 repraesentantium
1003 1022 1193 1097 modalitate,
1218 1023 1348 1100 aliisque
1372 1023 1527 1102 requisitis
1551 1044 1609 1082 nec

324 1128 420 1187 hilum
442 1127 568 1205 quidem
593 1128 832 1205 praescribatur,
857 1147 938 1207 quae
962 1130 1069 1188 omnia
1090 1148 1148 1207 pro
1171 1148 1218 1199 ec,
1242 1139 1277 1189 ut
1299 1137 1404 1190 certus
1420 1130 1606 1209 debitosque

323 1237 400 1295 ordo
432 1254 503 1295 cum
534 1254 615 1295 nova
647 1236 717 1312 lege
749 1236 972 1310 introducatur,
1005 1238 1149 1314 exemplo
1172 1237 1289 1297 ordinis
1313 1257 1369 1316 pro
1393 1238 1461 1298 aliis
1485 1239 1604 1298 distric-

323 1343 405 1403 tibus
437 1343 609 1422 proiectati,
641 1343 950 1403 circumstantialiter·
978 1343 1179 1403 determinari
1212 1345 1335 1403 debent.
1370 1346 1540 1405 Caeterum
1571 1346 1612 1405 ad

325 1451 408 1510 hune
431 1450 665 1530 paragraphum
690 1450 793 1509 adhuc
809 1452 1035 1510 advertendum
1053 1460 1115 1511 est:
1143 1452 1228 1529 quod
1242 1452 1396 1511 nobilibus
1409 1452 1525 1530 Campi
1548 1454 1610 1511 Tu·

321 1558 443 1635 ropolja
478 1558 570 1618 valde
606 1558 765 1637 ingratum
800 1558 937 1617 futurum
973 1559 1022 1633 sit,
1061 1559 1089 1618 si
1123 1559 1402 1619 consultationibus
1438 1560 1611 1621 nobilitaris

322 1664 552 1726 communitatis
577 1665 671 1725 etiam
695 1665 787 1724 iudex
811 1666 960 1745 pagensis
986 1666 1172 1725 rusticorum
1202 1668 1269 1745 pari
1286 1687 1356 1727 cum
1372 1668 1526 1727 nobilibus
1540 1677 1613 1728 voto

324 1774 493 1853 gavisurus
517 1772 729 1833 intervenerit

428 1882 477 1941 Ad
511 1883 549 1959 §§
584 1878 636 1941 42,
661 1890 691 1941 et
715 1879 767 1943 43.
795 1881 880 1940 Cum
907 1881 1051 1961 Campus
1077 1882 1244 1961 Turopolja
1269 1882 1333 1944 500
1358 1884 1478 1944 circiter
1502 1886 1613 1970 domus

322 1990 469 2051 nobilium
494 2008 512 2047 a
536 1988 648 2066 potiori
677 2008 733 2067 per
757 1988 931 2049 Continuas
955 1989 1124 2051 divisiones
1149 1992 1190 2051 ad
1211 1991 1322 2051 incitas
1344 1993 1551 2066 redactorum,
1575 2012 1612 2053 ac

321 2096 510 2176 singillative
535 2096 576 2155 ad
600 2114 726 2173 paucos,
752 2096 930 2175 exiguosve
948 2116 1096 2176 agrorum
1120 2099 1250 2158 lectulos
1272 2099 1493 2172 restrictorum,
1517 2100 1548 2158 in
1570 2098 1612 2161 24

320 2203 594 2263 communitatibus
629 2203 835 2263 habitantium
870 2212 1022 2280 numeret,
1058 2203 1110 2277 ita,
1142 2205 1226 2283 quod
1259 2204 1359 2265 cuivis
1398 2206 1611 2265 communitati

320 2312 443 2372 nonnisi
467 2309 510 2371 20
533 2311 650 2370 incirca
674 2312 784 2371 domus
808 2309 983 2390 obtingant,
1007 2312 1060 2370 ubi
1084 2322 1196 2371 tamen
1221 2321 1340 2372 certum
1364 2320 1420 2389 est,
1444 2312 1474 2372 in
1489 2312 1611 2391 Campo

320 2394 491 2498 Turopolja
525 2419 764 2478 communitates
799 2436 971 2492 occurrere,
1003 2438 1085 2498 quae
1109 2417 1130 2478 8
1154 2420 1316 2479 dumtaxat
1351 2421 1463 2479 domos
1498 2439 1605 2480 nume·

320 2534 398 2602 rant,
430 2535 461 2587 et
492 2545 588 2585 unum
612 2526 784 2585 alterumve
815 2534 864 2585 sat
895 2526 1072 2586 restrictum
1095 2547 1214 2607 pagum
1237 2528 1329 2605 plane
1354 2528 1394 2586 ad
1418 2529 1498 2587 duas
1522 2546 1605 2586 com-

319 2634 487 2694 munitates
504 2633 749 2693 discriminatum
766 2653 846 2708 esse,
870 2642 981 2712 suapte
999 2634 1179 2713 intelligitur
1203 2634 1443 2695 communitates
1467 2635 1604 2694 hastam

320 2742 461 2822 exiguas,
486 2760 567 2819 quae
591 2740 631 2800 ob
655 2740 811 2801 delectum
837 2741 957 2816 virium,
980 2741 1145 2817 notarium,
1169 2760 1264 2821 quem
1280 2761 1351 2801 cum
1367 2762 1477 2803 omnes
1493 2760 1604 2821 propc-

319 2851 447 2911 modum
484 2850 604 2910 nobiles
638 2850 752 2928 Campi
783 2848 955 2928 Turopolja
986 2851 1158 2928 scripturae
1188 2850 1290 2930 ignari
1325 2850 1394 2924 sint,
1426 2850 1606 2909 necessario

320 2960 435 3018 habere
460 2959 618 3030 deberent,
642 2959 829 3017 intertenere
853 2966 1021 3036 nequeunt,
1039 2958 1206 3032 activitate,
1230 2958 1331 3036 qualis
1347 2958 1423 3035 ipsis
1438 2976 1493 3036 per
1509 2974 1598 3036 prae·-

318 3085 392 3126 sens
423 3066 502 3144 legis
535 3066 705 3143 proiectum
737 3066 828 3127 tribui
861 3065 1039 3142 intenditur,
1070 3076 1102 3125 et
1131 3067 1171 3126 ad
1202 3067 1291 3125 cuius
1322 3067 1489 3143 sphaeram
1518 3065 1604 3124 iuxta

318 3180 506 3252 provocatos
540 3175 577 3249 ἓξ
603 3171 653 3234 42.
678 3180 709 3232 et
733 3171 784 3234 43.
809 3172 840 3230 in
864 3171 969 3248 specie
994 3171 1142 3232 iudicium
1165 3173 1276 3233 intuitu
1301 3172 1606 3250 praevaricationum

319 3281 445 3360 politiae
470 3280 662 3358 campestris
687 3289 718 3339 et
741 3280 975 3358 implementum
1008 3281 1138 3356 illorum,
1166 3300 1247 3359 quae
1273 3281 1420 3339 articulus
1444 3279 1605 3340 cambialis

322 3388 370 3450 15.
404 3386 496 3449 1840.
520 3387 712 3466 praescribit,
737 3387 935 3464 pertinerent,
959 3389 1066 3447 vestiri
1090 3408 1154 3447 non
1177 3407 1279 3466 posse,
1304 3395 1353 3446 ast
1376 3389 1436 3446 hoc
1460 3388 1491 3446 in
1506 3405 1604 3464 passu

319 3517 410 3556 usum
434 3496 671 3576 praevigentem
699 3496 973 3569 manutenendum,
1006 3496 1221 3574 iudicibusque
1253 3495 1404 3555 illiteratis
1436 3494 1604 3554 communi-

319 3612 419 3664 tatum
444 3604 652 3662 nobilitarium
666 3604 818 3662 duntaxat
837 3603 888 3662 illa
905 3604 1039 3682 agenda,
1064 3622 1144 3681 quae
1162 3603 1282 3662 muneri
1299 3603 1438 3682 ipsorum
1454 3602 1606 3661 hactenus

318 3711 438 3771 credita
462 3720 559 3784 erant,
584 3711 664 3769 ultro
689 3711 892 3788 relinquenda
917 3729 998 3770 esse.

425 3819 475 3876 Ad
507 3821 524 3893 ξ
557 3815 608 3878 44.
635 3817 877 3876 Conclusionem
907 3836 988 3895 qnae
1020 3817 1060 3876 de
1093 3816 1320 3876 contributione
1344 3835 1400 3894 pro
1424 3815 1605 3876 domesticis

322 3934 354 3984 et
384 3926 478 3984 totius
509 3925 666 3984 districtus
697 3924 938 3983 necessitatibus
971 3923 1116 4004 tegendis
1150 3924 1282 3982 eiectata
1315 3923 1504 3982 incassanda
1528 3921 1604 4003 agit,

319 4039 382 4090 stat
404 4032 531 4092 reflexio
556 4032 597 4091 ad
620 4033 638 4106 §
668 4030 714 4090 12.
739 4031 881 4108 superius
906 4031 1017 4107 posita.

426 4140 475 4198 Ad
506 4143 524 4216 ξ
556 4137 607 4200 46.
638 4141 861 4218 Paragraphus
886 4139 947 4198 ista
974 4139 1090 4216 pariter
1118 4139 1395 4198 contradictionem
1420 4139 1550 4198 involvit
1575 4147 1606 4197 et

318 4247 445 4325 quidem
476 4255 540 4307 tam
572 4266 679 4307 secum
713 4247 790 4323 ipsa,
815 4266 909 4325 quarn
934 4255 965 4306 et
990 4267 1060 4305 cum
1092 4247 1292 4326 paragrapho
1320 4244 1371 4305 30.
1397 4266 1434 4306 ac
1458 4245 1508 4305 49.
1533 4266 1605 4306 nam

318 4354 389 4414 licet
405 4355 436 4412 in
461 4374 499 4414 ea
523 4355 653 4430 dicatur,
676 4356 760 4434 quod
786 4355 897 4414 modus
922 4355 1116 4436 generalium
1143 4355 1424 4434 congregationum
1448 4355 1606 4414 celebran-

318 4463 427 4521 darum
452 4462 483 4520 in
507 4481 564 4521 suo
597 4463 791 4542 praevigenti
827 4470 909 4522 statu
935 4462 1136 4540 relinquatur,
1159 4471 1266 4521 tamen
1289 4471 1399 4522 contra
1422 4463 1607 4522 modernum

317 4587 408 4628 usum
444 4587 506 4627 una
542 4569 695 4644 statuitur,
731 4569 815 4646 quod
852 4568 1002 4628 nobilium
1037 4569 1296 4628 communitatum
1331 4576 1606 4647 repraesentantes

319 4683 437 4758 (utpote
471 4675 556 4736 iuxta
587 4679 605 4752 ξ
633 4674 685 4737 48.
719 4677 883 4756 quinquies
914 4685 1002 4735 tanto
1034 4696 1164 4736 numero
1188 4676 1292 4752 luttrri,
1316 4685 1433 4756 quanto
1457 4675 1609 4735 officiales

318 4793 348 4844 et
373 4803 550 4843 assessores
582 4785 741 4844 districtus
774 4784 864 4842 simul
899 4785 993 4843 sumti
1024 4787 1141 4859 essent)
1176 4784 1242 4843 iure
1275 4785 1338 4843 voti
1369 4783 1509 4862 gavisuri
1539 4785 1609 4857 sint,

320 4891 372 4969 qui
404 4891 442 4950 de
474 4892 632 4968 praesenti
664 4893 758 4972 longe
789 4891 899 4950 minori
931 4891 962 4951 in
993 4891 1191 4968 proportione
1222 4901 1328 4950 votum
1353 4900 1508 4963 exercent,
1532 4910 1607 4968 quo·
