3934 5550
1499 420 1537 509 2'1

257 670 287 723 et
312 660 448 723 Modesti
484 658 653 734 martirum,
686 682 767 722 anno
797 658 913 723 domini
943 660 1106 721 millesimo
1131 662 1384 741 quingentesimo
1417 672 1540 742 septua-

257 772 389 851 gesimo.

360 895 505 964 Originale
529 896 752 959 membraneum,
772 896 791 947 a'
808 895 892 947 rubra
919 902 949 947 et
974 892 1045 947 flava
1064 876 1180 947 scricoa'
1192 891 1269 947 zoha¹
1281 891 1392 961 puntiet'
1408 892 1539 963 sigillum.

253 985 284 1037 In
304 986 418 1039 archivo
438 1000 589 1055 regnorum
610 984 640 1037 C.
660 984 687 1037 S.
707 991 738 1035 et
757 984 791 1035 D.
810 984 971 1054 Zagrabiac.
1224 984 1228 993 ‘

360 1524 452 1583 Anno
481 1522 573 1585 1570.

255 1734 473 1820 Conscriptio
494 1734 752 1799 vadiandorum
776 1732 946 1799 nobilium
974 1732 1098 1819 Campi
1121 1732 1376 1819 Zagiabiensis,
1406 1734 1468 1819 qui
1490 1734 1537 1798 ad

673 1840 798 1905 tellum
822 1861 893 1905 non
915 1840 1105 1905 aurierunt.

367 2059 459 2120 1570.
482 2060 728 2120 Extradata
753 2058 801 2119 ad
833 2060 1080 2119 vadiandum
1112 2078 1191 2136 eos,
1223 2058 1289 2138 qui
1321 2058 1436 2118 iuxta
1467 2078 1531 2137 pu·

251 2167 401 2227 blicam
425 2168 681 2228 dominorum
705 2168 903 2227 banoru'm
928 2166 1270 2227 commissionem
1296 2166 1344 2226 ad
1375 2166 1531 2226 bellurn

253 2293 331 2333 non
354 2275 545 2335 miserint
568 2284 646 2337 etc.

762 2508 1019 2585 Kobylychy.

403 2652 582 2729 Stephanus
607 2652 842 2729 Dyankowych.

404 2758 560 2841 Georgius
584 2758 795 2837 Gywranyeh.

403 2869 581 2945 Stephanus
607 2869 830 2945 Ladorrreryus.

799 3102 985 3178 Kochyes

402 3247 518 3306 Paulus
544 3248 711 3324 Lwchych.

400 3356 575 3436 Gregorius
599 3356 691 3415 idem.

400 3463 552 3522 Martinus
579 3463 737 3540 Knezyeh.

717 3699 1041 3775 Rakythowecz.

395 3843 531 3903 Michaei
554 3844 762 3905 Bwssewacz.
787 3844 929 3903 infirmus
953 3845 1018 3903 iuit.

821 4059 939 4135 Lazu

395 4200 545 4260 Matthias
569 4199 711 4277 Chwlay.
736 4201 925 4261 Ambulavit.

399 4307 554 4366 Martinus
577 4306 801 4384 Gaiekowych.

393 4414 569 4474 Anthonius
592 4415 685 4478 idem.
709 4416 899 4476 Ambuiavit.

395 4523 545 4598 Quirinus
571 4523 663 4584 idem.

393 4629 553 4710 Georgius
577 4630 668 4690 idem.
1206 4705 1209 4712 ,

391 4735 628 4796 Bartholomeus
654 4721 861 4814 uwuaeuyeu.
887 4734 1079 4800 ambutant.
1171 4731 1174 4738 ’
1204 4729 1206 4736 ’

390 4844 564 4924 Gregorius
589 4846 761 4925 Thrapyas.
787 4847 976 4907 Ambulavit.
1190 4921 1193 4926 μ

388 4951 539 5028 Quirinus
562 4953 746 5015 dechecz.
770 4941 904 5033 Pauper
920 4955 995 5015 nihii
1019 4956 1121 5015 habet.
1191 4967 1195 4974 “
1249 4949 1277 4974 ’“
