3934 5550
441 395 506 469 574

438 624 527 704 regni
552 632 582 683 et
607 623 762 683 connnuni
786 622 902 683 iustitia
927 617 971 682 sic
997 620 1267 702 praecipientibus.
1310 624 1423 683 Datum
1449 619 1524 683 lllso
1543 617 1719 698 inrirarteca,

442 732 491 792 die
514 733 762 810 quinta-mensis
788 733 974 806 novembris
1005 731 1096 793 1733.

859 843 918 898 Per
942 861 991 900 nie
1017 841 1182 898 Matthiam
1206 842 1331 914 Minich,
1356 843 1555 901 substitutum
1581 863 1619 904 nt.
1644 865 1673 922 p.

464 976 466 979 ⁵
546 987 590 1045 ln
625 987 777 1045 dorso:
811 1020 851 1028 —
883 986 920 1045 l).
955 1020 991 1027 -
1029 985 1191 1064 Originale
1225 984 1354 1043 actionis
1386 985 1572 1063 introscripti
1605 988 1720 1046 fiscalis

439 1103 470 1153 et
503 1093 625 1169 actoris,
649 1102 757 1152 contra
790 1100 820 1150 et
852 1093 1004 1150 adversus
1036 1092 1208 1151 Barbarum
1233 1089 1405 1170 Czigeticli,
1422 1093 1535 1151 nobilis
1558 1094 1629 1152 olim
1656 1095 1720 1154 Ge-

439 1201 519 1281 orgii
543 1200 724 1259 Koskouich
744 1199 860 1257 Sebina
884 1199 957 1258 dicti
981 1199 1121 1258 relictam
1139 1198 1273 1271 viduam,
1299 1199 1393 1258 veluti
1410 1200 1503 1258 modo
1521 1201 1719 1279 introscripto

438 1327 549 1388 sagam
582 1317 613 1367 et
644 1308 675 1366 iu
708 1327 835 1367 causam
861 1316 1035 1370 attractam.
1063 1309 1229 1367 Terminus
1261 1308 1416 1384 praefixus
1442 1309 1471 1366 in
1496 1311 1623 1368 castello
1658 1311 1718 1369 Lu-

437 1417 556 1474 lranecz
580 1435 636 1492 pro
660 1416 710 1475 die
735 1413 786 1477 23.
812 1415 904 1474 modo
929 1416 1080 1475 currentis
1105 1416 1220 1474 mensis
1246 1415 1423 1475 novembris
1454 1414 1545 1478 1733.

1112 1523 1172 1582 Per
1197 1522 1330 1582 eundem
1355 1522 1556 1581 substitutum
1580 1544 1619 1584 m.
1644 1545 1672 1602 p.

1010 1703 1024 1736 *
1133 1703 1147 1734 *

1071 1748 1085 1779 ss

544 1883 636 1942 Actio
660 1882 805 1961 generosi
830 1882 946 1941 domini
970 1883 1122 1940 Matthiae
1147 1879 1283 1950 hludich,
1308 1898 1371 1955 qua
1395 1878 1528 1956 inclytae
1553 1881 1719 1940 nobilitatis

437 1991 617 2069 Turopolya
640 1991 754 2050 fiscalis
778 2000 810 2050 et
834 1990 956 2064 actoris,
980 1998 1090 2050 contra
1124 1995 1155 2047 et
1188 1987 1339 2046 adversus
1372 1987 1607 2066 lllargaretham
1641 1990 1719 2048 Kos-

437 2099 548 2160 lrovich
565 2097 704 2158 Sebinlra
726 2097 851 2172 dictam,
867 2097 1031 2157 Michaelis
1048 2097 1119 2156 olim
1136 2094 1264 2154 Maidalr
1278 2093 1405 2151 textoris
1423 2095 1561 2154 relictam
1580 2098 1716 2173 viduam,

437 2207 532 2266 veluti
563 2205 743 2266 modalitate
775 2205 972 2283 infrascripta
1003 2225 1115 2286 sagam
1145 2213 1176 2262 et
1208 2203 1238 2260 in
1265 2219 1393 2264 causam
1429 2215 1603 2277 attractam,
1628 2225 1716 2264 occa-

437 2315 524 2374 sione
557 2322 589 2373 et
620 2321 783 2391 praetextu
807 2313 1002 2375 diversorum
1027 2324 1152 2377 actuum
1176 2321 1370 2400 magicorum
1395 2340 1451 2398 per
1484 2317 1617 2377 eandem
1643 2332 1716 2373 vero

440 2423 470 2480 in
504 2439 632 2480 causam
661 2427 826 2481 attractam
861 2430 1109 2500 perpetratorum
1143 2436 1173 2485 et
1204 2427 1284 2487 inira
1312 2428 1437 2487 uberius
1463 2423 1715 2502 exponendorum

366 2516 368 2522 ¹
438 2537 523 2588 mota
547 2537 579 2588 et
602 2536 715 2589 erecta.

543 2636 683 2711 Qualiter
713 2636 859 2696 nimirum
891 2639 980 2697 annis
1005 2648 1036 2699 et
1059 2641 1250 2718 temporibus
1280 2644 1391 2702 abhinc
1415 2640 1578 2701 retroactis
1603 2637 1713 2697 eadem

436 2745 467 2806 in
491 2763 618 2807 causam
644 2751 774 2805 attracta
798 2745 936 2806 nescitur
957 2766 1020 2825 qno
1044 2748 1197 2809 diabolico
1223 2749 1434 2811 circumuenta
1459 2748 1575 2827 spiritu,
1609 2745 1711 2806 simul·

436 2873 497 2933 que
521 2871 680 2931 persuasa,
705 2853 953 2914 abrenuntiando
978 2856 1102 2932 ipsimet
1125 2858 1342 2917 sanctissimae
1366 2857 1519 2932 Trinitati,
1541 2855 1647 2932 sieque
1664 2852 1716 2910 uni

437 2971 468 3021 et
491 2980 565 3020 vero
590 2961 650 3021 deo
674 2980 730 3020 suo
753 2959 886 3021 iuratam
910 2963 1052 3040 perprius
1076 2964 1170 3023 fidem
1195 2984 1284 3024 suam
1310 2965 1507 3045 abnegando,
1525 2972 1556 3022 et
1572 2960 1712 3021 infernali

437 3068 606 3129 vexillifero
630 3067 753 3128 diabolo
774 3076 885 3145 sponte
898 3070 1107 3145 adhaerendo
1135 3090 1171 3130 ac
1188 3072 1230 3131 ita
1247 3092 1265 3130 a
1282 3072 1481 3151 dogmatibus
1498 3070 1550 3130 dei
1567 3078 1598 3129 et
1615 3069 1712 3127 eccle·

436 3176 501 3235 siae
526 3176 665 3236 eiusdem
696 3176 880 3249 recedendo,
905 3176 1004 3254 primo
1029 3176 1163 3256 sigillum
1188 3178 1302 3237 diaboli
1327 3179 1357 3238 in
1381 3177 1641 3237 contestationem
1665 3173 1712 3233 sui

437 3287 632 3364 mancipatus
655 3286 714 3344 sibi
738 3285 871 3363 imprimi
896 3285 1082 3361 admisisset,
1107 3287 1288 3365 cohortique
1314 3306 1478 3366 magorum
1503 3294 1533 3345 et
1556 3302 1714 3364 sagarum,

438 3395 669 3473 earundemque
704 3393 863 3452 sceleratis
892 3400 923 3450 et
957 3392 1013 3451 toti
1037 3391 1263 3453 Christianitati
1288 3413 1439 3473 perquam
1462 3392 1581 3452 nocivis
1604 3408 1713 3469 opera·

435 3501 572 3561 tionibus
596 3501 799 3573 adhaesisset,
825 3508 856 3559 et
880 3500 920 3558 ad
944 3500 1072 3559 easdem
1098 3510 1286 3579 cooperante
1312 3501 1435 3561 diabolo
1460 3506 1569 3576 sponte
1594 3496 1713 3557 vicibus

437 3608 487 3667 vix
509 3607 717 3685 exprimendis
734 3606 950 3682 concurrisset,
974 3608 1138 3685 taliterque
1163 3608 1362 3667 manifestam
1387 3626 1499 3685 sagam
1523 3612 1622 3665 semet
1647 3604 1712 3663 elfi-

436 3735 506 3777 cere
533 3736 596 3777 non
619 3715 826 3790 formidasset,
850 3732 951 3793 neque
974 3734 1108 3792 poenam
1134 3716 1164 3775 in
1189 3715 1328 3795 generali
1348 3714 1438 3795 regni
1454 3715 1580 3773 decreto
1598 3712 1713 3790 passim

435 3826 601 3885 hincinde
626 3843 720 3901 super
743 3822 899 3882 talismodi
927 3821 1052 3881 nelariis
1078 3823 1196 3882 actibus
1220 3822 1353 3903 magicis
1377 3822 1529 3882 sancitam
1554 3821 1711 3881 incurrere

436 3933 615 3993 horruisset.

542 4041 589 4102 Ex
606 4059 643 4099 eo
661 4040 753 4098 vellet
770 4040 925 4098 antelatus
941 4037 1057 4097 fiscalis
1074 4045 1104 4097 et
1121 4046 1215 4111 actor,
1233 4039 1342 4117 vigore
1359 4039 1559 4098 articulorum
1584 4034 1711 4094 Posoni·

436 4150 559 4209 ensium
593 4147 697 4206 brevis
722 4166 888 4224 processus
912 4164 1005 4223 snper
1030 4146 1181 4205 eiusmodi
1209 4146 1328 4204 actibus
1353 4145 1485 4223 magicis
1510 4143 1712 4217 conditorum,

439 4265 644 4316 memoratam
660 4255 690 4313 in
708 4273 837 4315 causam
856 4261 1021 4313 attractam
1044 4253 1074 4311 in
1097 4254 1145 4312 ius
1167 4264 1196 4313 et
1217 4272 1345 4313 eausam
1370 4253 1545 4323 convenire,
1565 4251 1711 4310 eandem·

436 4384 497 4443 que
515 4364 610 4424 veluti
635 4364 728 4423 modo
745 4362 873 4440 praevio
890 4379 1010 4439 sagam,
1027 4361 1067 4419 ad
1084 4362 1269 4420 revelandos
1287 4361 1453 4442 complices
1478 4372 1509 4421 et
1532 4359 1711 4439 detegenda

435 4475 586 4533 scelerata
612 4490 670 4530 sua
693 4475 776 4530 lacta
799 4469 899 4549 primo
923 4476 1062 4527 torturae
1086 4468 1204 4543 subiici,
1229 4478 1339 4546 expost
1356 4470 1395 4529 ad
1413 4469 1558 4529 horribile
1583 4469 1711 4527 aliorum

435 4581 610 4659 exemplum
634 4598 713 4657 rogo
737 4578 839 4639 vivam
865 4577 1135 4646 concremandam,
1162 4578 1210 4635 vel
1232 4584 1322 4654 prout
1339 4577 1396 4636 iuri
1412 4586 1443 4636 et
1459 4576 1594 4636 institiae
1610 4575 1711 4635 visum

434 4688 533 4761 fuerit,
550 4687 641 4746 morti
666 4684 845 4744 adiudicari.
873 4684 988 4742 Datum
1014 4683 1089 4740 Also
1115 4684 1288 4756 lukarecz,
1313 4683 1362 4742 die
1387 4683 1494 4760 quinta
1517 4682 1634 4741 mensis
1658 4702 1712 4741 no-

435 4793 579 4869 vembris,
603 4811 686 4852 anno
710 4791 824 4852 dornini
854 4787 943 4848 1733.

851 4900 911 4956 Per
934 4917 984 4956 me
1011 4898 1174 4955 Mattlriarn
1200 4898 1324 4967 hlixich,
1349 4898 1549 4956 substitutum
1574 4918 1612 4955 rn.
1638 4916 1664 4975 p.
