3934 5550
417 312 463 382 ὅ

416 538 545 595 fratrum
569 536 706 613 ipsorum
730 535 880 615 personis
903 534 1075 597 ministerio
1098 532 1170 597 vive
1195 536 1281 597 vocis
1304 556 1414 597 eorum
1437 538 1616 596 confessum
1641 554 1693 596 ex·

415 644 476 701 titit
498 654 531 701 et
553 644 685 703 relatum
708 644 739 702 in
763 647 847 704 bunc
877 646 1016 719 modum,
1049 646 1134 725 quod
1165 647 1241 725 quia
1271 644 1383 705 nobilis
1416 653 1448 705 et
1479 645 1617 723 prudeus
1652 644 1698 703 vir

416 750 552 810 ‚llichael
575 751 772 828 tt'alwnycu,
795 752 888 812 iudex
911 753 1071 813 districm
1086 754 1126 812 de
1143 752 1347 826 Krawmlra,
1371 752 1510 813 sororius
1533 771 1609 812 vero
1625 770 1694 831 pre-

418 856 474 915 lati
495 856 629 917 senimis
650 860 802 937 Stephani
825 858 1027 936 Gerdenych,
1049 859 1126 938 ipsis
1149 860 1181 919 in
1214 858 1355 939 plurimis
1386 878 1495 919 eorum
1528 858 1697 919 nemesim-

417 966 501 1025 trbus
533 976 675 1045 tempore
708 968 875 1048 ingruenti,
906 978 939 1027 et
967 978 1145 1047 opportuno
1168 968 1299 1029 consilio
1329 979 1361 1028 et
1393 969 1509 1029 armilio
1532 969 1607 1043 suis,
1637 986 1699 1027 non

423 1074 583 1151 pmcendo
605 1075 700 1133 rebus
723 1084 756 1134 et
789 1094 923 1153 persone
946 1076 1022 1147 suis,
1050 1076 1263 1136 favorabiliter
1296 1076 1482 1149 assistendo,
1515 1076 1698 1154 plerumque

417 1180 505 1259 ipsos
526 1180 712 1242 sublevasse
734 1180 951 1243 dinosoeremr
972 1192 1005 1242 et
1035 1192 1249 1263 supportasse,
1286 1183 1516 1261 sublevareque
1551 1202 1586 1243 se
1609 1183 1695 1261 ipsos

416 1308 476 1371 per
496 1292 598 1369 ipsum
622 1300 805 1369 sperassent
826 1291 928 1351 eciam
950 1291 982 1351 in
1005 1290 1159 1366 summm,
1182 1291 1278 1371 igitur
1300 1291 1359 1371 ipsi
1394 1293 1573 1353 huiusmodi
1603 1292 1697 1351 bene·

417 1400 559 1461 liciorum
587 1408 788 1477 acceptorum
818 1418 881 1457 non
914 1399 1040 1479 ingrati,
1071 1409 1257 1478 maturaque
1288 1408 1320 1459 et
1354 1400 1522 1481 diligenter
1552 1401 1632 1459 iutra
1663 1418 1697 1457 se

418 1508 505 1585 ipsos
527 1506 759 1567 deliberacione
781 1506 956 1585 prehabita,
978 1516 1182 1586 exponentes,
1205 1527 1245 1567 ac
1274 1508 1375 1568 libera
1405 1516 1437 1568 et
1465 1508 1612 1569 benivola
1644 1526 1697 1565 vo-

418 1615 537 1675 luntate
559 1614 708 1693 ipsorum
724 1614 892 1693 animoque
907 1614 1091 1689 deliberato,
1107 1617 1280 1675 antelatum
1297 1614 1485 1675 Michaelem
1501 1615 1698 1691 Walwnycb,

418 1722 616 1801 heredesque
639 1720 781 1781 eiusdem
804 1740 844 1781 ex
867 1721 938 1799 ipso
959 1721 1113 1802 legittime
1137 1733 1229 1782 natos
1253 1730 1285 1782 et
1316 1723 1494 1784 nascendos
1525 1723 1697 1794 universos,

418 1836 546 1909 propter
564 1828 720 1907 premissa
741 1827 841 1907 ipsius
862 1828 1018 1889 beneficia
1041 1828 1117 1908 ipsis
1140 1830 1235 1889 modo
1258 1828 1413 1909 premisso
1437 1849 1494 1909 per
1516 1830 1620 1908 ipsum
1643 1848 1695 1888 ex-

418 1936 518 1997 brbita
538 1945 572 1997 et
593 1937 733 2016 prestita,
756 1955 795 1997 ac
822 1936 855 1996 iu
884 1937 1022 1996 luturum
1056 1956 1182 2017 quoque
1218 1938 1385 1997 ardencius
1419 1937 1631 2016 impendenda
1666 1944 1699 1996 et

419 2044 599 2124 prestanda,
632 2044 665 2104 in
699 2044 855 2105 universis
888 2045 980 2105 bonis
1011 2045 1150 2123 ipsorum
1181 2044 1449 2124 possessionan'is,
1481 2044 1698 2104 communibus

419 2152 592 2226 dumtaxat,
615 2152 646 2211 in
668 2152 792 2230 prelato
815 2150 940 2231 Campo
961 2160 995 2212 et
1017 2153 1166 2212 comitatu
1190 2153 1398 2233 Zagrabiensi
1429 2153 1533 2212 ubivis
1563 2152 1696 2211 existen·

421 2261 505 2321 tibus
527 2270 560 2321 et
581 2279 769 2340 quocunque
791 2262 919 2321 nomine
946 2261 1101 2335 vocitatis,
1135 2262 1166 2320 in
1202 2280 1296 2321 veros
1330 2270 1362 2321 et
1396 2261 1555 2340 proximos
1585 2260 1698 2320 iratres

419 2386 530 2428 eorum
560 2368 761 2446 recepissent,
791 2369 997 2448 adoptassent
1027 2378 1059 2429 et
1091 2368 1344 2447 assumpsissent,
1378 2368 1472 2428 immo
1505 2375 1698 2446 receperunt,

421 2476 611 2554 adoptarunt
633 2484 666 2535 et
688 2485 927 2555 assumpserunt
949 2496 1057 2537 coram
1079 2476 1180 2553 nobis,
1204 2496 1242 2537 ac
1265 2477 1297 2535 in
1320 2477 1448 2553 realem,
1480 2477 1636 2536 actualem
1668 2483 1699 2534 et

422 2582 616 2661 corporalem
640 2602 732 2642 usum
755 2592 850 2661 atque
872 2574 1115 2661 possessionem,
1147 2584 1381 2662 domimumque
1413 2592 1445 2644 et
1476 2583 1697 2663 proprietatem

420 2690 593 2751 eorundem
616 2689 833 2750 universonrm
855 2690 1008 2750 bonorum
1033 2699 1064 2750 et
1086 2690 1199 2750 iurium
1215 2690 1535 2769 possessiouariorum
1552 2690 1698 2769 ipsorum,

421 2798 467 2858 sic
490 2807 525 2857 ut
547 2797 701 2877 prefertur
723 2797 887 2858 dumtaxat
908 2799 1130 2874 communium,
1144 2801 1183 2858 de
1208 2799 1293 2859 lacto
1315 2799 1556 2859 intromisissent
1579 2807 1610 2857 et
1633 2805 1699 2857 sta-

420 2906 569 2978 tuissent3
592 2905 688 2966 immo
709 2905 942 2966 intromiserunt
965 2914 997 2967 et
1020 2915 1195 2968 statuerunt
1218 2909 1260 2968 ad
1282 2907 1381 2968 instar
1403 2907 1534 2968 aliorum
1550 2905 1698 2965 nobilium

421 3015 551 3076 fratrum
575 3014 713 3093 ipsorum
737 3014 825 3073 titulo
848 3015 1017 3074 nobilitatis
1040 3034 1096 3095 per
1119 3016 1204 3094 ipsos
1229 3024 1261 3076 et
1292 3016 1427 3076 heredes
1458 3014 1599 3075 eiusdem
1635 3011 1702 3072 uni·

423 3142 533 3183 versos
555 3121 622 3183 iure
644 3130 797 3201 perpetuo
828 3131 860 3182 et
888 3123 1135 3185 irrevocabiliter
1170 3124 1350 3202 tenendum,
1382 3124 1615 3203 possidendum,
1646 3141 1700 3199 pa·

422 3230 496 3290 riter
520 3239 552 3289 et
576 3229 787 3306 [babendlum
811 3231 1027 3309 promisissent
1055 3233 1182 3311 insuper
1206 3251 1301 3312 quam
1324 3232 1459 3310 primum
1483 3249 1578 3290 unum
1598 3231 1702 3290 locum

423 3345 653 3415 competentem
675 3355 732 3415 pro
756 3337 951 3416 disponenda
974 3347 1006 3398 et
1031 3339 1206 3400 edificanda
1230 3340 1288 3419 ipsi
1313 3358 1376 3398 una
1400 3339 1485 3398 curia
1501 3337 1655 3399 nobilitari
1671 3337 1702 3396 in

423 3445 572 3524 pretactis
594 3444 685 3504 bonis
708 3464 816 3504 eorum
839 3447 1057 3507 communibus
1081 3448 1224 3526 deputari
1250 3457 1280 3508 et
1304 3448 1439 3508 conferri
1471 3448 1560 3524 velle,
1591 3447 1702 3506 harum

425 3561 601 3612 nostrarum
625 3552 727 3632 sigillo
750 3562 858 3612 nostro
881 3555 994 3615 maiori
1018 3557 1154 3616 comitali
1181 3556 1220 3615 ad
1244 3565 1428 3635 perpetuam
1443 3557 1489 3614 rei
1513 3554 1705 3626 memoriam,

424 3661 666 3739 firmitatemque
690 3669 721 3721 et
745 3661 957 3722 testimonium
980 3664 1178 3741 inpendentis
1202 3664 1472 3735 communitarum,
1504 3663 1623 3743 vigore,
1654 3661 1703 3720 fir·

426 3768 533 3828 milate
556 3777 588 3827 et
610 3767 789 3829 testimonio
812 3770 971 3829 literarum
997 3771 1164 3832 mediante.
1187 3771 1304 3830 Datum
1327 3772 1358 3830 in
1382 3771 1493 3831 edibus
1514 3770 1628 3830 nostris
1645 3769 1703 3829 Za-

425 3875 652 3954 grabiensibus,
675 3876 753 3935 seria
777 3877 916 3936 secunda
939 3877 1082 3956 proxima
1106 3885 1177 3937 ante
1201 3883 1315 3938 testum
1340 3878 1543 3939 sacratissimi
1566 3875 1705 3954 corporis

427 3983 552 4056 Christi,
576 4002 659 4042 anno
682 3985 799 4044 domini
822 3985 986 4046 millesimo
1022 3987 1272 4065 quingentesimo
1296 3988 1531 4067 septuagesimo
1558 3985 1705 4046 seeundo

530 4123 554 4179 E
581 4126 737 4193 protocollo
759 4144 945 4194 processuum
971 4137 1001 4182 et
1025 4129 1193 4184 iudiciorum
1221 4133 1287 4185 nob.
1315 4130 1415 4199 Campi
1442 4131 1512 4202 Zagr
1540 4145 1595 4199 pag
1614 4127 1704 4194 lilla.

425 4213 456 4266 ln
476 4214 590 4268 archivo
608 4230 750 4270 commun.
769 4217 836 4272 nob.
855 4219 892 4270 de
910 4217 1073 4289 Turopolje.
