3934 5550
1507 366 1569 435 169

288 580 390 645 tiones
425 583 510 645 hisce
534 580 566 645 in
591 585 739 663 partibus,
774 603 832 664 pro
866 585 994 647 servitio
1024 604 1101 647 suae
1132 586 1305 647 maiestatis
1328 588 1569 662 sacratissimae,

290 710 328 751 ac
360 691 553 753 incremento
584 701 617 752 et
646 693 813 753 commodo
843 693 964 773 patriae
995 692 1190 754 instituturus
1222 703 1254 753 et
1283 694 1454 757 habituros.
1486 695 1570 771 Quia

289 818 365 861 vero
387 818 575 880 progressus
598 801 815 879 operationum
847 819 911 862 non
935 819 982 874 eo,
1006 820 1069 880 quo
1092 800 1256 882 opiniones
1278 800 1437 863 institutae
1460 803 1567 881 opina·

289 908 411 985 bantur,
441 908 498 969 sed
531 926 603 969 cum
634 909 675 969 ad
705 908 801 970 hasce
836 916 942 988 partes
965 908 1056 989 regni
1078 908 1177 969 nostri
1199 908 1265 970 fato
1286 908 1486 988 inexpectato
1507 910 1569 971 dir-

290 1022 393 1075 rectus
417 1024 448 1076 et
471 1016 591 1095 positus
614 1016 737 1092 existat,
760 1024 952 1096 quapropter
975 1016 1103 1077 omnino
1118 1016 1249 1097 dignum
1265 1024 1298 1077 et
1312 1018 1483 1097 expediens
1498 1036 1570 1079 esse

290 1124 505 1199 iudicavimus,
529 1124 623 1204 idque
647 1142 685 1185 ex
717 1124 821 1184 miritis
844 1124 977 1198 motivis,
1007 1123 1120 1204 quibus
1150 1142 1228 1205 erga
1257 1125 1380 1185 dulcem
1411 1125 1493 1186 hanc
1515 1145 1570 1204 pa·

289 1232 380 1292 triam
411 1250 575 1293 movemur
606 1240 638 1293 et
669 1232 831 1308 afficimur,
865 1232 1063 1311 potissimum
1096 1231 1171 1311 quia
1204 1232 1394 1311 praescimm
1425 1232 1570 1293 Virouiti-

289 1358 402 1399 czense
426 1338 616 1419 praesidium
641 1339 719 1401 alias
744 1340 784 1401 ad
807 1340 905 1401 hocce
929 1358 1063 1421 regnum
1086 1347 1271 1419 spectasset,
1294 1348 1327 1401 et
1348 1340 1407 1401 sub
1430 1340 1569 1402 iurisdic-

288 1448 373 1508 tione
395 1447 549 1509 banorum
572 1448 683 1508 horum
707 1464 877 1529 regnomm
899 1447 1140 1527 praeextitisset,
1162 1448 1203 1508 de
1226 1448 1385 1527 praesenti
1407 1448 1570 1511 obsidione

289 1563 466 1615 nostrorum
497 1554 640 1635 cingitur,
674 1564 706 1615 et
734 1554 897 1616 tormentis
932 1554 1077 1635 quartur,
1111 1554 1280 1635 regnicolis
1313 1555 1571 1617 insurrectionem

289 1662 370 1724 otius
402 1664 662 1725 admatruandam
693 1662 840 1727 indicere.
870 1663 990 1723 Idcirco
1013 1670 1138 1723 vestrae
1162 1662 1367 1724 dominationi
1394 1682 1571 1743 generosae

288 1771 380 1847 serio,
402 1772 594 1853 firmiterque
618 1770 807 1833 authoritate
830 1779 938 1832 nostra
953 1771 1059 1833 banali
1075 1770 1296 1832 committimus
1319 1779 1352 1831 et
1374 1772 1571 1847 mandamus,

289 1887 444 1959 quatenus
468 1878 605 1959 acceptis
637 1878 864 1958 praesentibus,
888 1878 972 1939 omni
1006 1878 1180 1958 postposita
1209 1896 1335 1939 remora
1358 1878 1477 1955 (habita
1499 1898 1571 1939 cum

289 1987 415 2048 domino
438 1988 601 2061 viceban0‚
625 1987 757 2048 deloco
782 1994 813 2048 et
835 1994 978 2066 tempore
1002 1986 1055 2046 ubi
1078 2004 1150 2047 sese
1173 1986 1299 2046 insimul
1325 1986 1493 2047 convenire
1516 2005 1570 2066 po

288 2103 400 2170 terunt,
424 2104 548 2156 matura
571 2094 827 2177 cointelligentia)
852 2113 924 2155 mox
948 2102 980 2155 et
1003 2094 1072 2174 ipso
1094 2094 1178 2155 iacto
1193 2093 1225 2153 in
1241 2094 1458 2155 coniormitate
1481 2114 1570 2174 prae·

288 2200 376 2262 missi
401 2202 522 2263 articuli
541 2203 641 2283 regni,
665 2222 737 2262 cum
761 2201 901 2283 equitatu
925 2210 957 2263 et
979 2201 1120 2281 peditatu
1144 2220 1182 2262 er
1207 2200 1330 2281 Campo
1354 2202 1572 2281 Turopoliensi

290 2311 491 2387 assumendo,
515 2311 555 2371 ad
579 2317 773 2370 castrensem
796 2308 1026 2388 expeditionem
1047 2309 1230 2389 producere,
1244 2327 1342 2388 seque
1365 2328 1437 2369 cum
1460 2309 1571 2371 iisdem

290 2417 348 2477 sub
383 2418 505 2491 vexillo,
540 2417 736 2492 commanda,
771 2416 941 2477 directione
972 2425 1004 2477 et
1036 2416 1241 2496 dispositione
1273 2417 1405 2497 praefati
1428 2417 1572 2479 vicebani

288 2526 400 2589 sistere
423 2526 538 2587 debeat
561 2534 592 2587 et
615 2532 766 2587 teneatur.
799 2524 867 2586 Nos
891 2543 1017 2604 quoque
1040 2525 1101 2585 deo
1124 2525 1294 2585 adiuvante
1317 2525 1500 2604 propediem
1524 2544 1571 2585 re-

289 2634 446 2715 cuperatis
470 2634 628 2713 paulisper
652 2632 777 2708 viribus,
800 2632 941 2712 partibus
972 2632 1087 2693 nostris
1110 2651 1172 2693 non
1198 2632 1363 2694 deerimus.
1394 2633 1429 2692 ln
1452 2632 1572 2713 reliquo

289 2744 423 2805 eandem
445 2743 526 2804 bene
551 2743 655 2803 valere
673 2740 823 2822 cupimus.
847 2740 963 2802 Datum
986 2739 1081 2814 Selin,
1104 2739 1155 2802 die
1178 2736 1230 2800 24.
1254 2738 1371 2802 mensis
1394 2740 1466 2815 iulii,
1490 2758 1573 2802 anno

289 2852 406 2914 domini
434 2849 526 2914 1684.

395 2977 545 3038 Eiusdem
568 2975 791 3039 dominationis
814 2983 940 3036 vestrae
964 2993 1141 3055 generosae
1165 2974 1284 3034 amicus
1307 2981 1437 3053 paratus

815 3120 932 3182 Comes
956 3119 1106 3181 Nicolaus
1129 3120 1286 3197 Erdeody‚
1310 3120 1411 3182 banus
1436 3139 1475 3179 m.
1499 3139 1529 3197 p.

397 3266 439 3326 In
472 3267 612 3326 dorso:
636 3265 800 3326 Generoso
816 3263 943 3325 domino
958 3264 1053 3324 Petro
1068 3263 1197 3323 Valicza
1221 3262 1310 3323 aliter
1332 3263 1573 3340 Senkouachlry,

290 3372 503 3434 universitatis
536 3373 685 3434 nobilium
716 3372 830 3452 Campi
862 3371 1032 3449 Turopolia
1056 3368 1162 3431 comiti
1192 3370 1332 3430 terrestri
1355 3378 1422 3447 etc,
1446 3369 1573 3430 domino

292 3481 393 3542 amico
417 3480 506 3542 nobis
529 3479 824 3542 observandissime

397 3603 543 3676 Originale
555 3603 745 3670 chartaceum,
764 3619 780 3656 a
799 3609 881 3674 tergo
894 3589 1024 3671 appre'ssi
1037 3600 1120 3672 sigilii
1141 3601 1303 3670 vestigium,
1314 3615 1372 3669 quo
1385 3598 1467 3654 litera
1477 3597 1574 3654 clausa

291 3702 360 3750 erat.
379 3695 410 3748 ln
436 3695 550 3750 archivo
575 3710 709 3749 commun
728 3695 793 3749 nob.
814 3695 851 3748 de
869 3693 1031 3762 Turopolje.

884 3979 985 4048 11⁷.

398 4167 491 4226 Anno
519 4163 612 4227 1684.
636 4162 688 4228 27.
712 4163 785 4226 iulii.
807 4163 924 4227 Sellini.

292 4345 372 4412 Bon
395 4345 523 4410 Nikolo
545 4343 703 4430 Erdeody
734 4341 856 4407 natare
886 4341 1029 4426 dupunu
1060 4336 1340 4426 turopoljskomu,
1371 4337 1416 4404 da
1442 4337 1574 4426 podalje

292 4475 339 4518 na
361 4453 482 4540 vjeibu
506 4451 664 4539 ksuojim
680 4454 811 4515 catomo
827 4469 891 4514 one
913 4448 1120 4534 Turopoljce,
1136 4447 1206 4534 koji
1226 4469 1271 4512 su
1293 4467 1329 4512 se
1343 4446 1464 4511 vratili
1484 4446 1573 4511 leuci.

506 4656 668 4717 Generose
693 4652 817 4715 domine
842 4653 942 4713 amice
965 4649 1261 4716 observandissime.

399 4781 471 4843 Ovo
494 4785 625 4843 saliemo
656 4799 684 4845 v.
709 4799 749 4841 m.
781 4779 950 4859 popiszane
980 4778 1033 4838 lroi
1056 4798 1112 4838 szu
1136 4795 1174 4855 yz
1198 4778 1310 4838 tabora
1335 4775 1463 4837 domom
1485 4775 1588 4857 dosii,

293 4901 386 4952 zato
410 4912 438 4954 v.
461 4909 501 4955 m.
525 4899 712 4970 opomenete
741 4889 823 4949 neka
856 4887 958 4948 setuiu
981 4885 1002 4945 lr
1025 4894 1144 4947 mustre
1167 4905 1209 4964 po
1232 4886 1354 4964 plachu,
1384 4884 1458 4945 lroiu
1487 4884 1574 4944 budu
