3934 5550
385 467 450 530 354

385 684 524 744 formiter
541 684 661 743 'bonam
685 690 768 742 tecto
792 683 886 742 etiam
911 683 994 742 bono
1018 683 1174 741 asserieeo
1197 682 1374 759 provisam:
1397 680 1472 739 item
1498 683 1593 740 haras
1617 689 1667 739 sat

383 811 518 872 magnas
542 811 580 850 ex
604 791 732 869 antiqua
756 791 849 851 domo
883 791 986 862 habet,
1021 808 1119 867 penes
1150 790 1209 848 has
1238 791 1333 848 haras
1357 788 1443 868 figuli
1474 787 1577 847 culina
1611 808 1667 865 per

383 899 609 980 negligentiam
634 899 701 958 sine
726 907 818 972 tecto,
842 898 1002 958 fornacem
1029 898 1200 976 pistoream
1224 897 1291 956 sine
1314 897 1398 956 bono
1421 904 1504 955 tecto
1527 915 1584 974 per
1607 914 1660 955 ne·

383 1007 578 1086 gligentiam.

490 1112 519 1173 4.
544 1114 683 1173 Thomas
707 1112 851 1172 Katulich
883 1113 978 1172 habet
1014 1113 1141 1171 domum
1178 1112 1218 1173 ad
1243 1112 1341 1171 instar
1364 1110 1469 1169 curiae
1492 1110 1663 1188 pessimam

384 1220 491 1280 ruinae
515 1219 697 1298 proximam,
721 1219 763 1277 ita
788 1219 871 1297 quod
885 1238 942 1278 nec
966 1238 1022 1296 pro
1045 1219 1236 1278 habitatione
1252 1218 1385 1296 amplius
1403 1217 1451 1288 sit,
1472 1235 1563 1276 secus
1581 1217 1666 1275 nulla

387 1329 530 1388 aedificia
553 1335 679 1405 praeter
702 1326 861 1386 fornacem
886 1327 1082 1404 figulaceam.

491 1434 520 1498 5.
545 1435 662 1494 Paulus
685 1435 829 1493 Katulich
854 1434 950 1494 habet
973 1435 1101 1493 domum
1117 1434 1287 1512 antiquam,
1304 1435 1365 1494 alia
1379 1454 1463 1495 nova
1479 1434 1607 1513 indiget,
1623 1452 1662 1492 ex

384 1545 511 1623 antiqua
534 1551 637 1622 potest
661 1541 719 1602 sibi
743 1560 890 1620 reparare
914 1560 1025 1600 omnes
1048 1542 1151 1615 haras,
1175 1560 1254 1620 quas
1278 1542 1373 1600 etiam
1398 1540 1542 1620 antiquas
1569 1539 1664 1598 habet

384 1651 582 1729 reparatione
605 1649 792 1725 indigentes
816 1649 972 1708 Horreum
997 1649 1157 1727 antiquum
1183 1649 1287 1728 aliqua
1310 1649 1340 1708 in
1358 1657 1447 1727 parte
1463 1646 1661 1726 reparatione

386 1758 609 1833 necessarium,
624 1757 708 1836 quod
733 1756 826 1816 etiam
851 1775 888 1814 ex
913 1755 1043 1834 antiqua
1064 1756 1159 1815 domo
1182 1755 1273 1815 facile
1296 1757 1436 1834 reparari
1452 1764 1570 1834 potest;
1586 1755 1659 1813 item

383 1885 526 1934 cameras
549 1884 606 1942 pro
628 1864 784 1924 frumento
808 1863 953 1941 antiquas
977 1882 1069 1921 secus
1092 1863 1123 1921 in
1154 1862 1237 1922 bono
1263 1871 1355 1935 statu,
1378 1863 1537 1922 fomacem
1569 1861 1662 1939 pisto·

384 1992 469 2032 ream
495 1972 561 2031 sine
585 1981 669 2030 tecto
693 1990 748 2049 per
774 1969 1007 2050 negligentiam,
1031 1970 1105 2049 quia
1128 1989 1253 2029 asseres
1273 1969 1465 2030 sufficientes
1487 1969 1590 2041 habet,
1607 1987 1663 2045 pro

383 2089 476 2159 puteo
501 2080 644 2139 columna
674 2087 705 2138 et
729 2078 818 2158 virga
842 2077 969 2156 indiget.

488 2185 517 2248 6.
542 2187 679 2246 blathias
711 2185 851 2246 Detelich
882 2184 977 2244 habet
1012 2185 1140 2244 domum
1175 2185 1335 2263 antiquam
1370 2185 1527 2260 miseram,
1560 2184 1663 2243 horrei

382 2295 502 2374 parvuli
528 2315 622 2354 unam
647 2294 841 2353 solummodo
866 2303 987 2370 partem
1010 2292 1135 2368 bonam,
1151 2292 1310 2350 lomacem
1327 2293 1515 2371 tigulaceam
1531 2292 1662 2351 inbono

383 2411 474 2477 statu,
498 2402 657 2461 fornacem
682 2401 850 2478 pistoream
876 2400 1074 2478 reparatione
1099 2399 1300 2478 indigentem.

490 2508 519 2570 7.
546 2511 695 2586 Iosephus
719 2507 860 2566 Detelich
884 2507 978 2566 habet
1003 2507 1130 2566 domum
1155 2506 1292 2564 inbono
1324 2514 1407 2564 statu
1438 2514 1510 2582 post
1545 2506 1661 2584 aliquot

383 2638 482 2678 annos
521 2626 603 2676 tecto
639 2617 839 2696 indigentem,
875 2637 912 2675 ex
950 2635 1014 2673 una
1036 2623 1125 2693 parte
1158 2615 1262 2673 statim
1285 2613 1414 2672 basibus
1437 2614 1658 2687 necessariam,

384 2727 529 2784 horreum
553 2724 628 2783 satis
653 2743 801 2803 magnum
828 2722 988 2801 antiquum
1012 2723 1052 2782 ad
1076 2723 1155 2782 duas
1171 2722 1333 2780 clausuras
1356 2721 1423 2781 sine
1445 2723 1551 2800 portis,
1567 2739 1659 2781 secus

385 2832 580 2911 reparatione
617 2832 745 2911 indiget,
779 2832 873 2890 haras
917 2832 956 2889 ad
993 2850 1048 2890 sex
1084 2831 1244 2889 clausuras
1279 2830 1480 2909 biangulares
1518 2830 1662 2907 antiquas

385 2940 466 2999 circa
491 2940 606 2998 circum
630 2938 758 2997 basibus
783 2939 967 3016 indigentes
994 2938 1035 2995 ita
1059 2947 1090 2996 et
1113 2938 1292 3016 pavimento
1316 2938 1461 3009 inferiori,
1493 2939 1524 2995 in
1548 2937 1661 3015 quibus

384 3048 468 3107 haris
503 3046 533 3104 in
558 3046 680 3105 duabus
706 3046 857 3104 clausuris
881 3046 920 3103 ab
945 3045 1071 3104 introitu
1095 3045 1335 3104 consistentibus
1359 3055 1474 3103 tectum
1510 3045 1662 3103 dirrutum

385 3172 439 3231 per
464 3153 705 3231 negligentiam:
730 3153 802 3211 item
827 3171 969 3211 cameras
994 3172 1050 3230 pro
1075 3152 1230 3210 frumento
1262 3174 1299 3211 ex
1331 3152 1466 3230 antiquis
1497 3150 1660 3211 roboribus

384 3260 564 3338 pavimento
589 3260 724 3318 inferiori
748 3260 933 3338 indigentes,
958 3279 1050 3318 secus
1075 3260 1105 3318 in
1136 3261 1219 3319 bono
1243 3270 1335 3335 statu,
1360 3280 1483 3320 asseres
1512 3262 1606 3319 habet
1631 3270 1662 3319 et

385 3376 472 3447 tegat
495 3367 552 3425 has
578 3366 662 3445 ipsas
686 3386 837 3439 cameras,
868 3368 1027 3426 fornacem
1060 3368 1228 3445 pistoream
1261 3369 1328 3427 sine
1363 3369 1445 3427 bono
1468 3377 1560 3442 tecto,
1592 3377 1662 3446 post

385 3476 531 3532 horreum
563 3474 752 3531 camerulam
786 3472 966 3551 contiguam
999 3474 1110 3533 horreo
1141 3493 1197 3552 per
1230 3475 1454 3554 negligentiam
1479 3476 1546 3534 sine
1568 3482 1661 3547 tecto,

385 3600 441 3659 pro
465 3581 648 3659 reparandis
666 3581 814 3639 aedificiis
839 3590 869 3639 et
892 3582 982 3639 tectis
1007 3582 1151 3659 aquisivit
1181 3583 1309 3641 arbores
1334 3585 1352 3644 2
1375 3582 1422 3645 10.
1439 3584 1540 3641 martii
1570 3580 1662 3641 1790.

492 3689 520 3749 5.
545 3689 684 3747 Barbara
712 3689 805 3747 vidua
830 3690 914 3747 Petri
938 3690 1011 3748 olim
1036 3691 1176 3750 Detelich
1193 3711 1263 3750 cum
1279 3692 1400 3752 tenellis
1415 3692 1553 3770 prolibus
1568 3691 1665 3750 habet

385 3796 511 3855 domum
538 3796 692 3869 miseram,
717 3797 790 3854 dum
814 3798 917 3873 proles
941 3806 1123 3855 excrescent
1146 3817 1229 3857 nova
1253 3796 1452 3876 indegebunt,
1476 3798 1579 3856 horrei
1610 3817 1662 3855 an-

389 3902 465 3979 tiqui
491 3922 584 3961 unam
610 3912 730 3979 partem
756 3912 838 3961 tecto
862 3904 1065 3982 indigentem,
1088 3905 1182 3964 haras
1206 3904 1274 3964 sine
1297 3915 1380 3965 tecto
1412 3906 1451 3964 ad
1468 3924 1562 3964 unam
1579 3905 1664 3964 clau·

389 4028 494 4067 suram
520 4018 550 4067 et
574 4010 635 4067 iam
660 4010 757 4068 ferme
783 4029 839 4087 pro
863 4012 946 4069 nullo
971 4030 1048 4083 usu3
1072 4012 1144 4071 item
1178 4014 1272 4072 haras
1307 4013 1465 4072 maialium
1498 4012 1538 4071 ad
1571 4030 1664 4070 unam

387 4116 564 4175 clausuram
590 4116 708 4175 meliori
732 4126 838 4175 tamen
861 4126 944 4177 tecto
968 4102 1121 4194 provisas,
1137 4140 1230 4178 secus
1253 4122 1334 4179 nulla
1360 4120 1511 4180 aedificia.

492 4221 522 4282 9.
547 4224 668 4281 Blasius
693 4224 834 4283 Detelich
857 4224 953 4283 habet
977 4225 1105 4284 domum
1128 4228 1231 4296 talem,
1248 4229 1332 4305 quod
1355 4247 1413 4287 nos
1437 4227 1663 4304 conscriptores

386 4348 487 4407 neque
513 4330 627 4388 intrare
652 4332 784 4389 eandem
809 4332 1011 4408 potuerimus,
1034 4342 1151 4391 tectum
1175 4343 1273 4392 totum
1297 4335 1371 4392 nihil
1403 4335 1494 4405 valet,
1519 4342 1583 4392 tota
1609 4334 1662 4391 do·

387 4455 456 4494 mus
480 4436 662 4513 putrefacta,
687 4457 742 4514 pro
766 4457 828 4515 qua
853 4426 1019 4517 errigenda
1043 4439 1105 4498 iam
1129 4442 1242 4500 robora
1257 4441 1353 4500 habet
1369 4443 1426 4501 No.
1442 4440 1494 4519 20,
1517 4442 1662 4500 horreum

387 4543 536 4601 dirrutum
562 4552 592 4602 et
616 4564 671 4621 pro
695 4547 778 4605 nullo
802 4566 869 4619 usu,
893 4566 991 4623 penes
1013 4548 1159 4607 horreum
1193 4550 1288 4608 haras
1323 4548 1467 4628 antiquas
1490 4569 1546 4627 pro
1581 4570 1664 4609 nunc

387 4649 524 4708 inbono
549 4658 629 4709 statu
655 4652 695 4711 ad
720 4672 812 4711 unam
837 4655 1030 4728 clausuram;
1053 4655 1128 4715 item
1153 4657 1247 4716 haras
1264 4657 1340 4716 alias
1358 4658 1502 4736 antiquas
1528 4658 1663 4717 adduas

386 4759 548 4818 clausuras
572 4758 644 4817 nihil
671 4761 827 4834 valentes;
851 4763 924 4822 item
950 4764 1139 4823 camerulam
1164 4785 1228 4824 una
1252 4767 1396 4825 clausura
1426 4766 1584 4843 provisam
1607 4766 1662 4825 bo·

386 4884 467 4939 nam,
493 4868 624 4943 amplius
649 4868 731 4926 nulla
757 4870 906 4929 aedificia.

498 4970 544 5033 10.
571 4974 705 5034 Michael
731 4976 869 5036 Detelich
895 4978 989 5037 habet
1013 4980 1139 5037 domum
1165 4980 1325 5059 antiquam
1357 4982 1554 5060 reparatione
1587 4981 1663 5041 indi·
