3934 5550
415 416 482 497 arb

417 650 560 711 versione
592 650 738 711 exhibere
770 672 832 711 non
863 660 1022 733 gravetur.
1055 648 1178 732 Quibus
1209 656 1240 716 in
1272 657 1389 736 reliquo
1419 666 1600 719 constanter
1630 679 1699 738 per·

415 777 536 819 maneo

522 884 723 966 Aquisgrani,
752 884 799 945 17.
822 885 953 947 ianuarii
982 885 1074 948 1747.

519 1006 598 1079 Orig.
626 1007 787 1076 conceptio.
816 1008 847 1061 ln
876 1009 991 1065 archivo
1019 1026 1129 1082 regnor.
1153 1010 1184 1067 C.
1207 1010 1235 1065 S.
1254 1019 1284 1066 et
1302 1012 1336 1069 D.
1356 1014 1522 1085 Zagrabiae:
1547 1016 1619 1071 Acta
1647 1017 1695 1071 ba·

413 1094 488 1149 nalia
507 1112 531 1151 a.
552 1095 630 1152 1747.
650 1095 695 1149 Nr.
715 1096 741 1153 6.

1002 1385 1113 1461 210.

518 1550 610 1611 Anno
638 1549 731 1617 1747.
760 1549 807 1612 19.
830 1552 987 1613 februarii.
1011 1553 1197 1633 Zagrabiae.

415 1708 589 1793 Georgius
623 1710 818 1797 Braniugh,
841 1713 1022 1797 episcopus
1057 1712 1312 1798 Zagrubieusis
1344 1716 1590 1780 communitati
1628 1717 1693 1782 Tu-

413 1819 600 1903 ropoliensi
622 1818 663 1883 de
683 1819 879 1907 peragenda
903 1819 1130 1905 inquisitione
1153 1821 1400 1901 tumultuariae
1422 1823 1692 1888 restaurationis

479 1924 689 2009 officialium
714 1926 867 1991 eiusdem
891 1927 1154 1991 communitatis
1175 1927 1264 1993 auru·
1281 1930 1474 2012 praeteriti,
1497 1928 1628 1994 scribit.

517 2090 712 2168 Spectabilis,
746 2090 937 2171 perillustres
972 2100 1004 2151 et
1038 2092 1185 2172 generosi
1220 2094 1355 2166 nobiles;
1389 2092 1464 2154 item
1499 2103 1530 2154 et
1564 2093 1686 2175 egregii

412 2197 503 2257 amici
526 2198 722 2259 observandi.

517 2304 599 2367 Cum
623 2326 706 2368 anno
736 2306 896 2386 superiore
919 2328 976 2388 per
999 2307 1215 2386 praetitulatas
1238 2308 1267 2367 d.
1294 2317 1416 2368 vestras
1439 2308 1547 2369 solitus
1570 2317 1690 2368 restau-

409 2411 537 2473 rationis
568 2434 624 2475 seu
655 2414 815 2475 electionis
848 2414 1026 2475 officialium
1050 2415 1080 2474 in
1105 2415 1185 2476 festo
1209 2422 1339 2475 sanctae
1362 2415 1478 2475 Luciae
1502 2416 1688 2476 observatus

410 2521 559 2581 terminus
582 2522 701 2599 fuisset,
724 2542 806 2604 quae
830 2523 941 2585 electio
964 2542 1022 2583 seu
1044 2523 1232 2583 restauratio
1255 2509 1443 2583 ‘officialium
1466 2523 1620 2603 siquidem
1643 2535 1690 2584 tu-

410 2612 574 2691 multuarie
609 2640 737 2711 peracta
769 2651 839 2692 esse
871 2632 1103 2711 praetendatur,
1132 2650 1387 2711 perconsequens
1421 2632 1505 2691 nulla
1540 2641 1571 2693 et
1605 2632 1690 2692 irrita

409 2736 572 2814 existeret3
597 2747 766 2821 antequam
788 2758 881 2820 porro
905 2740 1016 2800 eadem
1039 2739 1227 2800 restauratio
1250 2738 1410 2819 illegitime
1434 2748 1466 2800 et
1487 2739 1688 2801 tumultuarie

409 2853 537 2922 peracta
568 2846 664 2907 fuisse
696 2848 849 2922 credatur,
881 2847 1014 2926 qualiter
1044 2846 1113 2926 ipsa
1144 2847 1292 2922 evenerit,
1320 2847 1448 2908 cuiusve
1472 2848 1555 2908 lacto
1579 2848 1685 2908 confu-

410 2951 514 3012 siones
545 2962 576 3013 et
606 2955 755 3014 tumultus
787 2954 885 3014 exorti
908 2957 977 3030 slnt,
1009 2954 1181 3014 denecesse
1204 2953 1434 3034 inquisitionem
1458 2963 1590 3015 eatenus
1614 2955 1686 3016 coli·

409 3060 555 3138 gendum,
586 3063 849 3140 quemadmodum
881 3070 913 3122 et
943 3080 1001 3122 sua
1032 3061 1215 3122 excellentia
1242 3061 1364 3121 banalis
1386 3061 1418 3121 id
1441 3062 1542 3141 ipsum
1567 3061 1686 3141 praeci·

410 3175 506 3246 peret,
542 3179 749 3247 opportunum
782 3189 818 3228 ac
850 3169 1020 3248 expediens
1049 3169 1116 3230 tore
1147 3187 1278 3243 cense03
1311 3177 1516 3249 quapropter,
1547 3179 1581 3228 ut
1615 3188 1687 3248 gra·

409 3274 496 3348 tiosis
520 3274 612 3335 iussis
643 3295 720 3336 suae
752 3276 953 3337 excellentiae
983 3275 1104 3336 banalis
1128 3274 1269 3351 satistiat,
1292 3274 1419 3336 omnino
1442 3296 1499 3356 pro
1523 3277 1688 3358 coligenda

410 3391 540 3443 eatenus
567 3383 765 3464 inquisitione
789 3385 868 3445 duos
892 3383 1079 3462 capitulares
1103 3381 1256 3442 exmissos
1287 3401 1343 3460 per
1374 3382 1402 3443 d.
1435 3392 1556 3444 vestras
1588 3384 1689 3464 requi·

410 3492 523 3551 rendos
555 3509 626 3552 cum
659 3492 786 3553 domino
815 3492 956 3566 Busslch,
981 3489 1147 3550 comitatus
1170 3489 1393 3570 Zagrabiensis
1416 3489 1609 3566 vicecomite,
1634 3511 1691 3570 pro

409 3597 541 3658 termino
564 3599 681 3678 pariter
704 3619 760 3679 per
782 3600 812 3660 d.
836 3607 958 3660 vestras
982 3597 1188 3678 designando,
1204 3605 1354 3658 venturos
1369 3597 1520 3672 ordinavi,
1536 3599 1589 3678 qui
1613 3598 1688 3658 dum

409 3724 466 3784 pro
500 3684 671 3788 coligenda
700 3717 861 3787 praetacta
894 3705 1092 3786 inquisitione
1126 3705 1371 3783 comparuerint,
1406 3705 1624 3783 praetitulatae
1660 3706 1689 3767 d.

410 3822 534 3874 vestrae
558 3813 668 3876 iisdem
692 3814 925 3894 inquisitoribus
948 3811 1087 3873 debitum
1111 3811 1262 3870 honorem
1286 3819 1317 3870 et
1340 3819 1516 3890 respectum
1540 3812 1626 3887 dare,
1650 3831 1688 3872 ac

408 3929 514 3994 testes,
538 3921 590 4000 qni
613 3923 754 3982 notitiam
779 3923 818 3982 de
842 3929 970 4000 peracta
993 3917 1222 3980 restauratione
1245 3918 1420 3991 habuerint,
1443 3936 1549 3979 coram
1573 3919 1684 3980 iisdem

409 4027 590 4106 producere,
614 4029 803 4110 eosdemque
828 4027 999 4090 examinari
1027 4029 1131 4087 tacere
1154 4026 1305 4101 noverint,
1328 4045 1387 4086 nec
1411 4025 1622 4102 intermittant,
1647 4046 1685 4088 ac

410 4137 534 4196 demum
558 4145 705 4215 peractae
729 4135 935 4216 inquisitionis
965 4135 1088 4207 seriem,
1110 4152 1166 4212 pro
1189 4133 1385 4194 ulterioribus
1406 4133 1557 4194 iaciendis
1580 4135 1684 4214 dispo·

410 4242 571 4304 sitionibus
604 4245 801 4324 praetitulate
833 4246 862 4305 d.
894 4251 1018 4304 vestrae
1049 4241 1125 4301 mihi
1159 4241 1350 4302 submittant
1374 4241 1477 4320 Atque
1508 4241 1556 4301 his
1579 4242 1609 4306 d.
1634 4262 1686 4303 ve-

409 4358 490 4412 stras
514 4351 619 4412 salvas
643 4361 674 4412 et
697 4352 869 4412 incolumes
893 4350 999 4411 vivere
1023 4349 1153 4428 cupiens
1176 4369 1298 4412 maneo.

516 4477 788 4538 Praetitulatarum
812 4477 841 4538 d.
866 4485 1040 4538 vestrarum

1143 4599 1261 4660 amicus
1285 4609 1316 4660 et
1338 4619 1449 4661 servus
1471 4611 1600 4679 paratus

1187 4727 1345 4807 Georgius
1367 4727 1538 4808 Braniugh‚

1109 4834 1276 4914 episcopus
1299 4835 1523 4914 Zagrabiensis
1545 4855 1585 4895 m.
1600 4857 1629 4915 p.

516 4959 702 5041 Zagrabiae‚
730 4959 777 5022 19.
802 4960 950 5021 februarii
980 4949 1072 5021 1747.
