3934 5550
969 636 1077 714 2⁰3.

488 855 579 915 Anno
609 852 701 917 1736.
726 852 755 916 8.
780 855 862 916 iunii.
887 854 1073 935 Zagrabiae.

381 1065 501 1131 Comes
526 1064 687 1149 Iosephus
711 1062 935 1149 Esalerlzozy,
958 1064 1079 1143 bonite,
1109 1064 1282 1128 normales
1304 1064 1344 1127 de
1367 1064 1587 1130 celebratione
1610 1086 1659 1129 re-

376 1172 608 1238 staurationis
631 1173 861 1259 nrogistrotns
887 1171 1012 1257 Compi
1035 1171 1236 1257 Turopolyo,
1261 1172 1405 1237 intimat
1421 1172 1659 1237 observandos.

483 1393 550 1452 Nos
585 1410 691 1451 comes
726 1390 877 1469 Iosephus
912 1390 1105 1465 Eszterhazy
1140 1387 1180 1448 de
1214 1388 1388 1465 Galantha,
1424 1398 1594 1467 perpetuus
1628 1390 1660 1450 in

377 1503 402 1560 F
404 1502 510 1573 ralmo,
542 1518 710 1580 regnorum
744 1498 927 1571 Dalmatiae,
961 1496 1111 1557 Croatiae
1142 1504 1174 1556 et
1204 1497 1372 1556 Slavoniae
1405 1498 1515 1571 banus,
1549 1516 1659 1557 eorun-

376 1610 509 1687 demque
534 1626 702 1686 regnorum
728 1606 930 1665 confiniorum
955 1603 1206 1682 Colapianorum'
1234 1613 1265 1663 et
1296 1605 1521 1663 Vunnanorum
1552 1623 1659 1682 supre-

296 1700 299 1705 ’
375 1734 444 1775 mus
479 1715 670 1792 capitaneuS,
704 1712 904 1773 sacratissimi
936 1712 1084 1791 principis
1118 1730 1155 1771 ac
1190 1711 1307 1770 domini
1339 1710 1455 1770 domini
1479 1710 1585 1771 Caroli
1609 1712 1659 1773 Vl.

377 1824 427 1883 dei
451 1824 553 1903 gratia
578 1822 668 1882 electi
691 1823 902 1880 Romanorum
926 1820 1123 1898 imperatoris
1153 1837 1277 1897 semper
1308 1818 1443 1898 augusti,
1467 1818 1659 1877 ac'Germa-

377 1931 458 2005 niae,
482 1930 663 2006 Hispaniae,
696 1924 890 2007 Hungariae,
916 1926 1085 1986 Bohemiae
1110 1935 1168 1988 etc.
1192 1926 1285 2005 regiS,
1310 1924 1484 1985 archiducis
1505 1915 1661 2001 Austriae‚

378 2036 465 2095 ducis
501 2035 713 2115 Burgundiae,
748 2034 870 2093 comitis
905 2034 1029 2110 Tyrolis
1061 2042 1118 2093 etc.
1150 2032 1280 2092 actualis
1308 2032 1434 2091 intimus
1458 2032 1660 2105 consiliarius

378 2144 578 2219 camerarius,
607 2142 763 2221 generalis
795 2141 897 2219 campi
928 2141 1125 2200 mareschalli
1160 2142 1384 2216 locumtenens,
1420 2140 1597 2210 colonellas,
1631 2148 1661 2198 et

379 2251 545 2309 comitatus
559 2240 815 2308 Comoraniensis
839 2266 1004 2327 supremus
1028 2266 1142 2307 comes.
1161 2248 1307 2326 Egregiis
1323 2256 1354 2306 et
1375 2246 1530 2306 nobilibus
1546 2246 1660 2319 comiti,

381 2358 528 2431 terrestri,
554 2356 773 2429 assessoribus
797 2356 926 2426 notario,
944 2356 1029 2424 fisco,
1048 2355 1200 2415 iudicibus
1224 2364 1255 2415 et
1278 2355 1472 2428 iudicatibus,
1496 2355 1551 2414 toti
1576 2354 1661 2413 deui-

379 2485 441 2543 que
473 2464 686 2523 communitati
720 2462 982 2523 confraternitatis
1014 2462 1127 2542 Campi
1158 2464 1328 2541 Turopolia
1355 2463 1488 2522 salutem
1520 2482 1591 2521 cum
1614 2461 1659 2520 sa·

380 2572 470 2633 vore!
502 2572 637 2647 Quando
669 2570 794 2648 quidem
826 2590 888 2629 non
922 2571 1042 2649 absque
1073 2589 1190 2650 magna
1214 2589 1291 2630 sane
1324 2570 1529 2629 admiratione
1553 2587 1662 2628 mense

379 2679 481 2737 adhuc
505 2678 671 2751 decembri,
696 2696 778 2737 anno
802 2676 944 2755 proximo
976 2678 1200 2755 praeterlapso,
1235 2676 1505 2750 inaudivissemus,
1536 2677 1660 2755 quantis

304 2817 306 2822 .
378 2805 449 2845 cum
472 2785 668 2861 clamoribus,
682 2785 883 2863 inauditoque
908 2785 992 2863 apud
1015 2794 1128 2864 gentes
1148 2785 1322 2864 morigeras
1338 2785 1481 2860 tumultu,
1494 2785 1552 2843 sub
1569 2803 1659 2862 prae-

380 2901 465 2952 textu
489 2892 656 2951 liberorum
689 2899 832 2950 votorum
858 2893 897 2951 ad
921 2891 1105 2951 electionem
1132 2891 1311 2951 officialium
1343 2890 1456 2970 Campi
1488 2891 1657 2969 Turopolia

379 3017 563 3060 concurrere
581 2999 769 3072 debentium,
793 2999 860 3058 sine
884 2999 946 3057 ullo
963 3008 1107 3076 respectu
1123 2999 1287 3078 potiorum,
1304 3017 1561 3076 assessorumque
1578 2999 1657 3058 eius·

378 3108 448 3166 dem
477 3106 600 3184 Campi,
626 3106 792 3166 confractis
809 3125 921 3184 nempe
946 3107 1063 3165 mensis
1087 3115 1118 3165 et
1141 3106 1286 3178 scamnis,
1310 3106 1376 3165 fere
1400 3107 1440 3166 ad
1464 3106 1578 3165 caedes
1602 3108 1655 3166 de·

378 3215 582 3287 venientibus
615 3214 724 3274 electio
758 3223 919 3294 postrema
948 3214 1103 3292 capitanei
1138 3222 1209 3273 acta
1240 3213 1305 3275 fuit
1329 3215 1371 3274 Ut
1394 3213 1524 3291 proinde
1547 3214 1656 3273 huicce

379 3321 488 3408 male,¹
496 3321 648 3400 gravique
673 3321 767 3382 totius
792 3321 889 3400 regni,
916 3341 953 3380 ac
976 3322 1181 3400 ipsorummet
1203 3322 1362 3381 saniorum
1377 3322 1659 3381 commembrorum

379 3427 492 3506 Campi
524 3429 692 3506 Turopolia
727 3429 884 3502 scandalo,
917 3447 972 3507 per
1005 3448 1071 3502 nos,
1103 3448 1166 3508 qua
1197 3437 1291 3506 caput
1317 3428 1423 3514 inclyti
1448 3429 1537 3510 regni
1561 3429 1661 3501 huius,

380 3544 473 3614 atque
509 3535 589 3594 adeo
624 3535 720 3613 ipsius
756 3555 868 3614 nempe
903 3535 1017 3614 Campi
1053 3536 1231 3613 Turopolia,
1267 3535 1355 3595 cuius
1390 3555 1503 3614 nempe
1535 3537 1608 3596 fidei
1643 3556 1662 3595 a

380 3661 501 3701 summo
524 3649 677 3701 terrarum
702 3642 849 3720 principe,
873 3643 1115 3702 clementissimo
1131 3643 1245 3722 quippe
1266 3661 1342 3722 rege
1357 3655 1388 3729 et
1403 3643 1530 3702 domino
1554 3652 1661 3702 nostro

379 3749 602 3828 augustissimo
626 3749 822 3828 imperatore,
839 3770 982 3829 quaeque
1007 3751 1104 3808 hocce
1128 3749 1159 3808 in
1184 3769 1282 3830 regno
1306 3751 1485 3810 concredita
1508 3751 1661 3827 habentur

379 3858 613 3932 antevertend0,
645 3857 816 3916 remedium
842 3858 880 3916 in
912 3866 1054 3935 tempore
1086 3866 1227 3935 ponatur,
1258 3858 1446 3938 licentiaque
1474 3859 1605 3918 allusiva
1628 3869 1659 3918 et

378 3985 433 4044 per
468 3965 568 4024 nullos
603 3965 729 4024 omnino
765 3984 842 4026 sano
874 3965 988 4024 iudicio
1021 3966 1173 4044 pollentes
1209 3967 1391 4043 aprobanda
1423 3967 1454 4026 in
1485 3967 1660 4026 libertatem

379 4093 486 4134 veram
510 4081 541 4132 et
565 4072 791 4152 privilegialem
816 4091 834 4131 a
858 4073 1108 4133 clementissimis
1139 4072 1254 4132 nostris
1286 4074 1415 4153 regibus
1438 4073 1515 4152 ipsis
1538 4073 1658 4151 pridem

379 4182 440 4241 iam
472 4199 666 4256 concessam,
697 4181 872 4255 reducatur,
904 4199 986 4260 quae
1020 4181 1164 4259 equidem
1188 4181 1326 4262 benigna
1350 4181 1512 4242 concessio
1536 4182 1659 4240 nonnisi

379 4309 449 4348 cum
481 4288 639 4368 morigero
671 4288 810 4348 eiusdem
843 4283 1009 4364 intellectu,
1033 4307 1071 4348 ac
1094 4273 1348 4366 interpretatione
1379 4287 1567 4362 firmitatem,
1595 4296 1657 4348 sta-

378 4397 590 4474 bilitatemque
615 4413 704 4454 suam
729 4395 844 4455 habere
869 4403 980 4472 potest,
1007 4396 1091 4454 velut
1114 4395 1197 4455 enim
1222 4397 1322 4455 nullos
1344 4395 1578 4474 privilegiorum
1604 4396 1657 4454 ab·

383 4521 467 4576 usus,
493 4521 529 4561 ac
553 4521 590 4561 ex
611 4501 743 4561 abusiva
767 4503 937 4561 eorundem
962 4502 1216 4580 interpretatione
1247 4502 1400 4580 pessimas
1432 4503 1556 4561 evenire
1585 4521 1657 4562 con-

379 4619 484 4669 suetas
520 4610 674 4687 sequelaS,
710 4610 898 4688 quaudoque
931 4609 1024 4668 etiam
1057 4610 1181 4682 caedeS,
1213 4610 1248 4685 ia,
1279 4609 1333 4688 qui
1368 4609 1512 4669 videlicet
1535 4609 1657 4668 nonnisi

381 4717 538 4795 pietatem,
563 4715 839 4795 cointelligentiam
863 4716 987 4789 bonam,
1011 4716 1211 4794 fideliumque
1236 4735 1363 4775 suorum
1386 4717 1656 4776 conservationem

380 4843 434 4902 pro
466 4823 528 4882 fine
561 4822 723 4902 regiminis
753 4823 802 4881 sui
833 4823 948 4882 habere
973 4823 1144 4895 consvevit,
1172 4823 1336 4882 admittere
1361 4824 1434 4896 vult,
1458 4831 1552 4903 atque
1576 4824 1657 4883 adeo

379 4932 408 4990 io
434 4930 632 4990 manifestum
661 4929 837 4990 amissionis
869 4929 1101 5008 privilegiorum
1134 4949 1261 4990 suorum
1286 4931 1365 4990 adeo
1388 4930 1524 5009 benigne
1548 4941 1578 4991 et
1602 4950 1656 5010 pa·
