3934 5550
378 332 449 431 ¹582

386 556 572 627 procurator
609 546 723 606 actoris
757 546 837 604 ultro
872 543 989 623 aliquid
1022 555 1106 623 agat,
1143 551 1176 601 ut
1211 551 1275 602 tam
1310 551 1454 620 respectu
1490 541 1669 614 earundem,

386 675 482 736 quam
517 663 548 714 et
579 654 732 713 consortis
756 651 1068 712 Verchkouichianae
1101 649 1222 730 plenius
1246 649 1282 710 lis
1308 657 1508 723 contestetur,
1536 648 1612 728 petit
1636 657 1666 708 et

385 771 536 825 reservat.

492 872 681 931 Procurator
705 869 735 928 in
752 887 880 927 causam
898 875 1049 928 attractae
1075 886 1111 926 ex
1129 876 1218 945 parte
1245 865 1339 926 etiam
1355 864 1663 925 Verchlrouichianae

385 988 508 1040 erectae
534 987 642 1038 contra
666 977 799 1037 eandem
824 975 954 1035 actionis
978 975 1089 1035 merita
1113 993 1151 1035 ex
1176 976 1298 1058 integro
1322 981 1426 1053 negat,
1451 981 1481 1033 et
1505 973 1546 1032 ad
1567 979 1660 1050 caput

384 1088 582 1148 extendendo
597 1086 801 1164 praemissam
823 1085 1004 1164 negativam
1025 1081 1119 1143 etiam
1143 1084 1246 1162 quoad
1277 1082 1456 1172 immediate
1472 1081 1660 1160 praeceden-

386 1206 450 1255 tem
473 1196 554 1255 banc
579 1193 800 1273 allegationem
823 1191 911 1265 duas,
936 1199 1077 1251 reservat
1100 1191 1143 1248 uti
1167 1209 1269 1269 supra.

493 1321 553 1380 Pro
578 1327 683 1378 actore
708 1328 876 1395 antequam
902 1317 1004 1376 adhuc
1026 1316 1107 1376 ultro
1132 1326 1216 1396 agat,
1242 1316 1326 1394 cupit
1349 1335 1404 1394 per
1429 1322 1662 1394 procuratorem

388 1427 418 1487 in
442 1445 571 1487 causam
605 1434 757 1486 attractae
789 1425 949 1498 declarari,
973 1443 1014 1483 an
1039 1432 1182 1502 respectu
1215 1424 1309 1482 etiam
1337 1424 1469 1482 duarum
1494 1421 1598 1504 ultimi¹
1615 1440 1663 1480 or-

388 1535 469 1595 dinis
502 1534 533 1592 in
565 1551 693 1593 causam
726 1539 928 1591 attractarum
956 1538 1106 1608 provocet
1138 1550 1172 1590 se
1197 1531 1237 1590 ad
1265 1531 1417 1590 adductos
1441 1537 1471 1589 et
1496 1527 1664 1590 examinari

388 1642 503 1720 petitos
526 1648 631 1700 testes.

498 1749 560 1807 Pro
591 1748 623 1806 in
655 1762 783 1808 causam
816 1753 949 1805 attracta
979 1746 1075 1805 relert
1106 1765 1139 1804 se
1172 1747 1212 1804 ad
1253 1745 1426 1824 praemissa
1451 1746 1586 1825 allegata
1610 1763 1667 1803 sua

387 1864 418 1915 et
442 1855 519 1934 petit
543 1854 715 1926 deliberari,
739 1872 869 1913 reserva
892 1853 1091 1912 nihilominus
1115 1853 1158 1912 uti
1183 1872 1278 1930 supra
1301 1853 1332 1912 in
1356 1871 1414 1912 suo
1427 1852 1531 1934 rigore
1547 1852 1654 1913 relicta

494 1963 706 2022 Deliberatum
731 1969 795 2020 est:
821 1960 907 2020 Licet
942 1961 1068 2039 quidem
1104 1961 1144 2020 ad
1179 1959 1357 2020 instantiam
1391 1959 1599 2039 procuratoris
1634 1958 1664 2016 in

388 2089 518 2129 causam
548 2077 700 2129 attractae
725 2068 892 2148 allegative
917 2068 1094 2140 deductam,
1118 2075 1215 2127 testes
1240 2067 1358 2128 eisdem
1383 2067 1526 2147 allegatis
1548 2065 1665 2138 inserti,

389 2170 428 2237 ad
453 2177 599 2236 iudicium
631 2177 799 2254 separatim
834 2175 936 2235 vocati
960 2185 991 2235 et
1015 2175 1181 2235 examinati
1206 2176 1237 2235 id
1261 2175 1395 2236 contessi
1426 2175 1548 2247 fuerint,
1581 2172 1666 2256 quod

389 2285 556 2344 iustificata
591 2285 784 2364 Magdalena
813 2283 885 2343 olim
918 2283 1053 2364 Hagych
1091 2284 1121 2343 in
1152 2285 1221 2344 loco
1245 2285 1365 2363 suplicii
1389 2284 1550 2343 actualiter
1574 2300 1665 2360 expe-

388 2393 502 2452 dienda
533 2392 656 2451 dixerit:
694 2391 870 2470 »Quidquid
902 2399 1010 2451 contra
1034 2391 1154 2470 aliquos
1178 2391 1249 2466 dixi,
1274 2392 1305 2452 id
1330 2411 1401 2451 mea
1425 2391 1537 2452 canina
1560 2390 1667 2470 lingva

389 2500 505 2559 dictum
528 2499 623 2558 luisse
648 2499 805 2574 declarooe,
837 2517 898 2557 non
923 2507 1029 2558 tamen
1054 2500 1141 2559 titulo
1174 2519 1247 2560 vere
1280 2499 1473 2559 revocatorio
1501 2499 1584 2559 idem
1615 2516 1667 2558 ex·

389 2606 563 2684 pressisset,
587 2589 880 2684 consequenteruti
906 2605 1128 2666 rationabiliter
1152 2608 1309 2684 praesumi
1333 2615 1444 2686 potest,
1468 2625 1523 2685 per
1547 2605 1667 2666 contes-

390 2713 506 2775 sarium
523 2713 672 2792 disposita
697 2733 734 2772 ex
751 2714 868 2772 motivo
890 2713 1028 2774 omnium
1046 2713 1224 2774 iniuriarum
1242 2715 1389 2793 proximis
1405 2715 1469 2775 suis
1492 2715 1570 2775 torte
1594 2733 1667 2775 cau·

390 2829 528 2881 satarum
551 2820 667 2881 dictum
692 2831 723 2880 et
746 2821 935 2880 intellectum
962 2820 1058 2881 luisse
1084 2822 1207 2897 debere,
1230 2824 1314 2901 quod
1329 2824 1378 2882 vel
1394 2842 1431 2881 ex
1452 2842 1490 2882 eo
1504 2821 1667 2881 manileste

389 2928 537 3000 ellucitur,
568 2928 721 3007 simulque
748 2929 905 3005 probatur,
938 2928 1013 3006 quia
1037 2930 1142 3007 plures
1170 2949 1325 3008 personae
1349 2949 1404 3008 per
1428 2930 1527 3008 ipsam
1558 2930 1666 3009 Hagy-

391 3035 534 3094 chianam
557 3036 615 3093 sub
647 3034 789 3094 examine
820 3036 960 3094 torturali
984 3053 1041 3113 pro
1065 3036 1268 3114 complicibus
1295 3048 1324 3096 et
1349 3036 1542 3117 magicorum
1575 3036 1666 3096 delic-

390 3150 492 3201 torum
521 3142 582 3200 reis
613 3143 771 3201 revelatae
802 3141 940 3213 luissent,
973 3162 1054 3221 quae
1086 3144 1245 3220 postlata
1282 3145 1421 3205 eiusdem
1446 3143 1548 3204 debite
1573 3144 1665 3203 inter-

307 3315 312 3324 *
391 3256 521 3327 coeptae
546 3256 577 3307 et
599 3248 712 3307 iudicio
736 3249 893 3308 mediante
917 3249 1011 3308 etiarn
1036 3257 1174 3310 torturae
1199 3252 1358 3311 subiectae
1382 3260 1482 3311 semet
1505 3270 1561 3330 pro
1586 3250 1669 3311 veris

392 3356 478 3435 sagis
494 3356 667 3431 contessae‚
684 3355 824 3433 aliasque
840 3353 1010 3435 complices
1023 3376 1097 3417 suas
1121 3358 1201 3418 intra
1225 3368 1255 3417 et
1280 3367 1366 3419 extra
1383 3367 1533 3419 torturam
1555 3358 1669 3431 fassae,

382 3462 581 3540 easdemque
610 3461 764 3522 tassiones
799 3473 897 3523 morte
929 3464 1023 3523 etiam
1047 3465 1199 3541 firmasse,
1228 3466 1304 3544 ipsis
1336 3466 1521 3525 authenticis
1552 3466 1601 3525 hic
1634 3464 1664 3523 in

390 3569 504 3629 iudicio
527 3570 685 3647 productis
709 3570 902 3629 examinibus
926 3572 1126 3632 torturalibus
1158 3572 1346 3633 sufficienter
1371 3574 1516 3633 edoctum
1541 3572 1668 3646 luisset3

381 3686 424 3767 'et
445 3676 516 3735 ideo
547 3678 752 3755 praemissam
782 3678 1014 3738 revocationem
1045 3680 1102 3739 sub
1136 3680 1300 3739 antesertis
1335 3680 1506 3741 rationibus
1534 3680 1664 3760 intelligi

390 3783 487 3842 luisse
511 3784 625 3843 debere
654 3784 779 3860 tactam,
810 3794 841 3844 et
872 3805 1125 3865 perconsequens
1149 3788 1355 3866 praemissam
1379 3785 1664 3867 Briglevicbianam

392 3889 521 3968 Georgii
553 3891 769 3951 Verchkouich
802 3894 1015 3953 conthoralem
1039 3895 1123 3954 etin
1147 3914 1275 3955 causam
1310 3904 1474 3955 attractam
1498 3896 1663 3957 sublevare

391 4016 454 4056 non
476 4016 579 4075 posse,
602 4016 683 4077 quae
707 4018 745 4059 ex
769 4018 808 4061 eo
832 4008 922 4077 prout
946 4010 977 4060 et
1000 4003 1143 4063 residuae
1168 4004 1258 4078 duae,
1279 4013 1387 4082 utpote
1411 4004 1572 4063 Dorothea
1596 4004 1665 4082 Sip·

392 4103 517 4181 pussich
543 4104 648 4164 relicta
671 4106 781 4179 Leder‚
799 4117 829 4166 et
845 4107 1050 4187 Margaretha
1071 4110 1248 4170 Koskovich
1266 4110 1374 4172 relicta
1390 4111 1505 4189 pariter
1523 4112 1665 4171 eiusdem

390 4210 519 4270 textoris
543 4210 705 4273 Michaelis
727 4213 775 4287 N.‚
798 4234 854 4291 pro
877 4215 924 4274 sui
949 4216 1176 4295 expurgatione
1200 4218 1384 4295 praesertim
1415 4218 1591 4303 simplicem
1614 4238 1667 4279 ne-

391 4316 532 4397 gativam
556 4318 630 4378 nihil
657 4321 848 4380 adducentes
872 4320 903 4380 in
926 4322 1125 4396 contrarium,
1151 4344 1243 4402 porro
1276 4346 1330 4403 per
1361 4326 1499 4385 fiscalem
1524 4346 1668 4405 procura-

392 4432 491 4485 torem
513 4427 662 4503 repetitas
685 4429 850 4487 torturales
873 4427 1027 4489 tassiones
1051 4431 1156 4493 itidem
1186 4432 1235 4492 hic
1258 4433 1289 4491 in
1314 4434 1427 4493 iudicio
1451 4434 1527 4493 satis
1551 4436 1667 4513 ponde-

390 4542 475 4591 ratas
498 4532 530 4591 in
553 4534 728 4611 oppositum
752 4537 921 4614 productas
952 4537 1104 4597 habentes
1130 4548 1202 4599 voto
1226 4542 1383 4601 communi
1405 4549 1544 4601 torturae
1583 4544 1670 4603 adiu-

395 4640 545 4714 dicantur,
569 4660 632 4719 qua
648 4650 776 4720 peracta
799 4644 892 4703 finale
916 4646 1170 4722 pronunciabitur
1195 4648 1349 4711 iudicium.

764 4751 892 4812 Gabriel
921 4752 1077 4829 Skerlecz‚
1107 4756 1316 4816 universitatis
1339 4758 1487 4820 nobilium
1512 4758 1625 4837 Campi

818 4858 998 4937 Turopolya
1021 4862 1160 4921 notarius
1184 4884 1223 4923 m.
1247 4883 1275 4942 p.

957 4964 973 4999 a
1082 4966 1098 5001 a

1020 5014 1036 5050 u
