3934 5550
407 386 472 453 416

407 614 507 680 statu,
540 606 613 667 item
646 609 788 668 harnlam
812 628 867 687 pro
893 608 1056 667 anseribus
1081 607 1121 667 ad
1152 627 1248 667 unam
1280 608 1457 667 clausuram
1488 607 1687 680 mediocrem,

406 712 564 774 fornacem
589 715 758 794 pistoream
782 715 849 776 sine
872 716 955 775 bono
978 724 1071 791 tecto,
1094 723 1207 794 puteus
1231 723 1279 775 est
1302 716 1412 777 bonus.

518 820 565 884 12.
600 824 754 884 Providus
789 826 922 885 Ioannes
957 824 1080 904 Evang.
1112 824 1293 901 Beszedich,
1317 826 1446 885 colonus
1480 824 1526 884 uti
1560 824 1688 901 priores,

406 929 503 989 habet
538 932 665 991 domum
701 932 861 1011 antiquam
895 932 1023 993 basibus
1055 932 1159 992 statim
1190 932 1383 1013 indigentem
1415 939 1447 991 et
1482 931 1690 1009 reparatione,

408 1039 553 1097 horreum
571 1038 733 1117 antiquum
757 1040 823 1099 sine
847 1047 937 1118 porta
970 1039 1167 1118 reparatione
1191 1039 1345 1120 indigens
1378 1041 1472 1100 haras
1496 1040 1536 1100 ad
1560 1035 1581 1097 4
1604 1041 1689 1098 elau-

407 1164 497 1204 suras
532 1145 713 1206 animalium
747 1146 892 1226 antiquas
927 1146 994 1207 sine
1027 1146 1117 1207 bonis
1149 1147 1277 1207 basibus
1312 1156 1344 1208 et
1374 1147 1579 1225 pavimentis;
1616 1146 1688 1205 item

407 1272 565 1313 cameram
592 1254 751 1333 antiquam
775 1254 904 1314 basibus
930 1255 1131 1335 indigentem,
1147 1254 1307 1316 fornacem
1323 1255 1493 1333 pistoream
1518 1254 1585 1314 sine
1608 1254 1691 1313 bono

406 1371 489 1425 tecto
513 1365 678 1437 asserice0,
703 1371 816 1443 puteus
841 1384 911 1423 curn
935 1364 1001 1423 suis
1024 1363 1209 1424 accessoriis
1234 1381 1346 1443 pamm
1370 1365 1488 1425 valens.

519 1468 566 1532 13.
592 1470 689 1531 Curia
712 1471 899 1551 parochialis
929 1470 1129 1531 Goriczensis
1153 1472 1210 1531 sub
1234 1470 1421 1532 dirrectione
1445 1472 1614 1531 admodum
1639 1490 1686 1530 re·

411 1578 538 1638 verendi
564 1576 682 1637 domini
705 1578 833 1657 parochi
857 1578 957 1638 Marci
981 1578 1108 1638 Antonii
1144 1578 1318 1659 Hegedich,
1352 1578 1419 1638 sine
1442 1579 1526 1639 bono
1550 1587 1632 1638 tecto
1655 1577 1686 1637 in

409 1685 586 1761 medietate,
611 1686 763 1746 medietas
792 1693 896 1746 autem
919 1686 993 1745 tecti
1015 1686 1098 1745 bono
1121 1693 1204 1746 tecto
1227 1686 1362 1765 provisa,
1397 1706 1489 1747 secus
1512 1695 1579 1745 tota
1602 1686 1688 1746 curia

409 1792 440 1851 in
465 1791 547 1853 bono
580 1802 671 1871 statu,
705 1795 850 1854 horreum
874 1794 904 1853 in
929 1794 1081 1854 columnis
1109 1792 1149 1854 10
1172 1794 1304 1854 muratis
1327 1814 1444 1855 novum
1474 1795 1590 1855 bonnm
1622 1793 1689 1853 sine

409 1901 507 1978 portis
523 1900 631 1974 tribuS,
646 1920 728 1981 quae
742 1909 852 1980 portae
870 1920 906 1960 ex
924 1902 1083 1961 asseribus
1097 1902 1295 1962 necessariae
1312 1910 1384 1961 sunt
1400 1901 1514 1977 statim,
1530 1901 1684 1960 stabulum

408 2009 524 2069 bonum
550 2009 590 2069 ad
614 2007 634 2068 3
659 2010 821 2070 clausuras
844 2009 912 2069 sine
935 2010 1026 2070 bonis
1056 2010 1244 2089 pavimentis
1275 2009 1404 2069 internis
1428 2018 1459 2069 et
1483 2007 1618 2070 externis
1641 2008 1685 2067 in·

408 2116 579 2189 terioribus,
607 2135 699 2176 secus
731 2117 761 2175 in
794 2136 855 2176 una
886 2117 1031 2176 clausura
1065 2117 1182 2176 nullum
1217 2116 1431 2195 pavimentum
1463 2125 1519 2193 est,
1548 2115 1690 2175 harulam

407 2224 566 2283 maialium
600 2224 760 2303 antiquam
792 2244 903 2303 parum
934 2226 1092 2285 valentem
1123 2226 1227 2299 habet,
1251 2224 1385 2284 culinam
1409 2244 1525 2284 novam
1549 2223 1578 2283 in
1602 2223 1686 2282 bono

408 2337 491 2390 statu
515 2350 585 2390 cum
611 2332 734 2391 adnexo
757 2332 899 2392 cubiculo
923 2330 1074 2404 famulitii,
1099 2331 1184 2391 etin
1208 2331 1311 2392 medio
1343 2350 1399 2411 pro
1432 2330 1573 2391 caulibus
1605 2348 1688 2389 com·

407 2438 569 2517 ponendis
600 2439 824 2499 columbarium
855 2440 885 2499 in
920 2447 1004 2499 statu
1036 2438 1193 2515 mediocri,
1224 2458 1281 2517 pro
1305 2446 1395 2517 porta
1419 2438 1459 2497 ad
1483 2438 1619 2516 plateam
1644 2437 1689 2495 in·

410 2546 497 2623 diget
529 2545 627 2605 tribus
660 2547 811 2606 columnis
845 2556 875 2606 et
908 2547 1067 2607 asseribus
1089 2566 1146 2626 pro
1170 2544 1276 2624 portis,
1300 2545 1393 2605 corbe
1415 2544 1618 2625 iogopiracea
1643 2544 1687 2603 in-

411 2653 506 2731 diget,
538 2672 594 2731 pro
618 2672 680 2731 qua
703 2654 766 2713 iam
790 2653 918 2713 arbores
948 2654 1031 2713 idem
1062 2653 1207 2713 dominus
1237 2652 1393 2732 parochus
1418 2651 1571 2731 aquisivit,
1594 2670 1690 2730 quam

413 2760 537 2820 corbem
563 2759 743 2838 parochiani
768 2769 923 2822 exttruere
947 2761 1133 2842 obligantur.

523 2867 570 2928 14.
594 2868 715 2928 Nobilis
746 2870 884 2929 Mathias
908 2869 1044 2929 Vemich
1067 2869 1163 2929 habet
1186 2869 1314 2928 domum
1337 2867 1497 2947 antiquam
1520 2875 1690 2947 angustam

411 2976 607 3054 reparatione
632 2976 833 3056 indigentem,
868 2977 1003 3036 ambitus
1035 2995 1110 3036 vero
1141 2995 1251 3055 parurn
1282 2975 1374 3050 valet,
1406 2977 1552 3034 horreum
1574 2974 1690 3033 bonum

409 3101 534 3157 novum,
566 3102 663 3161 penes
697 3082 898 3163 foenileginm
931 3094 962 3142 et
986 3103 1144 3143 cameram
1168 3083 1273 3142 omnia
1296 3102 1379 3142 nova
1402 3083 1494 3156 bona,
1530 3082 1623 3140 haras
1648 3081 1688 3140 ad

409 3187 428 3249 3
453 3192 615 3250 clausuras
645 3191 789 3270 antiquas
814 3191 844 3250 in
873 3191 989 3250 misero
1014 3199 1106 3266 statu,
1131 3191 1251 3271 indiget
1274 3191 1375 3264 novis,
1395 3210 1452 3269 pro
1475 3190 1588 3269 quibus
1612 3189 1687 3248 erri-

408 3297 520 3377 gendis
544 3297 606 3356 iam
630 3299 726 3358 habet
748 3297 833 3358 dorni
857 3299 970 3358 robora
994 3297 1023 3371 7,
1047 3307 1078 3358 et
1101 3307 1209 3359 mutuo
1229 3299 1303 3358 data
1327 3297 1473 3358 defuncto
1498 3296 1613 3357 domini
1637 3315 1688 3355 co·

413 3403 478 3463 miti
503 3405 671 3465 Mallenich
696 3423 752 3484 pro
777 3425 833 3464 suo
856 3405 1029 3466 diversorio
1053 3406 1165 3465 robora
1185 3403 1223 3478 6;
1247 3405 1321 3465 item
1346 3404 1534 3464 camerulam
1560 3422 1689 3482 parvam

409 3512 503 3571 habet
536 3509 672 3572 Mathias
706 3513 868 3591 privatam,
893 3513 1028 3573 culinam
1059 3533 1130 3573 cum
1161 3513 1288 3573 fornace
1313 3513 1450 3590 pistorea
1480 3509 1511 3570 in
1542 3509 1690 3569 mediocri

408 3627 499 3692 statu,
531 3627 643 3699 puteus
675 3621 749 3680 nihil
782 3622 872 3696 valet,
905 3622 962 3682 sed
994 3640 1051 3699 pro
1084 3622 1196 3682 eodem
1220 3622 1283 3682 iarn
1306 3620 1401 3680 habet
1423 3639 1519 3680 unam
1543 3619 1686 3678 arborem

408 3729 601 3809 assignatam
628 3739 659 3788 et
682 3730 850 3792 desectam.

519 3833 567 3897 15.
591 3835 745 3897 Providus
778 3837 936 3917 Georgius
963 3838 1106 3897 Saechen
1130 3837 1253 3897 Boltina
1276 3837 1386 3909 dietus,
1410 3837 1538 3896 colonus
1564 3835 1606 3893 uti
1630 3833 1689 3911 pri·

407 3962 487 4016 ores,
511 3943 606 4002 habet
638 3945 763 4004 domurn
798 3945 957 4024 antiquam
991 3953 1160 4025 angustam
1184 3945 1215 4004 in
1239 3944 1387 4004 mediocri
1420 3953 1512 4014 statu,
1544 3943 1689 4000 horreum

408 4050 570 4130 antiquum
593 4052 760 4126 mediocre,
784 4061 854 4130 post
879 4051 997 4132 aliquot
1020 4072 1119 4112 annos
1150 4052 1280 4132 basibus
1313 4049 1471 4130 indigebit,
1502 4051 1596 4108 haras
1620 4049 1685 4108 ani·

408 4157 534 4218 mallum
560 4160 600 4218 ad
625 4158 645 4219 4
670 4160 831 4219 clausuras
864 4159 1009 4238 antiquas
1039 4160 1147 4233 bonaS,
1171 4160 1238 4220 sine
1262 4158 1352 4218 bonis
1376 4157 1579 4236 pavimentis;
1617 4156 1689 4215 item

407 4284 565 4325 cameram
599 4266 638 4325 ad
673 4285 766 4326 unam
799 4267 976 4326 clausuram
1008 4267 1168 4346 antiquam
1200 4275 1272 4345 post
1295 4265 1412 4344 aliquot
1436 4283 1535 4323 annos
1559 4263 1686 4322 basibus

407 4373 522 4452 egebit,
555 4375 689 4434 culinam
724 4395 794 4434 curn
828 4376 955 4435 iornace
1000 4375 1138 4454 pistorea
1182 4375 1342 4454 antiquam
1375 4374 1406 4433 in
1439 4372 1553 4432 misero
1597 4379 1689 4441 statu,

407 4489 520 4558 puteus
544 4481 618 4541 nihil
642 4484 734 4543 valet.

518 4585 565 4647 16.
590 4589 711 4649 Nobilis
734 4590 885 4668 Stephani
909 4589 1067 4649 Istvanich
1097 4589 1208 4649 domus
1232 4607 1289 4667 per
1312 4587 1537 4666 negligentiam
1562 4587 1688 4646 deserta

406 4703 437 4754 et
461 4695 523 4755 iam
546 4697 598 4755 vix
622 4717 684 4757 non
709 4698 834 4760 dirruta.

517 4803 564 4865 17.
588 4805 708 4864 Nobilis
742 4806 906 4866 Ladislaus
938 4806 1095 4866 lstvanich
1127 4805 1222 4864 habet
1251 4805 1377 4863 domurn
1402 4804 1572 4880 antiquam,
1598 4821 1689 4860 secus

405 4912 437 4971 in
463 4911 545 4971 bono
577 4921 668 4986 statu,
699 4914 844 4973 horreum
877 4915 1038 4993 antiquum
1062 4915 1129 4973 sine
1154 4912 1245 4973 bonis
1276 4911 1414 4988 basibus,
1447 4912 1541 4970 haras
1571 4911 1685 4970 anima·
