3934 5550
377 494 380 501 '
407 478 472 540 578

508 693 569 750 Pro
594 694 705 752 eadem
735 691 766 751 in
796 711 924 752 causam
956 699 1090 750 attracta
1121 691 1265 768 quamvis
1297 699 1481 769 procurator
1505 691 1618 750 actoris
1643 709 1680 750 ex

402 801 474 878 lege
508 799 592 859 dicat
627 799 844 879 magistratum
876 798 952 858 nihil
982 798 1115 876 probare
1147 797 1271 873 debere,
1302 816 1339 857 ex
1369 799 1441 878 lege
1477 806 1583 858 tamen
1619 816 1682 857 non

402 907 525 982 evincit,
560 907 643 984 quod
675 907 769 966 liscus
801 907 866 966 sine
896 905 1037 986 legitimo
1065 905 1268 964 fundamento
1292 913 1323 965 et
1348 905 1545 984 inquisitione
1570 924 1677 983 proce·

403 1015 477 1074 dere
501 1023 615 1092 posset,
640 1015 714 1092 quia
740 1014 766 1072 si
790 1015 850 1073 hoc
874 1013 1097 1085 admitteretur,
1122 1021 1153 1071 et
1175 1014 1247 1089 lege
1272 1021 1396 1072 cautum
1415 1033 1476 1073 non
1501 1021 1592 1086 esset,
1616 1014 1681 1091 plu·

402 1123 481 1182 rima
505 1122 641 1182 absurda
664 1121 695 1180 in
722 1121 933 1181 innocentium
964 1138 1169 1198 personarum
1194 1120 1391 1180 divexatione
1414 1121 1574 1194 orirentur,
1599 1119 1681 1198 quod

404 1239 509 1290 autem
543 1229 717 1307 praemissa
758 1239 926 1307 praetensa
965 1229 1152 1287 documenta
1197 1247 1255 1287 nec
1290 1247 1346 1306 pro
1379 1229 1534 1290 erectione
1579 1227 1680 1287 minus

404 1337 567 1398 edoctione
599 1337 729 1396 aetionis
766 1336 930 1410 sufficiant,
962 1337 1054 1396 docet
1078 1335 1243 1396 manilesta
1266 1337 1407 1414 producti
1431 1337 1504 1396 Nro.
1530 1333 1558 1396 3.
1582 1335 1680 1395 notati

404 1445 592 1524 simplicitas,
623 1463 696 1504 nam
727 1445 797 1503 licet
836 1451 1019 1522 procurator
1051 1444 1163 1503 actoris
1195 1443 1269 1504 illud
1300 1444 1512 1524 recognitione
1543 1443 1626 1502 sedis
1650 1452 1681 1502 et

404 1552 582 1614 documenti
613 1552 692 1612 inter
723 1559 792 1611 acta
826 1551 949 1630 publica
972 1551 1185 1612 reinventione
1209 1552 1345 1611 stabilire
1377 1561 1408 1612 et
1431 1551 1605 1632 legitimare
1630 1551 1682 1610 ad·

404 1661 529 1735 nitatur,
552 1678 608 1740 pro
633 1660 732 1737 primo
756 1659 886 1738 quidem
911 1659 984 1738 quia
1008 1659 1122 1736 inclyta
1143 1659 1234 1719 sedes
1262 1660 1293 1718 in
1314 1659 1570 1739 legitimationem
1594 1677 1683 1736 prae·

404 1768 532 1829 missam
564 1767 615 1826 via
646 1765 874 1845 recognitionis
904 1785 938 1826 se
971 1767 1136 1826 immittere
1169 1785 1230 1826 non
1263 1774 1374 1844 potest,
1407 1767 1466 1826 nisi
1497 1749 1629 1826 iudicem
1654 1774 1686 1825 et

404 1885 516 1936 testem
540 1875 634 1954 (quod
658 1874 747 1934 titulo
775 1874 821 1935 15.
848 1875 945 1952 partis
974 1877 999 1936 l.
1023 1877 1143 1955 prolog.
1172 1875 1301 1934 vetitum
1324 1875 1504 1950 haberetur)
1529 1894 1563 1935 se
1588 1873 1683 1934 mani·

404 1983 518 2043 festare
541 1984 642 2056 vellet,
666 1983 722 2042 sed
746 1981 869 2042 etiamsi
894 2001 951 2060 per
974 1983 1176 2061 insperatum
1202 1983 1313 2042 eadem
1336 1983 1452 2059 inclyta
1484 1982 1577 2041 sedes
1608 1980 1683 2040 iudi·

404 2089 500 2150 ciatia
528 2096 769 2169 recognosceret
799 2089 882 2148 idem
914 2090 1063 2168 scriptum
1097 2109 1167 2149 esse
1191 2089 1296 2167 scripti
1321 2089 1605 2164 Domitrouichiani,
1629 2107 1683 2166 per

404 2202 463 2259 hoc
485 2209 591 2258 tamen
622 2196 705 2257 idem
734 2216 796 2256 non
828 2196 986 2256 evaderet
1019 2198 1238 2272 authenticum,
1269 2198 1347 2258 etsi
1372 2199 1430 2257 hoc
1463 2197 1683 2271 admitteretur,

404 2317 477 2366 tunc
508 2306 638 2384 quaevis
669 2304 823 2382 scriptura
857 2305 1164 2364 Domittrouichiana
1195 2316 1280 2365 esset
1312 2306 1505 2380 authentica3
1537 2305 1683 2378 secundo,

405 2416 478 2475 illud
500 2415 597 2474 'etiam
613 2414 644 2473 in
660 2412 902 2472 stabilimentum
919 2413 1082 2491 praetensi
1096 2415 1273 2473 documenti
1290 2415 1364 2473 nihil
1379 2423 1585 2488 concurreret,
1601 2414 1683 2492 quod

406 2524 488 2583 idern
511 2521 659 2599 scriptum
682 2520 762 2579 inter
786 2529 856 2579 acta
879 2520 1003 2598 publica
1027 2520 1066 2580 sit
1090 2521 1296 2594 reinventum,
1321 2523 1393 2600 quia
1419 2521 1622 2599 repositiones
1640 2521 1679 2580 ad

406 2629 544 2690 archivia
567 2629 633 2688 sive
657 2647 826 2687 conservas
850 2627 991 2704 publicas
1015 2627 1173 2687 literarum
1202 2629 1449 2688 authenticarum
1472 2629 1543 2708 lege
1568 2637 1684 2688 statuta

406 2738 605 2814 haberentur,
636 2736 779 2815 adeoque
806 2734 1023 2795 inauthentica
1047 2737 1235 2796 documenta
1258 2735 1329 2797 licet
1352 2737 1465 2797 ibidem
1490 2736 1684 2797 inveniantur

406 2864 463 2924 pro
485 2840 676 2929 [authenticis
714 2863 777 2902 non
808 2844 971 2916 habentur,
1003 2851 1160 2903 caeterum
1195 2846 1235 2905 ad
1268 2845 1451 2922 productum
1478 2846 1550 2905 Nro.
1583 2843 1612 2907 4.
1642 2852 1684 2903 uti

407 2971 502 3032 supra
532 2952 605 3011 illud
636 2950 710 3009 dicit
740 2950 907 3029 singulare,
938 2960 970 3009 et
1001 2952 1027 3009 si
1061 2952 1120 3009 tale
1157 2950 1187 3010 in
1222 2952 1326 3011 causis
1350 2952 1490 3012 civilibus
1513 2972 1576 3013 non
1600 2952 1684 3012 sulfi-

407 3070 500 3134 ceret,
531 3060 631 3119 minus
656 3058 687 3117 in
710 3058 919 3117 criminalibus
942 3065 1091 3136 tanquam
1116 3059 1218 3118 causis
1243 3060 1382 3119 delicatis
1404 3060 1625 3133 admitteretur,
1650 3071 1681 3118 et

408 3167 591 3248 praesertim
622 3186 660 3225 ex
691 3167 894 3226 fundamento
917 3166 970 3224 tali
998 3166 1283 3244 promanandarum
1307 3167 1485 3241 laesionum,
1509 3187 1570 3247 quo
1594 3167 1684 3227 lacile

407 3276 561 3356 quispiam
591 3274 861 3335 innocentissimus
894 3284 978 3333 metu
1006 3282 1143 3334 torturae
1179 3275 1219 3335 ad
1254 3274 1408 3335 fassiones
1440 3294 1473 3335 se
1506 3277 1701 3365 resolveret,¹

408 3405 469 3463 quo
493 3384 524 3443 iu
548 3401 624 3442 casu
640 3381 845 3441 confrontatio
861 3401 984 3463 quoque
1003 3381 1176 3460 requiritur,
1194 3390 1228 3440 ut
1244 3391 1330 3442 tanto
1347 3366 1526 3443 validius'et
1543 3384 1684 3443 veracius

408 3492 453 3552 rei
476 3491 619 3551 meritum
636 3491 801 3560 elucescat,
816 3506 898 3567 quae
922 3490 1017 3548 etiam
1041 3490 1225 3564 intermissa,
1246 3490 1455 3551 testimonium
1480 3492 1553 3553 Nro.
1577 3489 1607 3553 4.
1630 3511 1683 3551 no·

409 3607 510 3666 tatum,
530 3597 650 3657 irritum
674 3597 821 3669 lacerent,
846 3596 917 3655 ideo
941 3596 984 3654 uti
1009 3614 1112 3675 supra.
1595 3577 1597 3583 ¹

516 3706 576 3765 Pro
612 3712 716 3762 actore
748 3705 788 3762 ad
820 3704 957 3782 allegata
987 3704 1201 3780 procuratoris
1236 3704 1266 3763 in
1300 3724 1428 3777 eausam
1462 3712 1612 3765 attractae
1637 3712 1685 3765 sat

410 3817 477 3873 luse
513 3812 645 3871 deducta
680 3810 761 3881 dicit,
796 3811 879 3889 quod
911 3810 1068 3870 sufficiens
1101 3810 1341 3871 lundamentum
1367 3813 1496 3872 actionis
1529 3832 1567 3871 ex
1595 3832 1684 3891 prae·

410 3920 513 3981 missis
543 3918 661 3979 iteratis
692 3926 723 3977 et
753 3918 883 3995 duplicis
915 3917 1031 3977 ordinis
1064 3918 1182 3992 elicitis,
1207 3927 1238 3977 et
1261 3927 1360 3979 morte
1385 3939 1508 3999 quoque
1533 3921 1684 3980 authenti·

410 4028 488 4089 catis
511 4024 697 4085 iussionibus
720 4024 924 4103 magistratus
948 4024 1089 4101 publicus
1114 4025 1266 4102 habuerit,
1290 4035 1322 4085 et
1346 4034 1417 4085 actu
1442 4026 1535 4085 etiarn
1560 4027 1683 4102 habeat,

410 4136 470 4194 hoc
493 4134 536 4192 ita
560 4141 678 4191 certum
702 4140 758 4203 est,
782 4131 864 4210 quod
888 4150 946 4191 nec
968 4131 1101 4208 ipsemet
1118 4142 1300 4209 procurator
1324 4133 1355 4191 in
1380 4152 1508 4193 causam
1533 4143 1685 4194 attractae

411 4237 633 4300 rationabiliter
667 4256 785 4318 negare
818 4239 936 4312 valeat,
973 4248 1239 4317 concurrenteque
1276 4240 1315 4299 ad
1351 4240 1410 4299 hoc
1443 4241 1567 4318 publica
1602 4241 1686 4301 sarna

411 4355 441 4407 et
465 4346 649 4423 suspicione,
667 4345 825 4423 ipsiusque
849 4347 944 4422 partis
960 4345 992 4403 in
1009 4364 1136 4404 causam
1162 4353 1313 4406 attractae
1337 4347 1387 4405 hic
1412 4348 1441 4405 in
1467 4347 1580 4407 iudicio
1597 4348 1685 4407 visae

412 4454 594 4526 conditione,
627 4461 657 4511 ct
689 4453 863 4511 observatis
895 4452 925 4510 in
955 4455 1069 4513 eadem
1097 4454 1304 4532 palpabilibus
1329 4455 1418 4533 quasi
1443 4455 1689 4528 circumstantiis,

335 4578 338 4584 ’
413 4562 634 4623 validissimam
658 4562 697 4619 de
721 4560 931 4638 culpabilitate
959 4560 1109 4621 eiusdem
1134 4562 1165 4621 in
1190 4580 1317 4622 causam
1335 4571 1485 4623 attractae
1509 4582 1690 4643 praesump-

411 4672 527 4732 tionem
550 4668 776 4745 inducentibus,
799 4669 883 4747 quod
907 4669 1018 4728 eadem
1042 4689 1115 4746 pars
1140 4671 1170 4729 in
1194 4690 1323 4731 causam
1348 4680 1481 4731 attracta
1497 4673 1687 4750 ultraquam

411 4779 582 4857 semiplena
614 4778 712 4855 proba
741 4785 890 4855 gravetur
921 4778 1187 4837 evidentissimum
1221 4790 1276 4853 est,
1309 4780 1379 4838 ideo
1405 4798 1464 4839 non
1490 4779 1685 4839 obstantibus

413 4906 469 4965 per
493 4895 725 4963 procuratorem
750 4884 782 4944 in
806 4904 935 4943 causam
959 4894 1111 4944 attractae
1136 4886 1278 4945 adductis
1302 4886 1559 4947 rationationibus
1592 4907 1628 4945 ex
1656 4906 1692 4946 ea

412 4992 506 5051 etiam
531 4992 657 5063 ratione,
674 4990 758 5070 quod
781 4990 932 5051 eiusmodi
956 4992 1081 5071 magiae
1107 4994 1213 5052 vitium
1238 4994 1268 5052 in
1293 4994 1351 5053 hoc
1375 4994 1497 5072 Campo
1522 4995 1602 5054 adeo
1626 4995 1684 5054 sre-
