<?xml version="1.0" encoding="UTF-8"?>
<!DOCTYPE html PUBLIC "-//W3C//DTD XHTML 1.0 Transitional//EN"
    "http://www.w3.org/TR/xhtml1/DTD/xhtml1-transitional.dtd">
<html xmlns="http://www.w3.org/1999/xhtml" xml:lang="en" lang="en">
 <head>
  <title>
</title>
<meta http-equiv="Content-Type" content="text/html;charset=utf-8" />
  <meta name='ocr-system' content='tesseract 3.04.00' />
  <meta name='ocr-capabilities' content='ocr_page ocr_carea ocr_par ocr_line ocrx_word'/>
</head>
<body>
  <div class='ocr_page' id='page_1' title='image "./povjesnispomeni00laszgoog_0137.png"; bbox 0 0 3934 5550; ppageno 0'>
   <div class='ocr_carea' id='block_1_1' title="bbox 390 419 452 483">
    <p class='ocr_par' dir='ltr' id='par_1_1' title="bbox 390 419 452 483">
     <span class='ocr_line' id='line_1_1' title="bbox 390 419 452 483; baseline 0 0"><span class='ocrx_word' id='word_1_1' title='bbox 390 419 452 483; x_wconf 81' lang='lat' dir='ltr'>tot</span> 
     </span>
    </p>
   </div>
   <div class='ocr_carea' id='block_1_2' title="bbox 384 636 1674 2868">
    <p class='ocr_par' dir='ltr' id='par_1_2' title="bbox 384 636 1674 2868">
     <span class='ocr_line' id='line_1_2' title="bbox 385 636 1666 717; baseline 0.002 -22"><span class='ocrx_word' id='word_1_2' title='bbox 385 636 475 707; x_wconf 87' lang='lat' dir='ltr'>taxis,</span> <span class='ocrx_word' id='word_1_3' title='bbox 499 636 787 709; x_wconf 81' lang='lat' dir='ltr'>contributionibus,</span> <span class='ocrx_word' id='word_1_4' title='bbox 810 648 864 697; x_wconf 89' lang='lat' dir='ltr'>aut</span> <span class='ocrx_word' id='word_1_5' title='bbox 886 636 925 697; x_wconf 92' lang='lat' dir='ltr'>in·</span> <span class='ocrx_word' id='word_1_6' title='bbox 941 637 1161 697; x_wconf 79' lang='lat' dir='ltr'>futurumsub</span> <span class='ocrx_word' id='word_1_7' title='bbox 1196 638 1310 717; x_wconf 80' lang='lat' dir='ltr'>quo‘vis</span> <span class='ocrx_word' id='word_1_8' title='bbox 1332 640 1445 699; x_wconf 87' lang='lat' dir='ltr'>colore·</span> <span class='ocrx_word' id='word_1_9' title='bbox 1469 638 1666 699; x_wconf 84' lang='lat' dir='ltr'>inveniendis</span> 
     </span>
     <span class='ocr_line' id='line_1_3' title="bbox 392 743 1669 825; baseline -0.001 -19"><span class='ocrx_word' id='word_1_10' title='bbox 392 750 447 806; x_wconf 91' lang='lat' dir='ltr'>aut</span> <span class='ocrx_word' id='word_1_11' title='bbox 470 743 687 824; x_wconf 84' lang='lat' dir='ltr'>excogitandis</span> <span class='ocrx_word' id='word_1_12' title='bbox 710 743 894 805; x_wconf 87' lang='lat' dir='ltr'>datiis&#39;sive</span> <span class='ocrx_word' id='word_1_13' title='bbox 925 744 1137 822; x_wconf 89' lang='lat' dir='ltr'>laboribus,a</span> <span class='ocrx_word' id='word_1_14' title='bbox 1171 746 1267 806; x_wconf 92' lang='lat' dir='ltr'>modo</span> <span class='ocrx_word' id='word_1_15' title='bbox 1298 747 1329 805; x_wconf 90' lang='lat' dir='ltr'>in</span> <span class='ocrx_word' id='word_1_16' title='bbox 1364 755 1523 825; x_wconf 89' lang='lat' dir='ltr'>posterum</span> <span class='ocrx_word' id='word_1_17' title='bbox 1558 745 1669 805; x_wconf 84' lang='lat' dir='ltr'>futuris</span> 
     </span>
     <span class='ocr_line' id='line_1_4' title="bbox 387 849 1666 929; baseline 0.002 -20"><span class='ocrx_word' id='word_1_18' title='bbox 387 868 512 928; x_wconf 85' lang='lat' dir='ltr'>semper</span> <span class='ocrx_word' id='word_1_19' title='bbox 543 849 737 928; x_wconf 82' lang='lat' dir='ltr'>temporibus</span> <span class='ocrx_word' id='word_1_20' title='bbox 761 859 933 929; x_wconf 85' lang='lat' dir='ltr'>exemptos,</span> <span class='ocrx_word' id='word_1_21' title='bbox 965 851 1126 912; x_wconf 85' lang='lat' dir='ltr'>libertatos</span> <span class='ocrx_word' id='word_1_22' title='bbox 1162 860 1193 913; x_wconf 90' lang='lat' dir='ltr'>et</span> <span class='ocrx_word' id='word_1_23' title='bbox 1227 853 1359 913; x_wconf 90' lang='lat' dir='ltr'>donatos</span> <span class='ocrx_word' id='word_1_24' title='bbox 1396 872 1467 914; x_wconf 90' lang='lat' dir='ltr'>esse</span> <span class='ocrx_word' id='word_1_25' title='bbox 1502 852 1666 927; x_wconf 89' lang='lat' dir='ltr'>voluimus,</span> 
     </span>
     <span class='ocr_line' id='line_1_5' title="bbox 387 957 1665 1035; baseline 0.002 -18"><span class='ocrx_word' id='word_1_26' title='bbox 387 964 481 1035; x_wconf 89' lang='lat' dir='ltr'>prout</span> <span class='ocrx_word' id='word_1_27' title='bbox 503 957 627 1035; x_wconf 91' lang='lat' dir='ltr'>publico</span> <span class='ocrx_word' id='word_1_28' title='bbox 650 965 683 1018; x_wconf 90' lang='lat' dir='ltr'>et</span> <span class='ocrx_word' id='word_1_29' title='bbox 702 958 840 1019; x_wconf 83' lang='lat' dir='ltr'>unanimi</span> <span class='ocrx_word' id='word_1_30' title='bbox 864 959 991 1020; x_wconf 88' lang='lat' dir='ltr'>decreto</span> <span class='ocrx_word' id='word_1_31' title='bbox 1014 968 1121 1019; x_wconf 91' lang='lat' dir='ltr'>nostro</span> <span class='ocrx_word' id='word_1_32' title='bbox 1146 960 1318 1035; x_wconf 86' lang='lat' dir='ltr'>eximimus,</span> <span class='ocrx_word' id='word_1_33' title='bbox 1343 961 1497 1021; x_wconf 80' lang='lat' dir='ltr'>donamus</span> <span class='ocrx_word' id='word_1_34' title='bbox 1521 968 1553 1021; x_wconf 93' lang='lat' dir='ltr'>et</span> <span class='ocrx_word' id='word_1_35' title='bbox 1574 959 1665 1020; x_wconf 92' lang='lat' dir='ltr'>liber·</span> 
     </span>
     <span class='ocr_line' id='line_1_6' title="bbox 385 1064 1664 1147; baseline 0.003 -24"><span class='ocrx_word' id='word_1_36' title='bbox 385 1072 489 1124; x_wconf 89' lang='lat' dir='ltr'>tamus</span> <span class='ocrx_word' id='word_1_37' title='bbox 512 1064 607 1143; x_wconf 89' lang='lat' dir='ltr'>ipsos,</span> <span class='ocrx_word' id='word_1_38' title='bbox 622 1065 839 1145; x_wconf 83' lang='lat' dir='ltr'>haeredesque</span> <span class='ocrx_word' id='word_1_39' title='bbox 863 1074 894 1126; x_wconf 91' lang='lat' dir='ltr'>et</span> <span class='ocrx_word' id='word_1_40' title='bbox 916 1066 1117 1145; x_wconf 83' lang='lat' dir='ltr'>posteritates</span> <span class='ocrx_word' id='word_1_41' title='bbox 1141 1068 1311 1129; x_wconf 89' lang='lat' dir='ltr'>eorundem</span> <span class='ocrx_word' id='word_1_42' title='bbox 1333 1068 1497 1129; x_wconf 87' lang='lat' dir='ltr'>universas</span> <span class='ocrx_word' id='word_1_43' title='bbox 1512 1069 1579 1129; x_wconf 91' lang='lat' dir='ltr'>iure</span> <span class='ocrx_word' id='word_1_44' title='bbox 1596 1086 1664 1147; x_wconf 87' lang='lat' dir='ltr'>per·</span> 
     </span>
     <span class='ocr_line' id='line_1_7' title="bbox 386 1172 1669 1255; baseline 0.002 -22"><span class='ocrx_word' id='word_1_45' title='bbox 386 1180 481 1249; x_wconf 89' lang='lat' dir='ltr'>petuo</span> <span class='ocrx_word' id='word_1_46' title='bbox 503 1178 536 1231; x_wconf 95' lang='lat' dir='ltr'>et</span> <span class='ocrx_word' id='word_1_47' title='bbox 558 1172 811 1249; x_wconf 81' lang='lat' dir='ltr'>irrevocabiliter,</span> <span class='ocrx_word' id='word_1_48' title='bbox 834 1172 1040 1233; x_wconf 85' lang='lat' dir='ltr'>decernentes</span> <span class='ocrx_word' id='word_1_49' title='bbox 1065 1175 1201 1252; x_wconf 90' lang='lat' dir='ltr'>omnino,</span> <span class='ocrx_word' id='word_1_50' title='bbox 1218 1184 1249 1235; x_wconf 89' lang='lat' dir='ltr'>et</span> <span class='ocrx_word' id='word_1_51' title='bbox 1272 1176 1413 1255; x_wconf 86' lang='lat' dir='ltr'>generali</span> <span class='ocrx_word' id='word_1_52' title='bbox 1429 1175 1567 1236; x_wconf 92' lang='lat' dir='ltr'>omnium</span> <span class='ocrx_word' id='word_1_53' title='bbox 1597 1195 1669 1235; x_wconf 92' lang='lat' dir='ltr'>con-</span> 
     </span>
     <span class='ocr_line' id='line_1_8' title="bbox 387 1266 1668 1363; baseline 0.001 -23"><span class='ocrx_word' id='word_1_54' title='bbox 387 1298 482 1340; x_wconf 88' lang='lat' dir='ltr'>sensu</span> <span class='ocrx_word' id='word_1_55' title='bbox 506 1275 741 1358; x_wconf 87' lang='lat' dir='ltr'>approbantes¹,</span> <span class='ocrx_word' id='word_1_56' title='bbox 765 1299 805 1339; x_wconf 92' lang='lat' dir='ltr'>ne</span> <span class='ocrx_word' id='word_1_57' title='bbox 829 1280 957 1340; x_wconf 89' lang='lat' dir='ltr'>eosdem</span> <span class='ocrx_word' id='word_1_58' title='bbox 990 1291 1044 1340; x_wconf 90' lang='lat' dir='ltr'>aut</span> <span class='ocrx_word' id='word_1_59' title='bbox 1076 1282 1247 1341; x_wconf 91' lang='lat' dir='ltr'>eorundem</span> <span class='ocrx_word' id='word_1_60' title='bbox 1278 1282 1419 1362; x_wconf 88' lang='lat' dir='ltr'>singulos</span> <span class='ocrx_word' id='word_1_61' title='bbox 1451 1266 1568 1363; x_wconf 87' lang='lat' dir='ltr'>domini</span> <span class='ocrx_word' id='word_1_62' title='bbox 1601 1301 1668 1341; x_wconf 93' lang='lat' dir='ltr'>mo·</span> 
     </span>
     <span class='ocr_line' id='line_1_9' title="bbox 386 1383 1663 1468; baseline 0.001 -21"><span class='ocrx_word' id='word_1_63' title='bbox 386 1383 502 1447; x_wconf 88' lang='lat' dir='ltr'>demus</span> <span class='ocrx_word' id='word_1_64' title='bbox 526 1395 581 1447; x_wconf 91' lang='lat' dir='ltr'>aut</span> <span class='ocrx_word' id='word_1_65' title='bbox 603 1386 697 1447; x_wconf 87' lang='lat' dir='ltr'>futuri</span> <span class='ocrx_word' id='word_1_66' title='bbox 721 1386 803 1460; x_wconf 89' lang='lat' dir='ltr'>bani,</span> <span class='ocrx_word' id='word_1_67' title='bbox 820 1387 971 1462; x_wconf 86' lang='lat' dir='ltr'>vicebani,</span> <span class='ocrx_word' id='word_1_68' title='bbox 988 1388 1127 1463; x_wconf 81' lang='lat' dir='ltr'>comites,</span> <span class='ocrx_word' id='word_1_69' title='bbox 1152 1388 1360 1468; x_wconf 89' lang='lat' dir='ltr'>vicecomites,</span> <span class='ocrx_word' id='word_1_70' title='bbox 1373 1390 1491 1451; x_wconf 91' lang='lat' dir='ltr'>iudices</span> <span class='ocrx_word' id='word_1_71' title='bbox 1506 1390 1663 1463; x_wconf 87' lang='lat' dir='ltr'>nobilium,</span> 
     </span>
     <span class='ocr_line' id='line_1_10' title="bbox 388 1495 1663 1574; baseline 0.001 -19"><span class='ocrx_word' id='word_1_72' title='bbox 388 1495 545 1556; x_wconf 89' lang='lat' dir='ltr'>dicatores</span> <span class='ocrx_word' id='word_1_73' title='bbox 569 1502 624 1555; x_wconf 93' lang='lat' dir='ltr'>aut</span> <span class='ocrx_word' id='word_1_74' title='bbox 645 1502 806 1555; x_wconf 83' lang='lat' dir='ltr'>taxatores</span> <span class='ocrx_word' id='word_1_75' title='bbox 829 1495 1012 1574; x_wconf 89' lang='lat' dir='ltr'>quarumvis</span> <span class='ocrx_word' id='word_1_76' title='bbox 1034 1503 1178 1556; x_wconf 87' lang='lat' dir='ltr'>taxarum</span> <span class='ocrx_word' id='word_1_77' title='bbox 1203 1516 1258 1557; x_wconf 89' lang='lat' dir='ltr'>seu</span> <span class='ocrx_word' id='word_1_78' title='bbox 1284 1496 1554 1570; x_wconf 88' lang='lat' dir='ltr'>contributionum,</span> <span class='ocrx_word' id='word_1_79' title='bbox 1578 1497 1663 1556; x_wconf 89' lang='lat' dir='ltr'>labo·</span> 
     </span>
     <span class='ocr_line' id='line_1_11' title="bbox 385 1602 1665 1683; baseline 0.001 -20"><span class='ocrx_word' id='word_1_80' title='bbox 385 1622 496 1663; x_wconf 89' lang='lat' dir='ltr'>rumve</span> <span class='ocrx_word' id='word_1_81' title='bbox 518 1602 678 1683; x_wconf 88' lang='lat' dir='ltr'>praelecti,</span> <span class='ocrx_word' id='word_1_82' title='bbox 694 1604 725 1663; x_wconf 92' lang='lat' dir='ltr'>in</span> <span class='ocrx_word' id='word_1_83' title='bbox 747 1604 884 1663; x_wconf 89' lang='lat' dir='ltr'>luturum</span> <span class='ocrx_word' id='word_1_84' title='bbox 909 1605 967 1664; x_wconf 93' lang='lat' dir='ltr'>sub</span> <span class='ocrx_word' id='word_1_85' title='bbox 991 1604 1103 1683; x_wconf 90' lang='lat' dir='ltr'>quovis</span> <span class='ocrx_word' id='word_1_86' title='bbox 1125 1613 1290 1683; x_wconf 86' lang='lat' dir='ltr'>praetextu</span> <span class='ocrx_word' id='word_1_87' title='bbox 1313 1606 1395 1667; x_wconf 85' lang='lat' dir='ltr'>taxis</span> <span class='ocrx_word' id='word_1_88' title='bbox 1427 1625 1484 1666; x_wconf 90' lang='lat' dir='ltr'>seu</span> <span class='ocrx_word' id='word_1_89' title='bbox 1507 1604 1665 1665; x_wconf 84' lang='lat' dir='ltr'>laboribus</span> 
     </span>
     <span class='ocr_line' id='line_1_12' title="bbox 387 1710 1666 1793; baseline 0 -22"><span class='ocrx_word' id='word_1_90' title='bbox 387 1711 549 1790; x_wconf 86' lang='lat' dir='ltr'>quibusvis</span> <span class='ocrx_word' id='word_1_91' title='bbox 572 1710 677 1791; x_wconf 87' lang='lat' dir='ltr'>regiis,</span> <span class='ocrx_word' id='word_1_92' title='bbox 700 1710 790 1791; x_wconf 85' lang='lat' dir='ltr'>regni</span> <span class='ocrx_word' id='word_1_93' title='bbox 815 1718 869 1770; x_wconf 89' lang='lat' dir='ltr'>aut</span> <span class='ocrx_word' id='word_1_94' title='bbox 892 1711 1058 1771; x_wconf 87' lang='lat' dir='ltr'>comitatus</span> <span class='ocrx_word' id='word_1_95' title='bbox 1082 1731 1214 1774; x_wconf 89' lang='lat' dir='ltr'>onerare</span> <span class='ocrx_word' id='word_1_96' title='bbox 1237 1724 1448 1793; x_wconf 88' lang='lat' dir='ltr'>praesumant,</span> <span class='ocrx_word' id='word_1_97' title='bbox 1476 1732 1556 1774; x_wconf 91' lang='lat' dir='ltr'>neve</span> <span class='ocrx_word' id='word_1_98' title='bbox 1580 1712 1666 1791; x_wconf 92' lang='lat' dir='ltr'>ipsos</span> 
     </span>
     <span class='ocr_line' id='line_1_13' title="bbox 386 1818 1664 1899; baseline 0.001 -21"><span class='ocrx_word' id='word_1_99' title='bbox 386 1828 513 1899; x_wconf 62' lang='lat' dir='ltr'>pwpter</span> <span class='ocrx_word' id='word_1_100' title='bbox 535 1818 784 1879; x_wconf 88' lang='lat' dir='ltr'>nonsolutionem</span> <span class='ocrx_word' id='word_1_101' title='bbox 817 1827 871 1879; x_wconf 90' lang='lat' dir='ltr'>aut</span> <span class='ocrx_word' id='word_1_102' title='bbox 904 1819 1204 1881; x_wconf 87' lang='lat' dir='ltr'>administrationem</span> <span class='ocrx_word' id='word_1_103' title='bbox 1228 1822 1381 1882; x_wconf 92' lang='lat' dir='ltr'>eiusmodi</span> <span class='ocrx_word' id='word_1_104' title='bbox 1402 1820 1664 1882; x_wconf 90' lang='lat' dir='ltr'>contributionum</span> 
     </span>
     <span class='ocr_line' id='line_1_14' title="bbox 385 1926 1665 2008; baseline -0.002 -21"><span class='ocrx_word' id='word_1_105' title='bbox 385 1946 443 1987; x_wconf 86' lang='lat' dir='ltr'>seu</span> <span class='ocrx_word' id='word_1_106' title='bbox 464 1926 617 2004; x_wconf 88' lang='lat' dir='ltr'>laborum,</span> <span class='ocrx_word' id='word_1_107' title='bbox 639 1934 694 1986; x_wconf 90' lang='lat' dir='ltr'>aut</span> <span class='ocrx_word' id='word_1_108' title='bbox 716 1926 871 1987; x_wconf 87' lang='lat' dir='ltr'>haeredes</span> <span class='ocrx_word' id='word_1_109' title='bbox 894 1946 951 1988; x_wconf 87' lang='lat' dir='ltr'>seu</span> <span class='ocrx_word' id='word_1_110' title='bbox 974 1928 1173 2007; x_wconf 89' lang='lat' dir='ltr'>posteritates</span> <span class='ocrx_word' id='word_1_111' title='bbox 1190 1930 1328 2008; x_wconf 81' lang='lat' dir='ltr'>ipsorum</span> <span class='ocrx_word' id='word_1_112' title='bbox 1344 1930 1517 1997; x_wconf 76' lang='lat' dir='ltr'>universas.</span> <span class='ocrx_word' id='word_1_113' title='bbox 1540 1928 1571 1988; x_wconf 90' lang='lat' dir='ltr'>in</span> <span class='ocrx_word' id='word_1_114' title='bbox 1594 1945 1665 2004; x_wconf 91' lang='lat' dir='ltr'>per·</span> 
     </span>
     <span class='ocr_line' id='line_1_15' title="bbox 385 2035 1664 2115; baseline -0.001 -20"><span class='ocrx_word' id='word_1_115' title='bbox 385 2036 472 2095; x_wconf 91' lang='lat' dir='ltr'>sonis</span> <span class='ocrx_word' id='word_1_116' title='bbox 495 2043 549 2095; x_wconf 91' lang='lat' dir='ltr'>aut</span> <span class='ocrx_word' id='word_1_117' title='bbox 571 2035 665 2095; x_wconf 87' lang='lat' dir='ltr'>rebus</span> <span class='ocrx_word' id='word_1_118' title='bbox 689 2035 891 2095; x_wconf 84' lang='lat' dir='ltr'>damnificare</span> <span class='ocrx_word' id='word_1_119' title='bbox 914 2036 1026 2115; x_wconf 91' lang='lat' dir='ltr'>quovis</span> <span class='ocrx_word' id='word_1_120' title='bbox 1043 2036 1137 2097; x_wconf 92' lang='lat' dir='ltr'>modo</span> <span class='ocrx_word' id='word_1_121' title='bbox 1161 2038 1298 2099; x_wconf 90' lang='lat' dir='ltr'>audendi</span> <span class='ocrx_word' id='word_1_122' title='bbox 1321 2039 1458 2098; x_wconf 89' lang='lat' dir='ltr'>habeant</span> <span class='ocrx_word' id='word_1_123' title='bbox 1474 2037 1664 2112; x_wconf 85' lang='lat' dir='ltr'>facultatem,</span> 
     </span>
     <span class='ocr_line' id='line_1_16' title="bbox 384 2142 1674 2225; baseline -0.001 -22"><span class='ocrx_word' id='word_1_124' title='bbox 384 2145 452 2203; x_wconf 86' lang='lat' dir='ltr'>iure</span> <span class='ocrx_word' id='word_1_125' title='bbox 475 2150 627 2222; x_wconf 89' lang='lat' dir='ltr'>perpetuo</span> <span class='ocrx_word' id='word_1_126' title='bbox 650 2150 682 2202; x_wconf 91' lang='lat' dir='ltr'>et</span> <span class='ocrx_word' id='word_1_127' title='bbox 705 2142 957 2205; x_wconf 87' lang='lat' dir='ltr'>irrevocabiliter.</span> <span class='ocrx_word' id='word_1_128' title='bbox 980 2144 1014 2203; x_wconf 92' lang='lat' dir='ltr'>ln</span> <span class='ocrx_word' id='word_1_129' title='bbox 1045 2164 1178 2223; x_wconf 89' lang='lat' dir='ltr'>quorum</span> <span class='ocrx_word' id='word_1_130' title='bbox 1200 2146 1304 2221; x_wconf 86' lang='lat' dir='ltr'>fidem,</span> <span class='ocrx_word' id='word_1_131' title='bbox 1328 2154 1575 2225; x_wconf 86' lang='lat' dir='ltr'>perpetuamque</span> <span class='ocrx_word' id='word_1_132' title='bbox 1598 2160 1674 2202; x_wconf 81' lang='lat' dir='ltr'>me-·</span> 
     </span>
     <span class='ocr_line' id='line_1_17' title="bbox 385 2250 1663 2333; baseline -0.002 -22"><span class='ocrx_word' id='word_1_133' title='bbox 385 2251 516 2311; x_wconf 88' lang='lat' dir='ltr'>moriam</span> <span class='ocrx_word' id='word_1_134' title='bbox 538 2253 736 2328; x_wconf 81' lang='lat' dir='ltr'>&#39;praesentes</span> <span class='ocrx_word' id='word_1_135' title='bbox 768 2260 894 2311; x_wconf 90' lang='lat' dir='ltr'>nostras</span> <span class='ocrx_word' id='word_1_136' title='bbox 926 2252 957 2311; x_wconf 91' lang='lat' dir='ltr'>in</span> <span class='ocrx_word' id='word_1_137' title='bbox 989 2271 1185 2333; x_wconf 81' lang='lat' dir='ltr'>pergameno</span> <span class='ocrx_word' id='word_1_138' title='bbox 1220 2250 1395 2314; x_wconf 76' lang='lat' dir='ltr'>consectas&#39;</span> <span class='ocrx_word' id='word_1_139' title='bbox 1431 2252 1532 2333; x_wconf 86' lang='lat' dir='ltr'>sigillo</span> <span class='ocrx_word' id='word_1_140' title='bbox 1556 2258 1663 2311; x_wconf 92' lang='lat' dir='ltr'>nostro</span> 
     </span>
     <span class='ocr_line' id='line_1_18' title="bbox 386 2352 1663 2439; baseline -0.002 -20"><span class='ocrx_word' id='word_1_141' title='bbox 386 2359 566 2419; x_wconf 89' lang='lat' dir='ltr'>authentico</span> <span class='ocrx_word' id='word_1_142' title='bbox 600 2358 690 2437; x_wconf 87' lang='lat' dir='ltr'>regni</span> <span class='ocrx_word' id='word_1_143' title='bbox 726 2352 933 2436; x_wconf 80' lang='lat' dir='ltr'>impendenti³</span> <span class='ocrx_word' id='word_1_144' title='bbox 967 2361 1184 2436; x_wconf 90' lang='lat' dir='ltr'>communitas,</span> <span class='ocrx_word' id='word_1_145' title='bbox 1207 2361 1357 2439; x_wconf 88' lang='lat' dir='ltr'>praelatis</span> <span class='ocrx_word' id='word_1_146' title='bbox 1393 2360 1548 2420; x_wconf 90' lang='lat' dir='ltr'>nobilibus</span> <span class='ocrx_word' id='word_1_147' title='bbox 1571 2357 1663 2418; x_wconf 89' lang='lat' dir='ltr'>unius</span> 
     </span>
     <span class='ocr_line' id='line_1_19' title="bbox 384 2465 1661 2548; baseline -0.002 -21"><span class='ocrx_word' id='word_1_148' title='bbox 384 2466 534 2528; x_wconf 76' lang='lat' dir='ltr'>sessionis</span> <span class='ocrx_word' id='word_1_149' title='bbox 557 2465 671 2543; x_wconf 87' lang='lat' dir='ltr'>Campi</span> <span class='ocrx_word' id='word_1_150' title='bbox 694 2466 917 2546; x_wconf 86' lang='lat' dir='ltr'>Zagrabiensis</span> <span class='ocrx_word' id='word_1_151' title='bbox 941 2466 1112 2546; x_wconf 72' lang='lat' dir='ltr'>&#39;lh&#39;rropolia</span> <span class='ocrx_word' id='word_1_152' title='bbox 1135 2468 1219 2545; x_wconf 89' lang='lat' dir='ltr'>dicti,</span> <span class='ocrx_word' id='word_1_153' title='bbox 1236 2477 1388 2548; x_wconf 91' lang='lat' dir='ltr'>perpetuo</span> <span class='ocrx_word' id='word_1_154' title='bbox 1411 2468 1561 2527; x_wconf 89' lang='lat' dir='ltr'>valituras</span> <span class='ocrx_word' id='word_1_155' title='bbox 1585 2466 1661 2525; x_wconf 90' lang='lat' dir='ltr'>dan-</span> 
     </span>
     <span class='ocr_line' id='line_1_20' title="bbox 387 2573 1662 2656; baseline -0.001 -22"><span class='ocrx_word' id='word_1_156' title='bbox 387 2575 444 2634; x_wconf 91' lang='lat' dir='ltr'>das</span> <span class='ocrx_word' id='word_1_157' title='bbox 468 2573 612 2633; x_wconf 85' lang='lat' dir='ltr'>duximus</span> <span class='ocrx_word' id='word_1_158' title='bbox 636 2580 668 2631; x_wconf 92' lang='lat' dir='ltr'>et</span> <span class='ocrx_word' id='word_1_159' title='bbox 690 2573 919 2634; x_wconf 89' lang='lat' dir='ltr'>concedendas.</span> <span class='ocrx_word' id='word_1_160' title='bbox 952 2574 1067 2634; x_wconf 87' lang='lat' dir='ltr'>Datum</span> <span class='ocrx_word' id='word_1_161' title='bbox 1098 2575 1131 2635; x_wconf 92' lang='lat' dir='ltr'>in</span> <span class='ocrx_word' id='word_1_162' title='bbox 1160 2574 1286 2654; x_wconf 88' lang='lat' dir='ltr'>publica</span> <span class='ocrx_word' id='word_1_163' title='bbox 1317 2575 1458 2656; x_wconf 87' lang='lat' dir='ltr'>generali</span> <span class='ocrx_word' id='word_1_164' title='bbox 1487 2592 1662 2655; x_wconf 83' lang='lat' dir='ltr'>congrega·</span> 
     </span>
     <span class='ocr_line' id='line_1_21' title="bbox 384 2680 1662 2765; baseline -0.001 -23"><span class='ocrx_word' id='word_1_165' title='bbox 384 2682 468 2743; x_wconf 91' lang='lat' dir='ltr'>tione</span> <span class='ocrx_word' id='word_1_166' title='bbox 492 2690 599 2741; x_wconf 88' lang='lat' dir='ltr'>nostra</span> <span class='ocrx_word' id='word_1_167' title='bbox 622 2680 654 2739; x_wconf 94' lang='lat' dir='ltr'>in</span> <span class='ocrx_word' id='word_1_168' title='bbox 678 2699 753 2740; x_wconf 90' lang='lat' dir='ltr'>area</span> <span class='ocrx_word' id='word_1_169' title='bbox 776 2681 903 2759; x_wconf 90' lang='lat' dir='ltr'>capituli</span> <span class='ocrx_word' id='word_1_170' title='bbox 925 2682 1142 2761; x_wconf 89' lang='lat' dir='ltr'>Zagrabiensi,</span> <span class='ocrx_word' id='word_1_171' title='bbox 1166 2683 1216 2744; x_wconf 91' lang='lat' dir='ltr'>die</span> <span class='ocrx_word' id='word_1_172' title='bbox 1241 2684 1395 2765; x_wconf 88' lang='lat' dir='ltr'>vigesima</span> <span class='ocrx_word' id='word_1_173' title='bbox 1424 2683 1517 2743; x_wconf 91' lang='lat' dir='ltr'>tertia</span> <span class='ocrx_word' id='word_1_174' title='bbox 1546 2681 1662 2741; x_wconf 89' lang='lat' dir='ltr'>mensis</span> 
     </span>
     <span class='ocr_line' id='line_1_22' title="bbox 384 2788 1423 2868; baseline 0.004 -18"><span class='ocrx_word' id='word_1_175' title='bbox 384 2788 579 2868; x_wconf 87' lang='lat' dir='ltr'>septembris,</span> <span class='ocrx_word' id='word_1_176' title='bbox 603 2807 686 2848; x_wconf 90' lang='lat' dir='ltr'>anno</span> <span class='ocrx_word' id='word_1_177' title='bbox 710 2789 826 2849; x_wconf 91' lang='lat' dir='ltr'>domini</span> <span class='ocrx_word' id='word_1_178' title='bbox 850 2790 1015 2850; x_wconf 89' lang='lat' dir='ltr'>millesimo</span> <span class='ocrx_word' id='word_1_179' title='bbox 1039 2792 1268 2852; x_wconf 80' lang='lat' dir='ltr'>sexcentesimo</span> <span class='ocrx_word' id='word_1_180' title='bbox 1293 2793 1423 2856; x_wconf 79' lang='lat' dir='ltr'>decimo</span> 
     </span>
    </p>
   </div>
   <div class='ocr_carea' id='block_1_3' title="bbox 951 2935 1617 3125">
    <p class='ocr_par' dir='ltr' id='par_1_3' title="bbox 951 2935 1617 3125">
     <span class='ocr_line' id='line_1_23' title="bbox 951 2935 1617 3015; baseline 0.002 -21"><span class='ocrx_word' id='word_1_181' title='bbox 951 2935 1048 2994; x_wconf 87' lang='lat' dir='ltr'>Lecta</span> <span class='ocrx_word' id='word_1_182' title='bbox 1071 2953 1127 3014; x_wconf 92' lang='lat' dir='ltr'>per</span> <span class='ocrx_word' id='word_1_183' title='bbox 1149 2955 1200 2995; x_wconf 91' lang='lat' dir='ltr'>me</span> <span class='ocrx_word' id='word_1_184' title='bbox 1225 2935 1421 3015; x_wconf 85' lang='lat' dir='ltr'>Stephanum</span> <span class='ocrx_word' id='word_1_185' title='bbox 1444 2936 1617 3013; x_wconf 88' lang='lat' dir='ltr'>Pathatich,</span> 
     </span>
     <span class='ocr_line' id='line_1_24' title="bbox 986 3041 1556 3125; baseline 0.007 -24"><span class='ocrx_word' id='word_1_186' title='bbox 986 3041 1324 3122; x_wconf 90' lang='lat' dir='ltr'>viceprothonotarium</span> <span class='ocrx_word' id='word_1_187' title='bbox 1348 3044 1439 3125; x_wconf 87' lang='lat' dir='ltr'>regni</span> <span class='ocrx_word' id='word_1_188' title='bbox 1462 3064 1502 3107; x_wconf 91' lang='lat' dir='ltr'>m.</span> <span class='ocrx_word' id='word_1_189' title='bbox 1525 3065 1556 3123; x_wconf 99' lang='lat' dir='ltr'>p,</span> 
     </span>
    </p>
   </div>
   <div class='ocr_carea' id='block_1_4' title="bbox 381 3182 1663 3346">
    <p class='ocr_par' dir='ltr' id='par_1_4' title="bbox 381 3182 1663 3346">
     <span class='ocr_line' id='line_1_25' title="bbox 403 3182 1663 3258; baseline 0.003 -22"><span class='ocrx_word' id='word_1_190' title='bbox 403 3218 406 3222; x_wconf 91' lang='lat'><em>-</em></span> <span class='ocrx_word' id='word_1_191' title='bbox 489 3182 555 3238; x_wconf 91' lang='lat' dir='ltr'>Duo</span> <span class='ocrx_word' id='word_1_192' title='bbox 573 3183 730 3254; x_wconf 78' lang='lat' dir='ltr'>originalia,</span> <span class='ocrx_word' id='word_1_193' title='bbox 749 3199 837 3237; x_wconf 90' lang='lat' dir='ltr'>unum</span> <span class='ocrx_word' id='word_1_194' title='bbox 856 3185 885 3237; x_wconf 89' lang='lat' dir='ltr'>in</span> <span class='ocrx_word' id='word_1_195' title='bbox 904 3185 1071 3240; x_wconf 87' lang='lat' dir='ltr'>membrana</span> <span class='ocrx_word' id='word_1_196' title='bbox 1089 3201 1106 3239; x_wconf 91' lang='lat' dir='ltr'>a</span> <span class='ocrx_word' id='word_1_197' title='bbox 1124 3201 1196 3242; x_wconf 81' lang='lat' dir='ltr'>aona</span> <span class='ocrx_word' id='word_1_198' title='bbox 1214 3187 1303 3241; x_wconf 91' lang='lat' dir='ltr'>rubea</span> <span class='ocrx_word' id='word_1_199' title='bbox 1314 3188 1460 3255; x_wconf 85' lang='lat' dir='ltr'>pendente</span> <span class='ocrx_word' id='word_1_200' title='bbox 1474 3187 1574 3258; x_wconf 89' lang='lat' dir='ltr'>sigillo,</span> <span class='ocrx_word' id='word_1_201' title='bbox 1587 3186 1663 3240; x_wconf 89' lang='lat' dir='ltr'>aliud</span> 
     </span>
     <span class='ocr_line' id='line_1_26' title="bbox 381 3272 1560 3346; baseline 0 -17"><span class='ocrx_word' id='word_1_202' title='bbox 381 3274 563 3329; x_wconf 80' lang='lat' dir='ltr'>chartaceum</span> <span class='ocrx_word' id='word_1_203' title='bbox 581 3272 674 3344; x_wconf 89' lang='lat' dir='ltr'>sigillo</span> <span class='ocrx_word' id='word_1_204' title='bbox 692 3275 794 3328; x_wconf 89' lang='lat' dir='ltr'>subtus</span> <span class='ocrx_word' id='word_1_205' title='bbox 813 3289 959 3341; x_wconf 78' lang='lat' dir='ltr'>appresso.</span> <span class='ocrx_word' id='word_1_206' title='bbox 979 3274 1011 3326; x_wconf 93' lang='lat' dir='ltr'>ln</span> <span class='ocrx_word' id='word_1_207' title='bbox 1030 3275 1145 3329; x_wconf 89' lang='lat' dir='ltr'>archivo</span> <span class='ocrx_word' id='word_1_208' title='bbox 1163 3291 1237 3330; x_wconf 90' lang='lat' dir='ltr'>com.</span> <span class='ocrx_word' id='word_1_209' title='bbox 1257 3276 1322 3330; x_wconf 95' lang='lat' dir='ltr'>nob.</span> <span class='ocrx_word' id='word_1_210' title='bbox 1342 3276 1380 3329; x_wconf 90' lang='lat' dir='ltr'>de</span> <span class='ocrx_word' id='word_1_211' title='bbox 1398 3275 1560 3346; x_wconf 85' lang='lat' dir='ltr'>Turopolje.</span> 
     </span>
    </p>
   </div>
   <div class='ocr_carea' id='block_1_5' title="bbox 380 3415 1662 4294">
    <p class='ocr_par' dir='ltr' id='par_1_5' title="bbox 380 3415 1662 4294">
     <span class='ocr_line' id='line_1_27' title="bbox 493 3415 1662 3478; baseline 0.005 -8"><span class='ocrx_word' id='word_1_212' title='bbox 493 3415 701 3470; x_wconf 87' lang='lat' dir='ltr'>&#39;Continentia</span> <span class='ocrx_word' id='word_1_213' title='bbox 718 3416 803 3470; x_wconf 86' lang='lat' dir='ltr'>huius</span> <span class='ocrx_word' id='word_1_214' title='bbox 828 3418 937 3472; x_wconf 84' lang='lat' dir='ltr'>articuli</span> <span class='ocrx_word' id='word_1_215' title='bbox 965 3419 1037 3473; x_wconf 88' lang='lat' dir='ltr'>haec</span> <span class='ocrx_word' id='word_1_216' title='bbox 1065 3427 1122 3474; x_wconf 85' lang='lat' dir='ltr'>est:</span> <span class='ocrx_word' id='word_1_217' title='bbox 1144 3419 1275 3475; x_wconf 79' lang='lat' dir='ltr'>»Nobiles</span> <span class='ocrx_word' id='word_1_218' title='bbox 1306 3429 1355 3476; x_wconf 90' lang='lat' dir='ltr'>aut</span> <span class='ocrx_word' id='word_1_219' title='bbox 1373 3439 1401 3474; x_wconf 90' lang='lat' dir='ltr'>m</span> <span class='ocrx_word' id='word_1_220' title='bbox 1421 3423 1505 3477; x_wconf 89' lang='lat' dir='ltr'>unius</span> <span class='ocrx_word' id='word_1_221' title='bbox 1523 3423 1662 3478; x_wconf 88' lang='lat' dir='ltr'>sessionis</span> 
     </span>
     <span class='ocr_line' id='line_1_28' title="bbox 381 3503 1660 3582; baseline 0.006 -22"><span class='ocrx_word' id='word_1_222' title='bbox 381 3506 505 3560; x_wconf 85' lang='lat' dir='ltr'>universi</span> <span class='ocrx_word' id='word_1_223' title='bbox 524 3503 624 3573; x_wconf 83' lang='lat' dir='ltr'>Campi</span> <span class='ocrx_word' id='word_1_224' title='bbox 643 3505 840 3576; x_wconf 80' lang='lat' dir='ltr'>Zagrabieusis</span> <span class='ocrx_word' id='word_1_225' title='bbox 859 3521 911 3560; x_wconf 90' lang='lat' dir='ltr'>seu</span> <span class='ocrx_word' id='word_1_226' title='bbox 930 3506 1153 3576; x_wconf 87' lang='lat' dir='ltr'>Turopoliensis‚</span> <span class='ocrx_word' id='word_1_227' title='bbox 1174 3509 1242 3564; x_wconf 84' lang='lat' dir='ltr'>alias</span> <span class='ocrx_word' id='word_1_228' title='bbox 1261 3519 1322 3566; x_wconf 86' lang='lat' dir='ltr'>turn</span> <span class='ocrx_word' id='word_1_229' title='bbox 1341 3513 1473 3582; x_wconf 86' lang='lat' dir='ltr'>antiquis,</span> <span class='ocrx_word' id='word_1_230' title='bbox 1493 3519 1553 3568; x_wconf 88' lang='lat' dir='ltr'>tum</span> <span class='ocrx_word' id='word_1_231' title='bbox 1573 3515 1660 3568; x_wconf 89' lang='lat' dir='ltr'>etiam</span> 
     </span>
     <span class='ocr_line' id='line_1_29' title="bbox 382 3593 1662 3674; baseline 0.006 -26"><span class='ocrx_word' id='word_1_232' title='bbox 382 3595 527 3649; x_wconf 89' lang='lat' dir='ltr'>modernis</span> <span class='ocrx_word' id='word_1_233' title='bbox 545 3593 700 3664; x_wconf 82' lang='lat' dir='ltr'>privilegiis</span> <span class='ocrx_word' id='word_1_234' title='bbox 719 3596 756 3647; x_wconf 91' lang='lat' dir='ltr'>ab</span> <span class='ocrx_word' id='word_1_235' title='bbox 774 3596 907 3648; x_wconf 90' lang='lat' dir='ltr'>omnibus</span> <span class='ocrx_word' id='word_1_236' title='bbox 935 3597 1010 3650; x_wconf 86' lang='lat' dir='ltr'>taxis</span> <span class='ocrx_word' id='word_1_237' title='bbox 1038 3600 1173 3666; x_wconf 86' lang='lat' dir='ltr'>exempti,</span> <span class='ocrx_word' id='word_1_238' title='bbox 1201 3600 1239 3654; x_wconf 93' lang='lat' dir='ltr'>ob</span> <span class='ocrx_word' id='word_1_239' title='bbox 1265 3601 1442 3656; x_wconf 85' lang='lat' dir='ltr'>benemerita</span> <span class='ocrx_word' id='word_1_240' title='bbox 1468 3603 1604 3672; x_wconf 83' lang='lat' dir='ltr'>ipsorum,</span> <span class='ocrx_word' id='word_1_241' title='bbox 1632 3605 1662 3674; x_wconf 87' lang='lat' dir='ltr'>in</span> 
     </span>
     <span class='ocr_line' id='line_1_30' title="bbox 382 3683 1661 3760; baseline 0.009 -24"><span class='ocrx_word' id='word_1_242' title='bbox 382 3700 462 3738; x_wconf 85' lang='lat' dir='ltr'>suam</span> <span class='ocrx_word' id='word_1_243' title='bbox 481 3685 600 3751; x_wconf 88' lang='lat' dir='ltr'>patriam</span> <span class='ocrx_word' id='word_1_244' title='bbox 619 3683 798 3738; x_wconf 88' lang='lat' dir='ltr'>laudabiliter</span> <span class='ocrx_word' id='word_1_245' title='bbox 816 3692 846 3738; x_wconf 90' lang='lat' dir='ltr'>et</span> <span class='ocrx_word' id='word_1_246' title='bbox 864 3686 989 3756; x_wconf 84' lang='lat' dir='ltr'>gloriose</span> <span class='ocrx_word' id='word_1_247' title='bbox 1008 3703 1123 3756; x_wconf 85' lang='lat' dir='ltr'>semper</span> <span class='ocrx_word' id='word_1_248' title='bbox 1150 3691 1361 3759; x_wconf 88' lang='lat' dir='ltr'>praestitorum,</span> <span class='ocrx_word' id='word_1_249' title='bbox 1379 3709 1431 3760; x_wconf 90' lang='lat' dir='ltr'>per</span> <span class='ocrx_word' id='word_1_250' title='bbox 1458 3700 1550 3747; x_wconf 89' lang='lat' dir='ltr'>status</span> <span class='ocrx_word' id='word_1_251' title='bbox 1575 3695 1661 3748; x_wconf 88' lang='lat' dir='ltr'>etiam</span> 
     </span>
     <span class='ocr_line' id='line_1_31' title="bbox 381 3772 1662 3850; baseline 0.009 -25"><span class='ocrx_word' id='word_1_252' title='bbox 381 3780 411 3826; x_wconf 91' lang='lat' dir='ltr'>et</span> <span class='ocrx_word' id='word_1_253' title='bbox 429 3772 547 3826; x_wconf 88' lang='lat' dir='ltr'>ordines</span> <span class='ocrx_word' id='word_1_254' title='bbox 564 3773 723 3839; x_wconf 83' lang='lat' dir='ltr'>universos,</span> <span class='ocrx_word' id='word_1_255' title='bbox 741 3789 758 3826; x_wconf 85' lang='lat' dir='ltr'>a</span> <span class='ocrx_word' id='word_1_256' title='bbox 776 3775 886 3827; x_wconf 91' lang='lat' dir='ltr'>cunctis</span> <span class='ocrx_word' id='word_1_257' title='bbox 905 3782 963 3829; x_wconf 88' lang='lat' dir='ltr'>tam</span> <span class='ocrx_word' id='word_1_258' title='bbox 983 3777 1078 3846; x_wconf 90' lang='lat' dir='ltr'>regiis,</span> <span class='ocrx_word' id='word_1_259' title='bbox 1097 3794 1182 3846; x_wconf 90' lang='lat' dir='ltr'>quarn</span> <span class='ocrx_word' id='word_1_260' title='bbox 1202 3780 1281 3850; x_wconf 87' lang='lat' dir='ltr'>regni</span> <span class='ocrx_word' id='word_1_261' title='bbox 1302 3780 1453 3835; x_wconf 88' lang='lat' dir='ltr'>ordinariis</span> <span class='ocrx_word' id='word_1_262' title='bbox 1475 3798 1508 3836; x_wconf 88' lang='lat' dir='ltr'>ac</span> <span class='ocrx_word' id='word_1_263' title='bbox 1537 3790 1662 3838; x_wconf 89' lang='lat' dir='ltr'>extraor-</span> 
     </span>
     <span class='ocr_line' id='line_1_32' title="bbox 381 3862 1661 3941; baseline 0.009 -27"><span class='ocrx_word' id='word_1_264' title='bbox 381 3862 498 3915; x_wconf 87' lang='lat' dir='ltr'>dinariis</span> <span class='ocrx_word' id='word_1_265' title='bbox 516 3862 710 3931; x_wconf 85' lang='lat' dir='ltr'>cuiuscunque</span> <span class='ocrx_word' id='word_1_266' title='bbox 729 3878 782 3915; x_wconf 88' lang='lat' dir='ltr'>eae</span> <span class='ocrx_word' id='word_1_267' title='bbox 800 3865 886 3916; x_wconf 84' lang='lat' dir='ltr'>sortis</span> <span class='ocrx_word' id='word_1_268' title='bbox 905 3864 1019 3932; x_wconf 86' lang='lat' dir='ltr'>luerint,</span> <span class='ocrx_word' id='word_1_269' title='bbox 1038 3868 1112 3920; x_wconf 82' lang='lat' dir='ltr'>taxis</span> <span class='ocrx_word' id='word_1_270' title='bbox 1131 3875 1161 3921; x_wconf 88' lang='lat' dir='ltr'>et</span> <span class='ocrx_word' id='word_1_271' title='bbox 1179 3869 1437 3924; x_wconf 88' lang='lat' dir='ltr'>contributionibus</span> <span class='ocrx_word' id='word_1_272' title='bbox 1456 3887 1488 3926; x_wconf 93' lang='lat' dir='ltr'>ac</span> <span class='ocrx_word' id='word_1_273' title='bbox 1507 3872 1661 3941; x_wconf 89' lang='lat' dir='ltr'>laboribus,</span> 
     </span>
     <span class='ocr_line' id='line_1_33' title="bbox 381 3951 1661 4030; baseline 0.012 -28"><span class='ocrx_word' id='word_1_274' title='bbox 381 3951 504 4004; x_wconf 78' lang='lat' dir='ltr'>amodo</span> <span class='ocrx_word' id='word_1_275' title='bbox 523 3951 660 4018; x_wconf 88' lang='lat' dir='ltr'>deinceps</span> <span class='ocrx_word' id='word_1_276' title='bbox 679 3951 780 4004; x_wconf 83' lang='lat' dir='ltr'>tuturis</span> <span class='ocrx_word' id='word_1_277' title='bbox 799 3968 914 4020; x_wconf 85' lang='lat' dir='ltr'>semper</span> <span class='ocrx_word' id='word_1_278' title='bbox 931 3957 1110 4024; x_wconf 90' lang='lat' dir='ltr'>temporibus</span> <span class='ocrx_word' id='word_1_279' title='bbox 1129 3957 1299 4026; x_wconf 86' lang='lat' dir='ltr'>eximuntur,</span> <span class='ocrx_word' id='word_1_280' title='bbox 1319 3967 1349 4012; x_wconf 89' lang='lat' dir='ltr'>et</span> <span class='ocrx_word' id='word_1_281' title='bbox 1372 3961 1513 4015; x_wconf 88' lang='lat' dir='ltr'>immunes</span> <span class='ocrx_word' id='word_1_282' title='bbox 1538 3979 1661 4030; x_wconf 92' lang='lat' dir='ltr'>pronun·</span> 
     </span>
     <span class='ocr_line' id='line_1_34' title="bbox 380 4040 1660 4120; baseline 0.011 -26"><span class='ocrx_word' id='word_1_283' title='bbox 380 4040 499 4106; x_wconf 88' lang='lat' dir='ltr'>ciantur,</span> <span class='ocrx_word' id='word_1_284' title='bbox 518 4041 547 4092; x_wconf 90' lang='lat' dir='ltr'>in</span> <span class='ocrx_word' id='word_1_285' title='bbox 565 4040 777 4111; x_wconf 79' lang='lat' dir='ltr'>privilegiisque</span> <span class='ocrx_word' id='word_1_286' title='bbox 795 4042 922 4109; x_wconf 85' lang='lat' dir='ltr'>ipsorum</span> <span class='ocrx_word' id='word_1_287' title='bbox 941 4045 1081 4102; x_wconf 83' lang='lat' dir='ltr'>universis</span> <span class='ocrx_word' id='word_1_288' title='bbox 1099 4055 1241 4116; x_wconf 83' lang='lat' dir='ltr'>perpetuo</span> <span class='ocrx_word' id='word_1_289' title='bbox 1259 4049 1486 4109; x_wconf 84' lang='lat' dir='ltr'>confirmantur&#39;.</span> <span class='ocrx_word' id='word_1_290' title='bbox 1499 4053 1660 4120; x_wconf 86' lang='lat' dir='ltr'>(Protocoll.</span> 
     </span>
     <span class='ocr_line' id='line_1_35' title="bbox 380 4131 1661 4212; baseline 0.012 -30"><span class='ocrx_word' id='word_1_291' title='bbox 380 4131 460 4200; x_wconf 90' lang='lat' dir='ltr'>regni</span> <span class='ocrx_word' id='word_1_292' title='bbox 479 4146 576 4202; x_wconf 90' lang='lat' dir='ltr'>congr.</span> <span class='ocrx_word' id='word_1_293' title='bbox 595 4131 623 4183; x_wconf 94' lang='lat' dir='ltr'>in</span> <span class='ocrx_word' id='word_1_294' title='bbox 643 4131 758 4186; x_wconf 88' lang='lat' dir='ltr'>archivo</span> <span class='ocrx_word' id='word_1_295' title='bbox 777 4148 888 4202; x_wconf 89' lang='lat' dir='ltr'>regnor.</span> <span class='ocrx_word' id='word_1_296' title='bbox 907 4132 938 4188; x_wconf 92' lang='lat' dir='ltr'>C.</span> <span class='ocrx_word' id='word_1_297' title='bbox 957 4135 985 4189; x_wconf 90' lang='lat' dir='ltr'>S.</span> <span class='ocrx_word' id='word_1_298' title='bbox 1005 4144 1035 4189; x_wconf 91' lang='lat' dir='ltr'>et</span> <span class='ocrx_word' id='word_1_299' title='bbox 1052 4137 1086 4190; x_wconf 77' lang='lat' dir='ltr'>[r.</span> <span class='ocrx_word' id='word_1_300' title='bbox 1107 4153 1131 4190; x_wconf 94' lang='lat' dir='ltr'>a.</span> <span class='ocrx_word' id='word_1_301' title='bbox 1152 4137 1229 4192; x_wconf 87' lang='grc'><strong>1608.</strong></span> <span class='ocrx_word' id='word_1_302' title='bbox 1268 4137 1280 4167; x_wconf 79' lang='grc'>’</span> <span class='ocrx_word' id='word_1_303' title='bbox 1304 4140 1335 4192; x_wconf 92' lang='lat' dir='ltr'>ln</span> <span class='ocrx_word' id='word_1_304' title='bbox 1360 4140 1415 4195; x_wconf 90' lang='lat' dir='ltr'>alio</span> <span class='ocrx_word' id='word_1_305' title='bbox 1434 4143 1563 4212; x_wconf 88' lang='lat' dir='ltr'>originali</span> <span class='ocrx_word' id='word_1_306' title='bbox 1582 4145 1661 4198; x_wconf 63' lang='lat' dir='ltr'>char*</span> 
     </span>
     <span class='ocr_line' id='line_1_36' title="bbox 380 4220 1661 4294; baseline 0.01 -23"><span class='ocrx_word' id='word_1_307' title='bbox 380 4225 463 4273; x_wconf 85' lang='lat' dir='ltr'>taceo</span> <span class='ocrx_word' id='word_1_308' title='bbox 482 4220 587 4274; x_wconf 88' lang='lat' dir='ltr'>desunt</span> <span class='ocrx_word' id='word_1_309' title='bbox 605 4222 693 4274; x_wconf 87' lang='lat' dir='ltr'>verba</span> <span class='ocrx_word' id='word_1_310' title='bbox 714 4222 758 4286; x_wconf 86' lang='lat' dir='ltr'>‚in</span> <span class='ocrx_word' id='word_1_311' title='bbox 777 4239 951 4294; x_wconf 85' lang='lat' dir='ltr'>pargameuo</span> <span class='ocrx_word' id='word_1_312' title='bbox 970 4225 1143 4280; x_wconf 84' lang='lat' dir='ltr'>consectas⁸.</span> <span class='ocrx_word' id='word_1_313' title='bbox 1182 4225 1321 4282; x_wconf 82' lang='lat' dir='ltr'>&#39;Ibidem</span> <span class='ocrx_word' id='word_1_314' title='bbox 1351 4230 1435 4284; x_wconf 89' lang='lat' dir='ltr'>deest</span> <span class='ocrx_word' id='word_1_315' title='bbox 1459 4232 1514 4286; x_wconf 90' lang='lat' dir='ltr'>hoc</span> <span class='ocrx_word' id='word_1_316' title='bbox 1533 4235 1661 4289; x_wconf 88' lang='lat' dir='ltr'>verbum.</span> 
     </span>
    </p>
   </div>
   <div class='ocr_carea' id='block_1_6' title="bbox 486 4648 1250 4724">
    <p class='ocr_par' dir='ltr' id='par_1_6' title="bbox 486 4648 1250 4724">
     <span class='ocr_line' id='line_1_37' title="bbox 486 4648 1250 4724; baseline 0.022 -15"><span class='ocrx_word' id='word_1_317' title='bbox 486 4651 580 4710; x_wconf 85' lang='lat' dir='ltr'>Anno</span> <span class='ocrx_word' id='word_1_318' title='bbox 607 4648 700 4713; x_wconf 84' lang='grc'><strong>1611.</strong></span> <span class='ocrx_word' id='word_1_319' title='bbox 728 4653 776 4716; x_wconf 89' lang='grc'>12.</span> <span class='ocrx_word' id='word_1_320' title='bbox 800 4655 983 4720; x_wconf 88' lang='lat' dir='ltr'>decembris.</span> <span class='ocrx_word' id='word_1_321' title='bbox 1007 4660 1157 4724; x_wconf 86' lang='lat' dir='ltr'>Viennae.</span> <span class='ocrx_word' id='word_1_322' title='bbox 1246 4701 1250 4708; x_wconf 71' lang='lat'>›</span> 
     </span>
    </p>
   </div>
   <div class='ocr_carea' id='block_1_7' title="bbox 381 4813 1660 5020">
    <p class='ocr_par' dir='ltr' id='par_1_7' title="bbox 381 4813 1660 5020">
     <span class='ocr_line' id='line_1_38' title="bbox 487 4813 1660 4913; baseline 0.024 -42"><span class='ocrx_word' id='word_1_323' title='bbox 487 4813 626 4874; x_wconf 87' lang='lat' dir='ltr'>Mathias</span> <span class='ocrx_word' id='word_1_324' title='bbox 649 4815 686 4875; x_wconf 90' lang='grc' dir='ltr'>Π.</span> <span class='ocrx_word' id='word_1_325' title='bbox 708 4816 892 4898; x_wconf 83' lang='lat' dir='ltr'>Hungariae</span> <span class='ocrx_word' id='word_1_326' title='bbox 916 4829 974 4882; x_wconf 93' lang='lat' dir='ltr'>etc.</span> <span class='ocrx_word' id='word_1_327' title='bbox 997 4840 1060 4894; x_wconf 89' lang='lat' dir='ltr'>rex,</span> <span class='ocrx_word' id='word_1_328' title='bbox 1085 4823 1249 4885; x_wconf 91' lang='lat' dir='ltr'>Nicolaum</span> <span class='ocrx_word' id='word_1_329' title='bbox 1272 4827 1447 4908; x_wconf 88' lang='lat' dir='ltr'>Franetich,</span> <span class='ocrx_word' id='word_1_330' title='bbox 1464 4852 1501 4894; x_wconf 91' lang='lat' dir='ltr'>ac</span> <span class='ocrx_word' id='word_1_331' title='bbox 1515 4854 1572 4913; x_wconf 89' lang='lat' dir='ltr'>per</span> <span class='ocrx_word' id='word_1_332' title='bbox 1588 4857 1660 4899; x_wconf 89' lang='lat' dir='ltr'>eum</span> 
     </span>
     <span class='ocr_line' id='line_1_39' title="bbox 381 4922 1660 5020; baseline 0.02 -40"><span class='ocrx_word' id='word_1_333' title='bbox 381 4939 510 4981; x_wconf 86' lang='lat' dir='ltr'>uxorem</span> <span class='ocrx_word' id='word_1_334' title='bbox 527 4922 700 4982; x_wconf 79' lang='lat' dir='ltr'>Barbarum</span> <span class='ocrx_word' id='word_1_335' title='bbox 719 4924 846 5002; x_wconf 89' lang='lat' dir='ltr'>Pernar,</span> <span class='ocrx_word' id='word_1_336' title='bbox 870 4937 902 4986; x_wconf 91' lang='lat' dir='ltr'>et</span> <span class='ocrx_word' id='word_1_337' title='bbox 927 4930 1031 5006; x_wconf 92' lang='lat' dir='ltr'>proles</span> <span class='ocrx_word' id='word_1_338' title='bbox 1058 4931 1125 4992; x_wconf 91' lang='lat' dir='ltr'>eius</span> <span class='ocrx_word' id='word_1_339' title='bbox 1150 4933 1345 5016; x_wconf 89' lang='lat' dir='ltr'>Michaelem,</span> <span class='ocrx_word' id='word_1_340' title='bbox 1369 4939 1521 5020; x_wconf 89' lang='lat' dir='ltr'>Marcum,</span> <span class='ocrx_word' id='word_1_341' title='bbox 1544 4943 1660 5007; x_wconf 89' lang='lat' dir='ltr'>Catha-</span> 
     </span>
    </p>
   </div>
   <div class='ocr_carea' id='block_1_8' title="bbox 0 0 1972 5550">
    <p class='ocr_par' dir='ltr' id='par_1_8' title="bbox 0 0 1972 5550">
     <span class='ocr_line' id='line_1_40' title="bbox 0 0 1972 5550; baseline 0 1"><span class='ocrx_word' id='word_1_342' title='bbox 0 0 1972 5550; x_wconf 95' lang='lat' dir='ltr'> </span> 
     </span>
    </p>
   </div>
  </div>
 </body>
</html>
