3934 5550
407 442 470 506 464

511 662 529 735 ξ
558 657 606 720 ll.
631 659 759 717 Praeter
775 656 925 715 directam
943 651 1203 715 contributionem
1228 650 1305 713 alias
1329 671 1454 732 quoque
1478 649 1590 728 datias,
1605 671 1686 731 quae

406 769 444 827 de
477 766 634 845 praesenti
666 766 695 823 in
730 764 870 823 districtu
903 764 1098 842 colliguntur,
1140 764 1259 840 absque
1293 762 1421 841 speciali
1452 762 1532 842 legis
1565 762 1685 821 indultu

405 878 539 949 elevare,
563 874 611 933 vel
636 891 752 931 uovum
777 889 884 929 earum
909 890 1011 949 genus
1035 870 1139 949 colligi
1163 870 1269 930 facere
1293 879 1420 929 cautum
1444 870 1510 930 erit.

511 984 529 1057 ἓ
558 980 606 1041 12.
631 978 858 1057 inspectionem
884 978 1052 1055 politialem
1080 978 1238 1037 districtus
1262 978 1293 1036 in
1317 977 1364 1045 sui
1388 978 1510 1057 gremio
1534 996 1590 1054 per
1613 995 1686 1054 pro·

407 1090 491 1167 prius
516 1087 770 1167 magistratuales
794 1084 959 1145 exercebit.

512 1200 530 1271 ᾗ
560 1192 607 1255 13.
631 1194 731 1253 Sedes
755 1192 943 1267 iudiciariae,
969 1192 1146 1269 pupillares,
1176 1192 1373 1265 rationariae,
1406 1192 1609 1265 exactorales,
1642 1192 1686 1250 di·

406 1323 512 1363 carum
544 1301 789 1371 rectificatoriae,
825 1299 1012 1377 conscriptio
1049 1300 1167 1373 dicalis,
1202 1300 1439 1359 contributionis
1474 1300 1618 1359 eiectatio
1653 1307 1684 1358 et

405 1410 593 1484 incassatio,
621 1409 775 1469 rationum
809 1408 932 1481 revisi0,
963 1409 1130 1487 generales
1161 1428 1199 1467 ac
1232 1408 1474 1467 restauratoriae
1512 1426 1687 1488 congrega·

405 1519 513 1591 tioneS,
538 1514 801 1596 quemadmodum
826 1523 856 1573 et
881 1516 1097 1594 ablegatorum
1123 1514 1290 1574 electiones
1322 1534 1422 1593 usque
1447 1515 1487 1574 ad
1510 1515 1687 1575 ulteriorem

406 1627 484 1706 legis
516 1623 725 1703 provisionem
757 1622 799 1681 ita
832 1623 1086 1695 asservabuntur,
1118 1622 1219 1700 prouti
1252 1623 1413 1701 hucusque
1448 1622 1621 1682 secundum
1644 1624 1688 1681 lo·

406 1734 504 1792 calem
529 1750 620 1791 usum
644 1730 778 1801 fiebant;
810 1728 1040 1806 qualificatione
1065 1729 1133 1787 iura
1155 1729 1280 1807 publica
1315 1729 1346 1787 in
1378 1730 1499 1807 gremio
1533 1729 1690 1789 districtus

406 1838 570 1899 exercendi
596 1838 626 1896 in
650 1835 807 1915 praesenti
831 1844 914 1894 statu
939 1854 1153 1912 permansura.

513 1950 530 2021 ᾗ
559 1944 606 2005 ll.
631 1944 744 2003 intuitu
769 1942 901 2022 qualiter
933 1945 1126 2003 exercendae
1160 1944 1304 2023 publicae
1336 1944 1613 2004 administrationis
1647 1944 1691 2003 di·

406 2053 538 2125 strictus,
563 2071 661 2130 usque
686 2052 759 2109 dum
784 2052 870 2129 leges
896 2050 989 2109 aliam
1013 2050 1143 2110 iecerint
1166 2038 1386 2128 provisionem,
1411 2070 1467 2129 per
1489 2058 1607 2111 statuta
1623 2052 1684 2110 dis-

408 2179 524 2238 ponere
549 2159 669 2237 poterit.

728 2293 783 2351 De
814 2292 1040 2352 districtus
1064 2301 1159 2351 voto
1183 2292 1368 2355 diaetali.

514 2450 532 2523 ξ
567 2444 616 2505 15.
645 2444 812 2503 Districtus
843 2442 1096 2522 Turopoljitanus
1128 2446 1158 2505 in
1192 2446 1282 2525 regni
1313 2445 1445 2505 comitiis
1473 2466 1536 2505 uno
1560 2446 1683 2524 integro

408 2556 439 2613 id
471 2563 518 2613 est
549 2553 652 2613 medio
682 2559 755 2610 voto
785 2551 981 2611 comitatensi
1012 2553 1170 2631 gaudebit,
1195 2562 1225 2613 et
1249 2554 1290 2613 ad
1314 2554 1425 2613 eadem
1450 2554 1538 2633 regni
1563 2552 1687 2613 comitia

409 2681 503 2721 unum
529 2661 628 2719 mittet
652 2660 841 2737 ablegatum,
866 2659 915 2718 cui
939 2660 1025 2718 locus
1049 2660 1107 2720 erit
1130 2661 1161 2720 in
1183 2662 1290 2720 tabula
1315 2669 1460 2720 statuum.

880 2779 1029 2862 (Ceteris
1054 2783 1218 2860 emissis.)

509 2889 599 2958 Copia
624 2889 752 2957 simplex,
778 2889 946 2942 liberalitate
971 2888 1070 2943 illustr.
1096 2891 1204 2943 domini
1222 2891 1369 2944 Vladimiri
1397 2891 1555 2944 Maturanic
1575 2891 1689 2944 archivo

405 2995 516 3050 regnor.
535 2979 566 3034 C,
585 2979 613 3033 S.
634 2987 663 3031 et
682 2978 714 3032 D.
735 2978 812 3031 dono
831 2978 926 3032 oblata
945 2979 980 3046 (a.
1003 2979 1102 3046 1902).

515 3463 607 3521 Anno
636 3459 728 3521 1844.

438 3655 577 3718 Revisio
605 3654 750 3740 projecti
773 3656 858 3740 legis
889 3657 930 3721 de
963 3655 1092 3741 Campo
1121 3656 1373 3742 Turopolienst,
1395 3666 1457 3744 per
1486 3657 1661 3743 ablegatos

833 3763 934 3849 regni
958 3761 1120 3828 Croatiae
1135 3765 1246 3849 sacta.

513 3959 815 4038 Conspectus
848 3961 1162 4021 reflexionum
1193 3962 1237 4022 in
1268 3981 1385 4023 nexu
1417 3964 1605 4042 operati
1636 3965 1687 4024 de

406 4068 777 4127 coordinatione
818 4068 1075 4128 districtus
1113 4069 1468 4148 Turopoljitani
1505 4089 1583 4149 per
1622 4072 1686 4131 de·

406 4175 697 4251 putationem
737 4175 1019 4236 circularem
1059 4178 1319 4238 ellaborati
1354 4180 1686 4239 occurentium.

887 4371 936 4430 Ad
960 4372 1211 4433 Praeambulum.

516 4513 692 4589 Antequam
717 4512 875 4572 districtus
900 4514 1013 4592 Campi
1037 4515 1209 4594 Turopolja
1232 4533 1270 4574 ex
1294 4516 1415 4596 gremio
1438 4517 1604 4577 comitatus
1627 4518 1686 4578 Za·

407 4617 583 4698 grabiensis
607 4620 729 4697 penitus
754 4631 984 4699 excorporetur,
1008 4622 1070 4681 imo
1094 4624 1187 4700 plane
1210 4623 1449 4684 communitates
1482 4625 1605 4703 aliquae
1632 4626 1685 4685 ad-

408 4745 506 4804 usque
531 4726 691 4785 comitatui
714 4727 920 4806 Zagrabiensi
945 4730 1151 4809 ingremiatae
1174 4730 1276 4790 eidem
1295 4731 1499 4806 inclaventur,
1521 4732 1686 4811 taliterque

407 4833 564 4893 districtus
594 4834 652 4893 iste
686 4833 725 4892 ad
759 4835 1022 4912 independentem
1045 4837 1240 4916 propriisque
1272 4839 1369 4916 portis
1393 4840 1574 4915 gavisuram
1598 4840 1685 4898 iuris-

407 4939 574 5000 dictionem
610 4941 759 5014 elevetur,
795 4942 964 5020 sicquidem
997 4945 1048 5003 hic
1079 4945 1118 5003 de
1150 4964 1233 5004 nova
1256 4947 1346 5027 regni
1380 4947 1591 5006 iurisdictione
1627 4947 1685 5006 eri·
