3934 5550
1511 469 1578 533 353

400 685 451 747 20.
474 685 595 746 Nobilis
619 685 776 765 Georgius
799 687 917 746 Szever
939 687 1035 746 habet
1057 687 1186 747 domum
1200 688 1326 764 bonam,
1341 689 1488 748 horreum
1512 705 1566 746 an·

293 793 412 872 tiquum
435 793 563 853 basibus
587 794 654 855 sive
679 793 815 871 podvala
838 793 1053 870 necessitatur,
1078 795 1172 854 haras
1196 794 1292 854 habet
1315 801 1381 854 utut
1404 794 1505 854 bonas
1529 794 1569 854 ad

295 902 456 961 clausuras
470 898 499 976 4,
512 909 582 979 post
595 921 710 960 annum
723 909 806 961 tecto
822 897 963 980 indigere
974 920 981 975 ;
997 901 1072 960 item
1085 902 1244 962 camerula
1256 910 1328 962 aute
1340 902 1468 961 domum
1480 901 1577 960 Blasii

295 1009 335 1070 ad
358 1009 437 1070 duas
461 1017 576 1087 portas,
600 1027 696 1086 penes
720 1010 802 1068 hanc
825 1008 954 1089 Georgii
979 1009 1020 1068 ad
1052 1029 1147 1068 unam
1170 1018 1301 1087 portam,
1324 1029 1424 1089 penes
1441 1009 1576 1068 eandem

294 1117 400 1176 Lucae
424 1116 464 1176 ad
487 1124 609 1194 portam
626 1135 720 1175 unam
743 1115 873 1175 basibus
887 1115 1039 1196 indigere,
1055 1135 1153 1194 penes
1168 1117 1251 1177 hauc
1274 1115 1406 1194 Iosephi,
1422 1116 1574 1195 Stephani

294 1232 326 1284 et
337 1223 462 1284 loannis
474 1223 563 1302 Rapt.
577 1224 617 1283 ad
630 1241 725 1284 unam
737 1231 868 1301 portam,
881 1243 978 1302 penes
995 1225 1169 1284 domestica
1184 1244 1241 1303 pro
1256 1225 1412 1285 frumento
1425 1225 1576 1284 adunam

293 1339 423 1409 portam,
439 1349 548 1390 omnes
572 1331 604 1390 in
628 1349 689 1390 uno
713 1331 869 1405 continue,
892 1331 924 1390 in
947 1339 1031 1391 tecto
1047 1331 1142 1392 etiam
1162 1332 1361 1409 reparatione
1377 1331 1573 1410 indigentes;

293 1439 367 1498 item
390 1439 518 1500 domum
545 1437 695 1507 fabrilem,
726 1438 886 1499 fornacem
918 1438 1088 1517 pistoream
1123 1448 1206 1500 tecto
1241 1439 1370 1519 antiquo
1403 1441 1571 1519 provisam.

399 1562 449 1627 21.
474 1565 601 1624 Marcus
625 1564 743 1625 Szever
765 1565 860 1625 habet
883 1565 1011 1626 domum
1035 1584 1151 1624 novam
1174 1567 1299 1639 bonam,
1322 1566 1469 1626 horreum
1494 1565 1570 1626 anti-

292 1693 387 1752 quum
410 1673 543 1733 formam
565 1672 669 1733 horrei
693 1673 822 1748 habens,
858 1674 1001 1753 adeoque
1027 1692 1110 1734 novo
1141 1673 1268 1753 indiget,
1300 1675 1396 1734 haras
1429 1672 1574 1752 antiquas

292 1779 324 1838 in
347 1788 430 1839 statu
454 1780 602 1840 mediocri
624 1779 753 1840 basibus
777 1781 873 1860 vulgo
897 1781 1034 1858 podvafy
1050 1780 1236 1860 indigentes,
1253 1798 1412 1840 cameram
1427 1780 1574 1840 frumenti

292 1889 323 1946 in
359 1888 441 1948 malo
475 1895 566 1960 statu,
590 1908 647 1966 pro
671 1907 734 1967 qua
757 1888 933 1966 reparanda
965 1887 1110 1966 aquisivit
1134 1885 1298 1947 arbores2
1323 1887 1373 1947 die
1401 1886 1448 1949 15.
1472 1887 1574 1946 martii

297 1991 398 2068 1796,
414 1995 509 2054 haras
532 2014 588 2074 pro
612 1995 777 2054 maialibus
800 1994 915 2073 incepit
939 1995 1121 2068 effaborare,
1144 2013 1201 2073 pro
1224 1994 1337 2073 quibus
1354 1993 1438 2053 haris
1466 2013 1574 2054 neces·

293 2102 376 2162 saria
399 2101 512 2162 robora
535 2101 596 2162 iarn
620 2102 717 2162 habet
746 2110 872 2182 praeter
895 2110 1011 2162 tectum
1035 2111 1067 2161 et
1090 2102 1312 2181 pavimentum,
1336 2103 1496 2162 fornacem
1519 2102 1574 2161 bo·

290 2229 363 2269 narn
388 2209 564 2287 pistoream,
588 2229 645 2288 pro
668 2219 764 2288 puteo
796 2209 915 2290 indiget
946 2229 1010 2269 una
1040 2227 1165 2288 quercu,
1189 2210 1264 2288 quia
1287 2217 1335 2268 est
1367 2208 1459 2270 valde
1493 2209 1574 2270 anti-

292 2335 371 2395 quus
394 2317 572 2376 modernus.

858 2515 1010 2596 ***

398 2712 479 2772 Dein
503 2713 553 2772 die
576 2710 606 2777 6.
629 2713 777 2772 februarii
801 2713 842 2774 ad
865 2711 1098 2792 possessionem
1121 2712 1310 2772 Bussevecz.

402 2819 426 2881 1.
451 2820 587 2880 Mathias
624 2821 741 2879 Kosich
776 2821 871 2881 habet
906 2820 1018 2881 domus
1049 2818 1079 2895 2,
1112 2838 1208 2879 unam
1244 2818 1371 2897 quidem
1403 2819 1445 2878 ad
1476 2819 1574 2878 instar

289 2927 394 2987 curiae
419 2926 511 2987 aliam
536 2936 640 2987 autem
665 2927 864 3001 ordinariam,
888 2946 969 3007 quae
993 2928 1094 3006 prima
1117 2927 1230 2987 domus
1254 2934 1337 2986 tecto
1357 2926 1486 3005 indiget,
1510 2926 1571 2985 alia

291 3042 396 3095 autem
420 3034 548 3112 antiqua
563 3034 713 3106 desolata,
730 3054 769 3094 ex
791 3056 854 3113 qua
870 3042 974 3114 potest
990 3035 1074 3095 aliud
1094 3034 1271 3095 aedificium
1295 3033 1408 3105 facere,
1422 3035 1568 3093 horreum

289 3163 351 3222 quo
375 3148 492 3202 tectum
516 3141 628 3201 cecidit
652 3161 743 3201 secus
768 3142 937 3221 antiquum,
961 3144 1056 3202 haras
1088 3144 1184 3203 habet
1208 3142 1348 3218 miseras
1372 3142 1484 3203 saltem
1514 3160 1570 3218 pro

290 3249 454 3309 maiafibus
478 3248 602 3308 novitus
627 3256 764 3309 errectas
789 3249 925 3309 inbono
949 3256 1046 3322 statu3
1069 3249 1145 3310 item
1168 3269 1311 3309 cameras
1327 3249 1385 3309 sub
1403 3268 1464 3308 uno
1488 3257 1570 3308 tecto

289 3354 309 3415 3
335 3376 392 3435 pro
416 3356 580 3430 frumento,
603 3356 655 3415 ubi
678 3375 735 3434 pro
759 3376 841 3416 nunc
872 3377 911 3417 ex
943 3376 1005 3416 una
1039 3356 1196 3416 stabulum
1225 3356 1343 3416 factum
1377 3363 1435 3429 est,
1470 3374 1568 3433 penes

289 3465 347 3524 has
383 3482 526 3545 cameras
560 3464 655 3523 habet
689 3464 931 3542 suppositorium
966 3482 1122 3537 curruum,
1154 3470 1185 3523 et
1216 3463 1296 3523 haee
1327 3473 1399 3523 sunt
1430 3464 1460 3524 in
1484 3464 1566 3525 bono

289 3580 372 3632 statu
399 3573 503 3651 quoad
527 3572 640 3645 omnia,
663 3571 821 3631 fornacem
846 3572 1015 3650 pistorcam
1038 3571 1135 3631 habet
1159 3570 1327 3649 antiquam,
1357 3571 1485 3632 domum
1520 3572 1565 3632 fa·

287 3679 396 3739 brifem
429 3679 554 3753 bonam,
586 3687 618 3739 et
649 3678 761 3757 partim
792 3698 848 3757 pro
880 3678 1064 3757 reparandis
1095 3678 1245 3738 aedificiis
1276 3679 1388 3757 partim
1419 3680 1565 3759 tegendis

291 3786 438 3865 aquisivit
461 3785 589 3845 arbores
614 3785 633 3844 2
662 3784 708 3849 10.
733 3786 834 3845 martii
863 3783 954 3847 1796.

395 3892 423 3955 2.
448 3893 599 3972 Iosephus
624 3893 736 3953 Rosich
759 3893 853 3953 habet
873 3894 1001 3953 domum
1025 3893 1066 3953 ad
1082 3893 1179 3953 instar
1202 3894 1307 3953 curiae
1331 3894 1501 3972 antiquam,
1522 3895 1569 3954 ita

290 4011 403 4075 tamen,
427 4002 512 4080 quod
534 4000 687 4061 inferioris
711 4001 808 4079 partis
831 3999 894 4060 iarn
928 4002 1009 4061 ultra
1039 4020 1135 4080 quam
1166 4000 1318 4060 medietas
1350 4000 1490 4060 interra
1521 4002 1569 4072 sit,

287 4118 317 4168 et
341 4109 392 4169 vix
426 4128 483 4187 pro
514 4108 705 4169 habitatione
741 4108 882 4186 amplius,
916 4110 1063 4169 horreum
1097 4110 1214 4170 bonum
1249 4117 1281 4169 et
1315 4108 1449 4168 solidum
1484 4116 1567 4169 tecto

286 4217 442 4277 assericeo
466 4217 550 4276 bono
573 4216 741 4295 provisum,
757 4234 900 4276 cameras
924 4235 981 4293 pro
1004 4216 1160 4276 frumento
1183 4217 1283 4277 bonas
1306 4224 1391 4276 tecto
1407 4216 1564 4276 assericeo

286 4323 368 4383 bono
402 4323 562 4403 provisas3
597 4324 690 4383 haras
726 4323 767 4383 ad
798 4321 819 4381 4
851 4324 1012 4383 clausuras
1045 4324 1225 4383 animalium
1255 4325 1355 4384 bonas
1384 4322 1565 4401 pavimento

287 4430 423 4491 inferiori
447 4430 633 4511 indigentes,
656 4430 815 4491 fornacem
839 4430 1009 4509 pistoream
1033 4430 1065 4489 in
1088 4438 1171 4491 statu
1195 4430 1352 4491 mediocri

393 4553 422 4617 3,
446 4557 578 4617 Ioannes
612 4556 702 4634 Bapt
738 4556 882 4615 Katulich
915 4554 1011 4615 habet
1044 4556 1173 4615 domurn
1204 4555 1402 4615 commodam
1435 4553 1563 4613 basibus

285 4670 391 4722 tamen
415 4662 617 4741 indigentem,
641 4663 786 4722 horreum
809 4662 926 4722 bonurn
950 4662 1017 4723 sine
1040 4671 1139 4741 porta,
1163 4663 1257 4722 haras
1281 4662 1322 4721 ad
1354 4659 1374 4721 3
1402 4660 1564 4720 clausuras

287 4769 388 4829 bonas
419 4767 608 4841 animalium,
632 4769 789 4829 maialium
814 4779 918 4831 autem
944 4770 985 4829 ad
1016 4770 1095 4829 duas
1126 4771 1287 4829 clausuras
1317 4788 1374 4847 per
1404 4768 1565 4847 negligen-

285 4876 361 4934 tiam
385 4875 526 4935 detectas
549 4884 581 4934 et
603 4874 671 4934 sine
693 4875 889 4953 pavimento;
914 4876 989 4935 item
1012 4894 1155 4935 cameras
1172 4876 1214 4935 ad
1236 4875 1315 4934 duas
1338 4875 1501 4933 clausuras
1524 4893 1563 4934 ex

286 4981 392 5044 solidis
415 4980 578 5043 roboribus
602 4981 685 5041 bono
708 4990 791 5043 tecto
816 4982 974 5043 assericeo
997 4982 1150 5060 provisas,
1174 4981 1247 5041 defn
1270 4981 1462 5041 camerulam
1480 4980 1562 5057 pari·

1458 5099 1495 5155 83
