3934 5550
1029 612 1072 682 3.

516 803 609 862 Anno
641 799 734 862 1582.
752 799 788 876 ,4.
812 799 925 878 aprilis,
950 797 1102 858 Viennae.

518 963 699 1041 Rudolphus
728 962 763 1021 ll.
796 959 980 1039 Hungariae
1006 968 1062 1018 etc.
1088 977 1150 1030 rex,
1175 958 1310 1020 nobilem
1332 957 1475 1016 Marcum
1500 953 1684 1014 Radinchith

411 1072 450 1131 de
475 1072 582 1130 Bozna
603 1071 706 1130 denuo
723 1067 881 1128 nobilitate
906 1077 1045 1138 exornat,
1070 1085 1107 1126 ac
1131 1067 1160 1125 ei
1182 1064 1319 1146 insignia
1342 1061 1518 1122 nobilitaria
1536 1061 1686 1121 concedit

520 1160 702 1219 Publicatae
725 1166 796 1217 sunt
821 1156 880 1215 hae
905 1155 1013 1215 literae
1046 1156 1179 1215 armales
1203 1154 1234 1214 in
1259 1153 1399 1234 generali
1426 1151 1515 1230 regni
1546 1149 1691 1210 Croatiae

412 1266 658 1348 congregatione
682 1285 709 1328 a
738 1261 830 1324 1582.
855 1260 906 1322 24.
931 1261 1013 1321 iunii.

520 1388 665 1460 Originale
691 1389 914 1449 membraneum,
940 1387 1085 1452 appendet
1103 1402 1120 1438 a
1139 1401 1209 1439 zona
1234 1386 1343 1438 sericea
1369 1353 1500 1454 sigillum.
1519 1382 1604 1450 Apud
1623 1383 1689 1436 nob.

413 1481 547 1534 Ioannem
566 1477 700 1545 Stepanit
725 1476 753 1528 in
777 1473 928 1528 Kurilouec
948 1473 1013 1528 Nro.
1033 1475 1076 1529 50.
1156 1474 1310 1540 Viterouid,
1335 1471 1488 1542 Mjesetnik
1508 1487 1540 1524 ra
1559 1471 1692 1542 genealo-

411 1570 478 1638 giju,
497 1567 654 1638 biografiju,
670 1565 818 1618 heraldikn
837 1563 845 1613 i
865 1563 1038 1636 stragistiku.
1059 1567 1077 1618 1.
1099 1565 1158 1620 120.

1030 1853 1075 1922 4.

521 2001 612 2098 Anno
641 2032 732 2098 1670.
759 2003 808 2100 11.
837 2035 950 2116 aprilis.
975 2038 1124 2096 Viennae.

412 2196 645 2284 Leopoldusl.
662 2185 870 2282 Hungaria'e
896 2196 954 2262 etc.
982 2217 1050 2276 rear,
1074 2195 1319 2261 communitati
1346 2193 1470 2282 Campa
1504 2193 1693 2282 Turopolya

416 2304 593 2371 rmdlioni
618 2304 1082 2390 Zriniarw·Frangepanicae
1112 2304 1257 2368 minime
1287 2302 1495 2381 adhaerenti,
1515 2303 1693 2388 protectio·

820 2447 824 2452 ‚
852 2432 930 2476 nem
953 2432 1056 2476 suam
1079 2411 1265 2495 pollicitum
1667 2409 1670 2415 '

518 2583 694 2662 Leo'poldus
719 2582 824 2643 divina
856 2584 981 2641 tavente
1014 2581 1178 2640 clementia
1210 2582 1328 2642 electus
1357 2553 1572 2642 Romanomm¹
1593 2581 1687 2659 impe·

417 2701 501 2752 rator
525 2709 649 2769 semper
679 2699 841 2770 augustus.

631 2853 761 2933 Egregii
784 2864 815 2913 et
838 2852 966 2925 nobiles,
990 2853 1099 2913 fideles
1122 2853 1211 2912 nobis
1236 2852 1357 2913 dilecti!

524 2976 710 3058 Recepimus
733 2980 851 3038 litteras
874 2988 997 3038 vestras
1021 2999 1058 3037 ex
1082 2978 1205 3056 Campo
1226 2978 1405 3056 Turopolya
1429 2979 1479 3039 die
1503 2978 1554 3039 25.
1571 2980 1694 3039 'mensis

417 3088 518 3147 martii
542 3086 699 3165 praeteriti
723 3086 823 3160 datas,
851 3086 963 3165 quibus
987 3104 1044 3146 nos
1068 3086 1107 3145 de
1132 3088 1288 3163 conclusa,
1320 3105 1357 3145 ac
1381 3087 1550 3146 etiamnum
1583 3095 1694 3165 coepta

417 3196 565 3257 comitum
598 3195 682 3253 Petri
706 3214 725 3253 a
748 3194 832 3253 Zrini
856 3202 888 3253 et
911 3194 1099 3274 Frangepan
1128 3204 1236 3253 contra
1259 3212 1317 3253 nos
1341 3194 1576 3269 insurrectione,
1601 3204 1694 3273 atque

416 3303 583 3364 rebellione
607 3303 738 3379 erudire,
771 3319 808 3361 ac
832 3310 997 3380 praeterea
1020 3301 1059 3360 de
1084 3300 1238 3361 constanti
1259 3300 1408 3360 fidelitate
1425 3320 1503 3381 erga
1518 3320 1576 3362 nos
1590 3310 1694 3362 vestra

417 3430 545 3471 securos
577 3411 717 3486 reddere,
745 3411 898 3489 simulque
929 3409 1154 3488 protectionem
1179 3420 1210 3468 et
1234 3410 1381 3469 auxilium
1413 3419 1553 3470 nostrum
1586 3418 1694 3469 contra

417 3538 527 3593 eorum„
556 3519 738 3579 terrimenta
769 3518 799 3577 in
832 3537 889 3577 vos
922 3535 1075 3577 conversa
1096 3516 1272 3594 vimplorare
1308 3516 1456 3593 voluistis
1488 3519 1617 3578 moleste
1656 3537 1693 3576 ac

417 3644 513 3706 aegro
537 3645 614 3685 sane
637 3637 670 3684 ut
693 3625 850 3704 opportuit
884 3623 988 3684 animo
1020 3625 1155 3697 tulimus,
1188 3632 1219 3683 et
1243 3625 1344 3684 adhuc
1368 3624 1496 3685 ierimus
1530 3625 1692 3703 perfidiam

415 3742 534 3793 tantam
559 3735 597 3792 ab
621 3734 689 3807 illis,
713 3742 820 3812 utpote
845 3733 976 3793 subditis
1002 3732 1116 3793 nostris
1140 3732 1207 3792 sine
1231 3733 1397 3792 tormidine
1415 3733 1593 3809 exercitam,
1609 3734 1693 3793 nulla

417 3860 493 3902 sane
517 3842 636 3901 ratione
668 3843 872 3917 tolerandam,
896 3861 934 3902 ex
959 3841 1093 3901 adverso
1126 3850 1234 3900 autem
1258 3841 1506 3915 submissionem,
1538 3841 1631 3902 fidem
1656 3861 1692 3900 ac

416 3950 598 4029 fidelitatem
622 3959 758 4011 uestram
791 3949 899 4010 litteris
924 3949 1035 4008 vestris
1069 3968 1251 4027 expressam
1283 3968 1320 4008 ac
1353 3949 1596 4025 corroboratam,
1614 3949 1691 4027 ¹pla·

417 4057 485 4116 cide
510 4077 546 4119 ac
577 4054 770 4137 perbenigne
803 4057 998 4135 suscipimus,
1022 4056 1148 4117 omnino
1173 4054 1375 4132 confidentes,
1416 4076 1472 4115 vos
1503 4058 1541 4115 ab
1566 4074 1605 4116 ea
1635 4076 1711 4121 nec

417 4163 697 4243 pollicitationibus,
723 4184 781 4224 nec
804 4165 896 4224 minis
921 4166 1075 4224 ullatenus
1100 4173 1237 4223 amotum
1270 4164 1314 4237 iri,
1347 4164 1447 4223 minus
1479 4182 1554 4223 vero
1585 4183 1694 4225 neces·

418 4292 517 4347 suros,
540 4272 615 4350 quin
637 4273 741 4351 potius
765 4272 908 4350 pessimis
933 4292 1040 4333 eorum
1064 4273 1285 4332 intentionibus
1323 4282 1353 4331 et
1377 4272 1471 4331 armis
1495 4281 1526 4331 et
1557 4273 1692 4333 consiliis

416 4381 544 4440 firmiter
568 4380 741 4453 restituros,
765 4380 866 4457 prouti
895 4391 1044 4457 paternae
1076 4383 1201 4454 tutelae,
1231 4380 1444 4440 sollicitudinis
1477 4400 1514 4439 ac
1546 4380 1691 4441 assisten-

416 4488 478 4547 tiae
510 4496 636 4547 nostrae
662 4507 717 4546 vos
742 4487 836 4546 etiam
864 4488 1088 4567 benignissime
1113 4506 1340 4561 assecuramus,
1364 4488 1448 4566 quod
1473 4488 1566 4547 etiam
1597 4506 1691 4565 opere

416 4597 484 4674 ipso
509 4596 633 4655 abunde
658 4596 813 4673 experturi
838 4594 921 4665 estis,
938 4596 1202 4673 quemadmodum
1219 4596 1345 4655 omnino
1361 4596 1511 4674 cupimus,
1528 4605 1561 4654 ut
1577 4597 1692 4655 malum

419 4705 479 4763 hoc
511 4703 692 4781 priusquam
725 4701 949 4780 profundiones
975 4712 1051 4783 agat
1075 4703 1205 4777 radices,
1230 4703 1406 4763 eradicetur
1430 4723 1466 4762 ac
1491 4704 1692 4782 exstirpetur;

417 4811 506 4871 vobis
539 4830 613 4871 vero
647 4808 779 4890 gratiam
814 4820 961 4884 nostram,
987 4820 1080 4888 atque
1104 4812 1327 4889 protectionem
1353 4812 1592 4872 clementissime
1616 4812 1691 4871 offe·

417 4921 521 4991 rimus,
554 4920 664 4979 eadem
697 4920 786 4978 vobis
818 4920 848 4978 in
879 4939 971 4978 omne
996 4930 1120 4997 tempus
1143 4921 1289 4998 propensi
1314 4931 1497 4983 mamentes
1522 4922 1635 4981 Datum
1660 4920 1690 4980 in
