3934 5550
420 646 427 659 ι
524 620 670 693 Originaie
688 624 879 689 chartaceum,
897 640 914 678 a
932 632 1015 695 tergo
1034 620 1062 678 ln
1083 626 1210 697 margine
1230 642 1397 693 appressum
1416 626 1547 697 sigillum
1562 657 1594 664 —
1615 624 1701 681 Tran-

412 717 564 783 sumptum
579 711 703 770 ,Martini
730 712 840 783 Petheu
858 715 895 767 de
913 714 1024 769 Hethes
1037 768 1039 781 ,
1052 716 1117 769 anni
1144 696 1221 787 1604.
1239 715 1281 769 23.
1302 716 1394 770 martii
1420 732 1472 784 pro
1498 722 1594 783 parrte
1621 715 1701 773 nobi·

418 798 487 860 lium
506 797 605 868 Campi
624 800 780 872 Turopolje
798 819 851 871 per
869 810 1083 870 procuratorem
1103 805 1260 876 eorundem
1273 804 1387 859 Petrum
1401 805 1552 877 Ebergeny
1565 806 1593 859 in
1606 806 1702 860 diaeta

416 887 585 942 Posouiensi
605 884 732 958 petitum.
756 921 783 931 -
804 892 974 947 Procurator
992 894 1058 948 bani
1078 894 1183 951 ibidem
1200 895 1324 951 astabat
1345 894 1466 956 loannes
1484 874 1646 952 Kibtonich.
1667 924 1700 935 -

417 978 450 1042 In
468 980 583 1038 archivo
601 998 743 1041 commun.
762 985 828 1041 nob.
849 986 887 1042 de
904 985 1067 1058 Turopolje.
1407 970 1410 975 ¹
1598 971 1600 979 ’

526 1529 620 1594 Anno
647 1526 740 1589 1603.
764 1525 817 1590 20.
840 1526 997 1589 februarii.

422 1724 622 1812 Capitulum
635 1724 710 1791 eccl.
729 1723 984 1810 Zagruln'ensis,
998 1723 1314 1809 cottfirmutiouales
1334 1724 1453 1790 literas
1468 1724 1641 1811 Rullolplu
1656 1744 1700 1791 11.

421 1833 514 1921 regis
540 1832 750 1919 Hunguriae
780 1856 810 1897 u.
833 1833 927 1897 1602.
950 1847 1003 1910 29.
1026 1832 1155 1911 martii,
1186 1831 1367 1919 (exemptio
1397 1831 1562 1898 nautium
1594 1832 1702 1898 unius

603 1941 768 2007 sessionis
783 1960 811 2005 ἀ
834 1938 1004 2005 solutione
1027 1942 1190 2005 taxarum
1212 1940 1298 2033 ela),
1321 1940 1519 2005 transumit.

459 2179 473 2191 0-
530 2142 597 2202 Nos
629 2141 799 2220 capitulum
831 2140 984 2202 ecclesiae
1007 2126 1231 2221 Zagrabiensis
1254 2140 1424 2201 memoriae
1449 2138 1706 2201 commendamus

426 2269 481 2330 per
516 2256 710 2328 praesentes,
745 2250 827 2327 quod
864 2248 985 2309 nobiles
1016 2248 1167 2308 Matthias
1198 2246 1354 2308 Kudelian
1386 2256 1417 2307 et
1448 2248 1525 2308 alter
1557 2248 1708 2308 Matthias

427 2357 554 2420 Gluhak
577 2357 617 2417 de
642 2357 804 2431 Marocha,
827 2357 858 2416 in
881 2356 947 2417 suis
971 2375 1010 2416 ac
1033 2356 1249 2416 universorum
1273 2355 1365 2415 unius
1389 2354 1538 2415 sessionis
1561 2355 1709 2415 nobilium

413 2456 458 2525 ²in
483 2465 633 2526 comitatu
656 2464 865 2545 Zagrabiensi
889 2463 1146 2523 commorantium
1180 2462 1357 2523 nominibus
1381 2462 1466 2522 etin
1489 2462 1632 2541 personis
1655 2482 1710 2523 no-

425 2559 520 2633 stram
546 2572 751 2652 personaliter
773 2572 937 2633 venientes
959 2572 990 2631 in
1016 2570 1237 2650 praesentiam,
1261 2570 1468 2631 exhibuerunt
1500 2578 1532 2631 et
1562 2589 1711 2651 praesen-

427 2691 573 2743 taverunt
596 2679 863 2760 nobis²quasdam
891 2680 997 2739 literas
1028 2670 1231 2739 sacratissimi
1261 2677 1409 2758 principis
1441 2678 1558 2739 domini
1589 2677 1709 2738 domini

425 2791 579 2870 Rudolphi
618 2789 748 2850 secundi
782 2789 834 2856 dei
868 2788 972 2870 gratia
996 2789 1087 2849 electi
1116 2789 1328 2848 Romanorum
1364 2787 1561 2868 imperatoris
1584 2805 1709 2866 semper

426 2898 561 2979 augusti,
597 2917 633 2957 ac
666 2896 867 2971 Germaniae,
889 2896 1084 2976 Hungariae,
1118 2896 1297 2970 Bohemiae,
1328 2895 1514 2974 Dalmatiae,
1549 2893 1707 2968 Croatiae,

425 3005 595 3067 Slauoniae
619 3014 677 3068 etc.
701 3006 794 3086 regis,
811 3005 987 3066 archiducis
1005 3004 1160 3084 Austriae‚
1176 3003 1265 3084 ducis
1289 3003 1500 3084 Burgundios,
1518 3001 1705 3062 marchionis

426 3113 599 3190 Morauiae,
622 3113 744 3174 comitis
770 3113 894 3190 Tyrolis
918 3121 985 3187 etc,
1010 3113 1040 3172 in
1063 3131 1259 3193 pergameno
1290 3119 1435 3190 patenter
1465 3111 1523 3170 sub
1555 3109 1704 3190 pendenti

426 3231 457 3282 et
490 3221 668 3281 authentico
699 3221 801 3302 sigillo
832 3221 972 3282 eiusdem
1004 3220 1121 3280 domini
1152 3219 1348 3299 imperatoris
1372 3227 1405 3278 et
1427 3219 1511 3300 regis
1544 3217 1641 3278 nostri
1672 3217 1704 3276 in

427 3330 545 3392 chorda
568 3329 689 3390 sericea
703 3338 768 3389 tam
792 3328 889 3401 rubei,
913 3328 974 3388 albi
999 3337 1030 3388 et
1052 3324 1134 3408 nigri
1151 3329 1263 3388 coloris
1278 3327 1309 3387 in
1326 3346 1400 3387 cera
1416 3327 1608 3390 extrinsecus
1624 3326 1704 3399 alba,

427 3437 614 3497 intrinsecus
638 3457 713 3497 vero
736 3437 831 3496 rubra
855 3437 1016 3516 impressu,
1040 3437 1130 3496 simul
1155 3457 1224 3496 cum
1255 3435 1532 3515 subscriptionibus
1555 3453 1704 3495 manuum

427 3545 622 3625 propriarum
653 3545 793 3605 eiusdem
826 3545 944 3604 domini
967 3545 1052 3625 regis
1084 3545 1192 3619 nostri,
1216 3563 1252 3604 ac
1276 3543 1471 3604 illustrissimi
1503 3552 1534 3602 et
1559 3561 1704 3602 reveren·

427 3653 547 3714 dissimi
571 3653 602 3712 in
625 3651 752 3712 Christo
776 3653 873 3731 patris
897 3652 1013 3712 domini
1042 3652 1169 3712 Martini
1200 3652 1298 3728 Pethe
1322 3651 1361 3712 de
1385 3651 1513 3725 Hethes,
1538 3649 1705 3729 archiepis·

426 3762 496 3841 copi
531 3761 723 3838 Colocensis,
764 3761 1023 3821 administratoris
1060 3760 1259 3839 episcopatus
1294 3759 1470 3835 lauriensis,
1503 3758 1706 3837 locorumque

425 3869 597 3931 eorundem
613 3867 736 3928 comitis
759 3867 910 3947 perpetui,
935 3877 967 3926 et
991 3867 1087 3947 ipsius
1111 3865 1226 3925 domini
1243 3865 1439 3944 imperatoris
1457 3875 1488 3924 et
1504 3864 1587 3943 regis
1604 3863 1702 3924 nostri

425 3976 601 4050 consiliarii,
618 3985 650 4036 et
673 3994 729 4054 per
749 3975 947 4054 Hungariam
961 3974 1075 4033 summi
1091 3973 1276 4050 cancellarii,
1292 3972 1451 4032 confectas
1475 3979 1506 4030 et
1530 3980 1703 4044 emanatas,

426 4085 543 4146 tenoris
576 4083 771 4162 infrascripti,
802 4090 944 4161 petentes
968 4099 1027 4141 nos
1050 4081 1156 4141 debita
1186 4101 1256 4141 cum
1281 4081 1437 4154 instantia,
1461 4089 1494 4138 ut
1518 4099 1574 4138 nos
1598 4079 1704 4139 literas

425 4188 603 4252 huiusmodi
627 4189 695 4249 aliis
718 4189 815 4249 literis
838 4190 952 4249 nostris
975 4188 1154 4267 patentibus
1177 4187 1329 4248 transumi
1353 4195 1384 4246 et
1406 4185 1571 4246 transcribi
1599 4186 1704 4246 lacere

424 4298 635 4378 dignaremur.
666 4297 809 4374 Quarum
833 4296 957 4375 quidem
990 4296 1147 4356 literarum
1177 4305 1267 4356 tenor
1289 4295 1360 4354 talis
1384 4303 1447 4354 est:
1480 4293 1595 4370 (Vide
1619 4294 1703 4354 doc.

424 4425 530 4467 anno
557 4402 650 4465 1602.
675 4401 727 4465 29.
751 4404 890 4464 martii
915 4403 988 4462 sub
1014 4403 1041 4461 N
1049 4421 1073 4464 r.
1098 4399 1161 4478 39.)
1183 4403 1248 4462 Nos
1272 4401 1367 4481 igitur
1391 4401 1478 4461 iustis
1502 4409 1534 4460 et
1558 4401 1703 4480 legitimis

424 4513 627 4593 petitionibus
643 4511 1026 4596 praelatorumBMatthiae
1045 4511 1199 4572 Kudelian
1214 4521 1244 4570 et
1261 4510 1387 4570 alterius
1403 4510 1556 4570 Matthiae
1571 4509 1704 4584 Gluhak,

426 4623 492 4682 suis
517 4639 711 4700 aequorum
739 4639 834 4699 supra
866 4619 1044 4680 nominibus
1077 4630 1107 4682 et
1138 4621 1167 4679 in
1199 4621 1340 4698 personis
1371 4619 1461 4679 nobis
1492 4620 1586 4678 modo
1616 4637 1703 4698 prae·

424 4731 521 4790 misso
546 4729 635 4788 iactis
662 4737 788 4808 gratum
812 4729 1001 4807 praebentes
1033 4747 1228 4799 consensum,
1253 4728 1461 4806 praescriptas
1493 4727 1597 4786 literas
1628 4727 1703 4786 iam·

427 4838 483 4898 lati
501 4837 616 4896 domiui
634 4835 830 4914 imperatoris
854 4843 886 4895 et
908 4837 993 4914 regis
1016 4836 1120 4909 nostri,
1144 4855 1205 4894 non
1230 4835 1360 4894 obrasas
1384 4855 1446 4894 non
1471 4835 1659 4894 cancellatas
1675 4843 1706 4892 et

427 4965 530 5026 neque
563 4945 594 5005 in
629 4946 734 5025 aliqua
764 4943 812 5004 sui
843 4953 932 5022 parte
967 4952 1131 5028 suspectas
1155 4943 1221 5004 sine
1256 4942 1459 5004 diminutione
1483 4949 1514 5004 et
1537 4951 1707 5023 augmento
