3934 5550
1514 416 1557 477 217

284 629 471 709 excogitatis
494 629 621 701 iniuriis,
638 629 852 689 exactionibus
870 638 900 689 et
916 630 1153 710 gravaminibus
1177 630 1330 706 affecisse,
1354 650 1391 691 ac
1415 632 1446 691 in
1469 630 1558 690 rusti·

282 756 394 796 canam
418 736 601 797 servitutem
625 747 656 797 et
680 737 889 798 conditionem
919 739 1063 818 redigere
1089 740 1233 813 voluisse,
1258 759 1295 799 ac
1318 740 1445 799 tandem
1468 758 1561 818 prae-

284 844 367 903 latus
391 844 535 904 dominus
559 844 737 905 ludouicus
756 863 820 921 rex,
837 846 878 905 ad
894 846 1152 924 supplicationem
1177 846 1388 925 praelatorum
1412 846 1560 907 nobilium

279 951 495 1029 praedialium,
526 952 558 1011 in
590 972 687 1013 causa
717 952 911 1032 praescripta
942 962 1050 1014 contra
1078 953 1254 1032 praefatum
1278 954 1436 1014 dominum
1462 954 1560 1014 Geor-

278 1059 368 1139 gium
390 1059 606 1119 marchionum
630 1079 747 1120 novum
762 1060 909 1120 iudicium
924 1062 991 1121 lieri
1007 1078 1037 1121 et
1054 1062 1212 1121 celebrare
1230 1062 1445 1137 commisisset,
1470 1080 1558 1140 prae-

279 1169 425 1247 latusque
455 1168 594 1229 marchio
625 1169 734 1249 vigore
769 1169 926 1230 huismodi
956 1170 1030 1230 novi
1061 1171 1165 1231 iudicii
1200 1172 1351 1251 legittime
1382 1171 1504 1246 citatus,
1528 1172 1558 1231 in

279 1276 412 1334 termino
437 1276 478 1335 ad
501 1276 532 1334 id
556 1276 731 1356 designato,
756 1295 862 1336 coram
890 1278 1032 1355 praelato
1057 1280 1182 1339 domino
1210 1279 1369 1339 Ludouico
1393 1297 1478 1359 rege,
1502 1278 1557 1338 mi·

280 1382 363 1441 nime
399 1384 635 1461 comparuisset,
666 1384 773 1464 sicque
804 1403 861 1462 per
892 1386 1146 1445 nonvenientiam
1175 1394 1206 1445 et
1238 1386 1558 1465 noncomparitionem

279 1490 429 1563 eiusdem,
461 1491 545 1551 idem
576 1492 734 1570 quondam
766 1491 910 1551 dominus
946 1493 1125 1552 Ludouicus
1158 1512 1211 1552 rex
1245 1492 1402 1571 praelatos
1438 1493 1557 1553 nobiles

279 1598 455 1676 praediales
479 1599 518 1658 ab
545 1600 630 1658 omni
660 1599 726 1658 iure
758 1608 790 1659 et
812 1599 1032 1670 iurisdictione,
1056 1619 1178 1660 necnon
1212 1601 1408 1662 servitiorum
1441 1600 1556 1661 exhibi-

279 1708 373 1781 tione,
397 1726 563 1786 porcorum
588 1708 660 1767 item
694 1708 892 1768 decimalium
916 1718 948 1769 et
971 1708 1102 1769 aliorum
1128 1728 1278 1769 censuum
1302 1718 1333 1769 et
1357 1709 1556 1769 collectarum

279 1816 404 1876 datione
428 1823 461 1875 et
483 1816 645 1891 solutione,
680 1816 756 1876 alias
781 1817 864 1876 dicto
889 1818 1048 1895 quondam
1072 1816 1198 1877 domino
1222 1816 1361 1896 Georgio
1375 1816 1557 1876 'marchioni

279 1922 453 1984 debitorum
478 1924 654 1995 exemisset,
670 1924 856 2002 quietosque
880 1932 911 1985 et
935 1924 1098 2002 expeditos
1115 1942 1185 1984 esse
1203 1924 1407 1984 deliberasset
1430 1932 1461 1983 et
1485 1941 1554 2001 pro-

279 2031 483 2092 nunctiasset.
508 2032 635 2091 Alterae
660 2050 744 2105 vero,
759 2032 903 2093 videlicet
926 2032 1001 2092 dieti
1019 2032 1144 2112 capituli
1169 2032 1321 2093 ecclesiae
1345 2032 1558 2107 Chasmensis,

279 2139 432 2220 vigesimo
456 2138 564 2218 quinto
588 2140 638 2199 die
663 2139 734 2199 festi
757 2140 842 2199 beati
865 2141 1024 2200 Francisci
1050 2140 1247 2219 confessoris,
1282 2140 1313 2199 in
1337 2158 1419 2199 anno
1444 2139 1560 2199 domini

278 2247 443 2307 millesimo
467 2246 720 2327 quingentesimo
737 2246 891 2327 vigesimo
911 2247 1021 2326 quinto
1038 2243 1234 2307 emanatae¹⁴
1250 2248 1451 2316 denotabant,
1477 2247 1559 2325 quod

279 2355 411 2434 praelati
435 2355 557 2414 nobiles
589 2355 773 2433 praediales,
803 2373 874 2415 sese
898 2374 954 2433 per
977 2355 1075 2433 ipsius
1107 2354 1223 2415 domini
1247 2354 1397 2414 Ludouici
1421 2354 1505 2434 regis
1530 2363 1561 2414 et

280 2462 354 2523 dicti
378 2462 505 2541 capituli
528 2461 735 2522 Chasmensis
765 2462 917 2535 homines,
948 2462 979 2521 in
1003 2462 1213 2541 praescriptas
1237 2480 1345 2521 eorum
1369 2461 1558 2521 conditiona-

275 2570 338 2630 rias
370 2569 530 2629 libertates
564 2569 716 2647 reimponi
746 2578 777 2629 et
799 2569 953 2643 collocari,
984 2569 1247 2648 iurisdictionique
1279 2570 1430 2629 duntaxat
1463 2570 1558 2629 bano·

275 2698 343 2738 rum
370 2687 401 2738 et
424 2678 647 2739 vicebanorum
671 2678 764 2737 huius
789 2678 878 2758 regni
905 2678 1092 2738 Sclauoniae
1125 2678 1213 2758 iungi
1238 2686 1269 2737 et
1291 2677 1483 2756 incorporari
1515 2676 1558 2736 ie-

278 2787 411 2861 cissent3
434 2785 548 2865 quibus
564 2785 707 2846 exhibitis
732 2795 763 2845 et
789 2786 1006 2864 praesentatis,
1026 2785 1285 2866 continentiisque
1303 2787 1474 2846 earundem
1489 2804 1557 2864 per-

278 2894 367 2954 lectis
391 2903 422 2954 et
446 2912 522 2953 sane
545 2894 718 2970 intellectis,
742 2894 902 2972 praelatus
927 2894 1113 2954 Ambrosius
1137 2896 1271 2971 Beyczy,
1288 2901 1471 2972 procurator
1485 2892 1559 2953 dicti

278 3001 396 3062 domini
420 3002 561 3061 Thomae
585 3002 722 3080 palatini,
751 3002 875 3075 actoris,
908 3002 939 3061 in
969 3002 1158 3062 contrarium
1190 3001 1368 3062 huiusmodi
1400 3003 1557 3062 literarum

281 3111 475 3190 allegaverat
498 3107 530 3167 in
553 3110 635 3169 hunc
659 3111 795 3183 modum,
823 3110 908 3189 quod
932 3109 1108 3170 huiusmodi
1133 3111 1241 3170 literae
1266 3129 1321 3188 per
1345 3109 1503 3188 praefatos
1526 3110 1557 3169 in

278 3235 406 3278 causam
442 3225 591 3298 attractos
626 3216 791 3292 exhibitae,
824 3219 864 3278 ad
900 3217 1076 3278 docendum
1111 3219 1179 3294 hoc,
1214 3219 1298 3296 quod
1333 3217 1557 3296 praescriptum

281 3326 443 3385 castellum
468 3327 654 3385 kaawecz
678 3326 763 3404 ipsos
787 3327 818 3386 in
842 3346 971 3386 causam
997 3335 1147 3386 attractos
1176 3327 1267 3401 bonu,
1290 3325 1469 3404 optimoque
1492 3325 1558 3385 iure

279 3433 487 3494 haereditario
515 3443 692 3509 concernat,
723 3435 947 3495 insufficientes
980 3443 1103 3508 essent,
1130 3435 1255 3513 quando
1277 3434 1402 3512 quidem
1427 3434 1557 3495 eaedem

279 3541 387 3601 literae
422 3542 628 3614 declararent,
658 3541 739 3602 inter
770 3545 922 3622 quosdam
956 3542 1077 3602 nobiles
1101 3543 1278 3620 praediales
1302 3542 1416 3620 Campi
1439 3543 1557 3620 Zagra·

278 3648 395 3709 biensis
422 3650 461 3709 ab
486 3669 557 3726 una,
582 3651 621 3709 ab
646 3652 745 3727 altera
768 3669 843 3710 vero
866 3651 1008 3729 partibus
1032 3649 1207 3729 praelatum
1232 3669 1356 3728 quoque
1386 3649 1558 3730 Georgium

280 3756 493 3816 marchionem
517 3757 637 3817 ratione
674 3767 706 3818 et
737 3765 899 3835 praetextu
925 3766 1080 3818 certarum
1105 3758 1300 3836 quarundam
1333 3755 1558 3831 violentiarum,

280 3865 473 3934 damnorum,
497 3843 683 3926 iniuriarum
702 3874 733 3925 et
756 3875 1024 3939 nocumentorum,
1050 3884 1156 3925 coram
1180 3865 1322 3944 praefato
1348 3865 1474 3925 domino
1498 3865 1557 3924 Lu·

281 3973 394 4032 douico
418 3991 503 4053 rege,
527 3992 656 4032 causam
680 3975 837 4052 quandam
874 3983 991 4034 motam
1014 3973 1119 4046 fuisse,
1144 3974 1175 4032 in
1199 3973 1438 4051 huiusmodique
1462 3990 1559 4032 eausa

280 4079 428 4140 iudicium
451 4079 568 4139 factum
593 4088 624 4139 et
647 4080 834 4141 sententiam
858 4082 954 4141 latam
978 4080 1126 4154 extitisse,
1150 4081 1189 4139 de
1215 4080 1343 4139 castello
1366 4087 1472 4138 tamen
1489 4078 1557 4136 Lw-

280 4189 408 4248 kawecz
445 4187 646 4266 praescripto,
680 4188 729 4247 vel
761 4189 829 4248 eius
859 4189 1049 4266 proprietate
1081 4189 1161 4248 inter
1192 4187 1278 4266 ipsas
1310 4196 1415 4266 partes
1443 4186 1559 4245 nullam

282 4315 411 4356 causam
433 4295 539 4372 tuisse,
563 4313 665 4374 neque
690 4294 837 4357 iudicium
862 4296 988 4375 aliquod
1013 4295 1127 4356 iactum
1151 4295 1300 4370 extitisse,
1324 4295 1385 4354 imo
1409 4313 1449 4354 ne
1473 4312 1557 4352 men-

280 4403 397 4464 tionem
423 4403 549 4482 quidem
573 4401 689 4462 factam
711 4404 818 4465 tuisse.
842 4404 965 4480 Quibus
989 4403 1034 4462 sic
1058 4402 1179 4476 habitis,
1197 4401 1408 4481 praelatisque
1425 4401 1557 4480 partium

283 4511 537 4591 procuratoribus
561 4511 677 4572 diutius
700 4512 780 4572 inter
804 4531 875 4572 sese
907 4511 1138 4585 altercantibus,
1169 4511 1373 4588 diversasque
1405 4509 1436 4568 in
1467 4509 1557 4568 alter·

280 4628 383 4679 utrum
407 4618 613 4698 allegationes
637 4628 668 4679 et
692 4620 892 4698 exceptiones
928 4619 1122 4691 facientibus,
1147 4618 1267 4695 illisque
1299 4637 1355 4694 per
1381 4615 1557 4695 praelatum

281 4727 439 4805 quondam
464 4728 623 4787 dominum
647 4729 774 4787 Petrum
798 4729 965 4804 Erdewdy,
998 4727 1075 4787 alias
1099 4728 1223 4800 banum,
1257 4735 1405 4803 tanquam
1441 4723 1557 4782 trivolis

280 4835 347 4893 iure
370 4832 502 4907 reiectis,
536 4835 663 4895 tandem
694 4835 788 4894 iidem
823 4836 958 4914 partium
990 4841 1208 4913 procuratores
1240 4832 1380 4910 partibus
1414 4831 1477 4890 suis
1502 4849 1558 4908 per

283 4941 417 5002 eundem
442 4943 599 5018 quondam
631 4943 790 5003 dominum
823 4944 948 5002 Petrum
981 4943 1148 5017 Erdewdy,
1176 4941 1301 5011 banum,
1327 4939 1356 4998 in
1380 4938 1560 5017 praemissis
