3934 5550
500 642 560 700 Pro
583 639 750 699 honorario
786 637 911 697 domino
935 638 1018 696 bano
1042 636 1073 695 in
1097 636 1236 714 proxime
1260 635 1370 696 laturis
1394 634 1525 694 comitiis
1550 636 1671 714 Zagra-

395 753 467 812 biae
499 748 692 810 celebrandis
731 745 918 819 advenienti,
950 747 1059 805 volunt
1092 743 1285 818 unanimiter,
1318 752 1352 804 ut
1376 763 1413 803 ex
1445 743 1671 803 contributione

395 878 453 938 per
476 857 622 917 denarios
638 853 681 914 80
706 855 789 934 apud
813 853 978 934 egregium
994 852 1166 932 Georgium
1186 853 1387 929 Suaztouych
1403 851 1518 924 habita,
1533 860 1675 910 emantur

390 968 508 1044 aliquot
543 983 689 1042 capones,
724 981 853 1022 anseres
883 969 914 1020 et
945 961 1007 1020 duo
1043 961 1165 1035 arietes,
1198 961 1282 1038 quod
1313 959 1513 1020 honorarium
1544 957 1670 1018 domino

337 1127 342 1135 .
389 1075 474 1133 bano
497 1073 528 1130 in
552 1089 688 1148 persona
711 1069 805 1128 totius
833 1068 1065 1128 communitatis
1096 1068 1342 1146 praesentabunt
1365 1067 1487 1147 egregii
1511 1065 1671 1145 praefatus

390 1179 549 1260 Georgius
573 1178 774 1254 Suaztouych
798 1184 829 1236 et
853 1151 992 1236 Michael
1014 1175 1139 1235 Mixich.
1755 1153 1758 1160 Α

497 1305 580 1382 Quia
604 1303 863 1364 contributionem
890 1321 945 1380 per
978 1301 1125 1361 denarios
1156 1298 1199 1361 80
1229 1309 1260 1360 et
1291 1299 1437 1361 denarios
1472 1298 1516 1362 40
1551 1299 1671 1360 nobiles

391 1415 544 1475 Antonius
568 1411 754 1488 Vitkowych
777 1419 809 1470 et
831 1410 967 1470 Michael
991 1409 1198 1470 Ladomerich
1221 1409 1252 1467 in
1275 1408 1412 1469 medium
1436 1408 1667 1468 communitatis

389 1524 542 1582 hactenus
565 1539 629 1580 non
653 1518 916 1592 administrarunt,
937 1516 1126 1576 concludunt
1149 1491 1259 1576 omnes
1283 1515 1477 1590 unanimiter,
1503 1524 1537 1575 ut
1559 1534 1668 1575 neces·

391 1629 474 1690 saria
505 1629 546 1689 ad
576 1627 739 1687 castellum
770 1626 936 1685 Lukauecz
967 1642 1024 1703 pro
1048 1624 1108 1683 hoc
1132 1631 1272 1702 ternpore
1302 1631 1507 1701 praestarent,
1531 1629 1562 1682 et
1585 1622 1669 1682 dicta

390 1736 576 1796 contributio
600 1753 656 1814 pro
680 1735 791 1794 eodem
816 1733 923 1792 labore
948 1732 1068 1792 eisdem
1091 1731 1268 1809 imputetur.

498 1863 669 1921 Processus
700 1877 798 1938 penes
830 1859 973 1937 querelas
998 1858 1083 1917 iuxta
1106 1858 1234 1918 brevem
1258 1857 1483 1916 Posoniensem
1509 1857 1670 1917 articulum

390 1979 492 2031 motas
515 1969 619 2043 erecti,
643 1968 777 2046 primum
800 1967 832 2026 in
857 1967 965 2026 sedem
990 1965 1111 2026 comitis
1128 1966 1214 2025 iuxta
1231 1965 1391 2044 antiquam
1415 1966 1671 2026 observationem

390 2078 592 2157 appellentur,
621 2075 733 2135 exinde
764 2075 806 2134 ad
835 2074 944 2134 sedem
976 2072 1150 2148 comitatae,
1180 2074 1264 2132 unde
1296 2073 1442 2152 quicquid
1466 2093 1539 2151 pars
1564 2073 1669 2132 trium·

389 2186 490 2265 phans
514 2183 731 2262 exequendum
754 2181 968 2261 reportaverit,
992 2181 1024 2240 id
1047 2181 1191 2240 dominus
1210 2200 1316 2240 comes
1341 2182 1459 2259 absque
1483 2181 1568 2241 sedis
1591 2201 1668 2240 suae

391 2291 639 2372 congregatione
667 2291 869 2369 eiusdemque
893 2290 1054 2349 voluntate
1079 2297 1250 2367 exequatur
1282 2289 1422 2368 praefixo
1445 2287 1585 2367 partibus
1608 2298 1669 2348 ter-

389 2403 482 2462 mino.
512 2403 612 2461 Secus
643 2407 749 2459 tamen
780 2400 811 2458 in
842 2399 1042 2477 processibus
1072 2417 1169 2476 penes
1205 2398 1406 2457 evocationes
1433 2405 1463 2456 et
1488 2397 1669 2457 mandatum

389 2509 490 2584 motis,
516 2509 573 2567 erit
597 2507 830 2585 procedendum
854 2506 940 2565 iuxta
964 2505 1125 2584 antiquam
1148 2505 1414 2565 consuetudinem.

496 2635 580 2693 Inter
604 2633 774 2691 Martinum
800 2633 1016 2709 Berlekouyeh
1041 2639 1074 2691 et
1097 2631 1284 2712 Gregorium
1310 2632 1517 2706 Prerouchan,
1542 2633 1669 2690 colonos

390 2740 620 2801 communitatis
653 2739 684 2799 in
716 2739 857 2800 Lekenik
890 2746 1129 2811 commorantes,
1161 2739 1341 2799 conclusum
1365 2749 1421 2814 est,
1445 2747 1479 2799 ut
1502 2739 1588 2799 locus
1612 2757 1668 2817 pro

392 2849 587 2909 aedificanda
610 2850 703 2907 domo
727 2868 783 2926 per
805 2850 933 2928 lugaros
956 2847 1040 2907 dicto
1057 2847 1211 2927 Gregorio
1235 2848 1401 2925 deputatus
1425 2856 1456 2907 et
1479 2848 1666 2928 resignatus,

391 2975 454 3016 una
485 2975 555 3015 cum
587 2955 777 3033 extirpatura
807 2956 944 3034 quadam
976 2956 1015 3014 ad
1049 2955 1159 3034 iugera
1192 2954 1313 3013 circiter
1337 2956 1398 3014 duo
1422 2974 1457 3015 se
1481 2956 1668 3015 extendente

391 3084 446 3143 pro
471 3066 582 3124 eodem
606 3060 762 3143 Gregorio
786 3071 921 3136 maneat,
944 3082 1047 3141 neque
1072 3062 1172 3122 dictus
1197 3063 1413 3137 Berlekouyeh
1447 3082 1519 3122 eum
1543 3063 1668 3122 turbare

390 3181 584 3251 praesumat;
615 3181 756 3249 tempore
786 3179 892 3229 autem
914 3170 1130 3229 decimationis
1162 3166 1338 3248 porcorum*
1352 3171 1391 3230 de
1415 3170 1539 3249 reliquis
1570 3171 1667 3244 terris,

391 3280 534 3339 dominus
559 3298 664 3338 comes
688 3298 759 3338 cum
784 3278 852 3337 aliis
874 3278 1021 3337 fratribus
1045 3277 1300 3341 rectificationem
1322 3278 1425 3342 faciet.

497 3404 605 3464 loanni
628 3403 831 3479 Grabselych,
855 3412 1020 3482 postquam
1044 3402 1075 3462 in
1098 3403 1248 3464 turcicam
1270 3404 1482 3482 captivitatem
1506 3405 1665 3465 incidisset

390 3511 422 3570 in
445 3520 512 3571 toto
536 3513 654 3571 relaxat
677 3512 812 3570 florenos
835 3511 1056 3590 hungaricales
1085 3509 1132 3571 12.

501 3603 644 3696 [Nobillis
677 3618 827 3678 Nicolaus
863 3618 995 3698 Fungek
1018 3617 1131 3676 iuravit
1156 3619 1196 3677 ad
1219 3619 1423 3697 portariatum
1455 3620 1572 3679 castelli
1607 3620 1666 3679 Lu·

390 3726 517 3786 kauecz.

496 3852 544 3910 Ex
574 3853 780 3911 conventione
805 3871 861 3911 seu
885 3851 1023 3931 birsagio
1054 3850 1175 3930 providi
1198 3850 1322 3910 Ioannis
1347 3850 1539 3931 Gergurych‚
1564 3852 1665 3911 coloni

390 3960 511 4040 egregii
545 3961 669 4020 loannis
704 3961 915 4037 Mattachych,
950 3980 1045 4038 quem
1075 3966 1281 4037 perceperunt
1312 3960 1446 4018 Michael
1478 3960 1664 4037 Vitkowych

390 4075 422 4124 et
444 4068 632 4127 Benedictus
664 4067 852 4144 Odrechych
884 4070 936 4143 (ex
960 4086 1023 4145 quo
1047 4068 1253 4126 communitas
1277 4066 1342 4125 suis
1365 4066 1498 4144 propriis
1522 4068 1666 4145 expensis

390 4194 520 4234 causam
548 4184 715 4253 prosecuta
759 4179 818 4251 est)
845 4195 884 4234 ex
909 4175 1066 4254 perceptis
1084 4174 1210 4235 florenis
1234 4194 1347 4254 nempe
1383 4176 1422 4236 14
1453 4179 1666 4239 communitati

390 4282 591 4343 medietatem
614 4283 786 4356 refundent,
810 4284 870 4342 hoc
894 4292 942 4343 est
963 4284 1101 4342 florenos
1125 4290 1253 4360 septem.

495 4408 666 4467 Exactores
705 4408 885 4487 quarumvis
909 4407 1169 4468 contributionum
1177 4402 1201 4439 ¹⁰
1235 4409 1453 4485 communium,
1489 4430 1598 4471 omncs
1635 4422 1665 4473 et

389 4515 503 4595 singuli
535 4524 565 4575 et
597 4516 695 4576 vitrici
729 4516 931 4576 ecclesiarum
958 4515 1110 4575 rationem
1134 4516 1253 4576 dabunt
1280 4513 1327 4576 16,
1352 4518 1468 4578 mensis
1491 4522 1665 4597 praesentis

388 4622 419 4681 in
444 4623 538 4682 domo
561 4624 672 4683 nobilis
696 4624 837 4684 Thomae
861 4624 1036 4699 Therbych.

495 4731 662 4791 Rationum
681 4740 844 4791 exactores
876 4732 1031 4812 eliguntur
1049 4733 1169 4812 egregii
1193 4741 1225 4792 et
1247 4734 1367 4793 nobiles
1391 4735 1535 4795 dominus
1551 4756 1664 4799 'comes

388 4838 499 4897 Petrus
531 4839 663 4919 Vagich‚
687 4840 830 4899 dominus
855 4840 957 4899 Lucas
981 4849 1013 4900 et
1036 4839 1162 4899 Gabriel
1190 4839 1405 4917 Chernkoczy‚
1429 4843 1577 4919 notarius,
1602 4845 1663 4906 Ge·

389 4945 496 5023 orgius
528 4956 559 5005 et
588 4946 725 5007 Michael
755 4948 972 5027 Suaztowyclr‚
1004 4945 1146 5007 dominus
1172 4949 1347 5008 vicecomes
1371 4949 1525 5011 Antonius
1549 4952 1662 5013 Czuet·
