3934 5550
496 809 588 866 Anno
617 803 707 866 1783.
737 804 761 866 l.
786 804 980 884 septembris.
1004 805 1191 883 Zagrabiae.

495 1005 645 1085 Iosephus
671 1001 817 1079 Gallyuff,
833 1001 1000 1080 episcopus
1023 999 1256 1080 Zagrabiensis,
1273 1000 1488 1058 locumtenens
1504 997 1597 1057 oliicii
1613 997 1668 1056 ba·

389 1113 477 1186 nalis
502 1112 674 1192 Georgium
692 1108 872 1188 Pogledicb,
888 1108 1098 1168 consiliarium
1114 1107 1236 1186 regium
1261 1123 1298 1166 ac
1322 1105 1467 1165 comitem
1489 1113 1669 1164 terrestrem

389 1220 502 1298 Campi
519 1219 698 1297 Turopolya
722 1217 765 1292 (in
788 1215 1008 1290 Kurillovecz),
1032 1216 1072 1275 ad
1096 1215 1337 1274 installationem
1355 1213 1429 1273 novi
1451 1212 1524 1272 bani
1548 1211 1670 1272 comitis

389 1329 413 1387 F
414 1328 545 1388 rancisci
569 1325 770 1402 Eszterhazy,
794 1324 825 1382 in
849 1323 1097 1404 congregatione
1114 1321 1255 1402 generali
1270 1319 1448 1402 Zagrabiae
1464 1317 1517 1380 20.
1533 1319 1670 1379 octobris

389 1435 585 1508 celebranda,
610 1433 789 1494 solemniter
813 1431 1037 1512 peragendam,
1061 1429 1181 1490 invitat

494 1575 640 1647 Originale
652 1576 842 1640 chartaceum,
862 1591 878 1628 a
897 1581 979 1644 tergo
997 1572 1126 1641 appressi
1139 1571 1223 1642 sigilli
1235 1570 1397 1641 vestigium,
1408 1586 1466 1639 quo
1480 1569 1562 1624 litera
1575 1568 1671 1622 clausa

389 1673 456 1719 erat.
477 1667 507 1718 ln
527 1665 641 1718 archivo
660 1681 802 1718 commun.
822 1665 888 1720 nob.
908 1665 945 1716 dc
964 1661 1126 1730 Turopolje.

494 1773 549 1826 NB.
577 1771 665 1825 Obitu
694 1771 760 1825 bani
788 1771 931 1825 Francisci
951 1771 989 1824 de
1007 1769 1130 1834 Nadasd,
1150 1774 1179 1821 et
1198 1769 1379 1822 renuntiante
1400 1768 1509 1821 honore
1533 1766 1670 1820 locumte-

388 1862 482 1914 nentis
502 1861 610 1914 banalis
629 1860 713 1914 officii
733 1861 838 1914 comite
857 1861 1010 1913 Francisco
1028 1858 1189 1928 Saecsenyi,
1208 1873 1326 1927 regnum
1345 1857 1439 1925 capite
1458 1873 1511 1910 suo
1530 1857 1670 1920 orbatum,

389 1969 440 2004 rex
458 1952 699 2005 locumtenentem
725 1950 834 2003 banalis
852 1950 939 2003 olficii
964 1948 1158 2016 supradictum
1178 1946 1354 2014 episcopum,
1380 1945 1584 1999 installatorem
1604 1944 1670 1996 novi

389 2041 455 2094 bani
474 2040 642 2110 designavit.
1376 2051 1380 2054 ·

498 2561 590 2620 Anno
619 2555 711 2621 1796.
736 2555 786 2620 29.
811 2559 942 2618 ianuarii
966 2577 1066 2637 usque
1091 2554 1142 2619 26.
1166 2555 1320 2618 lebruarii.

505 2768 725 2853 conscriptio
747 2766 987 2852 aedificiorum
1012 2767 1217 2853 campestris
1235 2772 1418 2853 processio
1443 2764 1567 2851 Compi

902 2874 1167 2961 Turopoliensis.

496 3074 684 3153 lnlrascripti
707 3075 816 3154 vigore
840 3073 1052 3151 praesentium
1077 3073 1170 3132 lidem
1194 3072 1333 3146 iacimus,
1358 3080 1389 3132 et
1409 3072 1664 3151 recognoscimus

390 3184 521 3263 qualiter
540 3202 621 3243 anno
637 3183 731 3241 modo
758 3190 900 3240 currente
922 3176 1023 3254 1796,
1040 3179 1090 3239 die
1111 3199 1186 3239 vero
1205 3177 1256 3241 29.
1278 3179 1527 3258 etsequentibus
1551 3180 1668 3240 mensis

390 3292 521 3353 ianuarii
545 3300 639 3370 atque
662 3289 808 3351 februarii
834 3289 862 3348 in
879 3288 1079 3367 possessione
1095 3288 1214 3362 Kuche,
1227 3288 1337 3368 vigore
1354 3288 1472 3347 articuli
1490 3284 1541 3350 37.
1558 3306 1596 3348 ex
1613 3308 1669 3369 ge-

394 3400 490 3459 nerali
508 3398 632 3458 inclitae
650 3396 859 3456 universitatis
876 3396 1023 3456 nobilium
1040 3396 1153 3474 Campi
1170 3395 1340 3473 Turopolia
1355 3414 1412 3473 pro
1427 3394 1480 3455 27.
1498 3396 1669 3473 praeatacti

391 3506 511 3565 mensis
534 3504 667 3565 ianuarii
691 3524 718 3567 a.
743 3524 767 3563 c.
792 3504 949 3564 celebrata
974 3504 1221 3584 congregatione
1245 3504 1360 3581 scripto
1377 3503 1539 3577 extradati,
1558 3504 1669 3564 intuitu

393 3613 635 3673 revidendorum
660 3620 842 3671 cunctorum
866 3611 896 3669 in
921 3610 1043 3690 gremio
1066 3610 1180 3690 Campi
1204 3611 1438 3689 Turopoliensis
1470 3610 1667 3671 existentium

390 3719 603 3779 aedificiorum
638 3716 862 3777 instituerimus
886 3717 1146 3795 conscriptionem
1170 3718 1279 3777 ordine
1302 3718 1444 3797 sequenti
1469 3727 1500 3777 et
1524 3717 1668 3797 quidem:

501 3823 526 3884 l.
549 3824 642 3901 Apud
666 3822 800 3882 nobilem
824 3824 955 3882 Paulum
971 3822 1131 3883 Szerblicb
1146 3824 1364 3885 adinvenimus
1379 3824 1506 3885 domum
1524 3824 1663 3887 eiusdem

391 3932 511 3990 duobus
535 3930 683 3990 cubiculis
707 3930 879 3988 commodis
902 3929 1061 4007 provisam
1086 3938 1116 3989 et
1140 3948 1231 3990 secus
1258 3950 1315 4009 pro
1339 3950 1422 3989 nuuc
1452 3938 1502 3990 sat
1531 3949 1667 3991 commo-

389 4036 461 4095 dam
486 4055 593 4095 verum
618 4044 690 4114 post
714 4036 829 4115 aliquot
853 4056 952 4096 annos
975 4036 1103 4096 basibus
1127 4036 1277 4115 indigere.

495 4144 571 4203 ltem
595 4143 740 4203 horreum
764 4162 819 4221 per
843 4144 1028 4203 divisionem
1059 4143 1250 4203 destructum
1279 4143 1402 4221 penitus
1434 4152 1465 4204 et
1494 4163 1556 4203 uon
1580 4144 1666 4204 adin·

392 4259 518 4309 ventum
544 4251 739 4311 solummodo
762 4258 872 4329 quarta
898 4270 970 4328 pars
995 4251 1150 4324 roborum,
1183 4250 1325 4329 adeoque
1357 4252 1586 4327 necessitatem,
1610 4270 1667 4329 pro

389 4358 529 4435 praefato
546 4358 657 4417 horreo
681 4359 739 4417 sibi
763 4359 960 4433 exstruendo,
985 4367 1015 4420 et
1039 4358 1174 4417 maxime
1198 4359 1386 4434 necessariO,
1402 4360 1496 4418 dandi
1518 4359 1664 4418 arborum

388 4466 627 4544 quaercinarum
652 4466 877 4526 adinvenimus

494 4576 569 4635 ltem
594 4576 687 4634 baras
719 4576 814 4634 habet
836 4594 893 4653 pro
917 4594 999 4634 nunc
1031 4575 1107 4633 satis
1138 4574 1238 4633 bonas
1256 4576 1300 4633 ‘et
1331 4592 1422 4633 secus
1446 4592 1484 4633 ex
1518 4574 1668 4634 aediliciis

388 4682 462 4741 nihil
487 4683 564 4761 plue.

494 4788 523 4854 2.
548 4788 640 4867 Apud
665 4789 823 4850 Andream
856 4790 1015 4849 Szerbliclr
1049 4790 1176 4848 domum
1201 4798 1232 4848 et
1255 4790 1400 4848 borreum
1426 4788 1456 4847 in
1480 4790 1563 4848 bono
1586 4798 1667 4847 statu

389 4896 614 4969 adinvenimus,
640 4897 832 4973 barasvero
855 4897 965 4958 nullas.
