3934 5550
1499 460 1564 523 417

280 674 354 735 lium
379 675 523 754 antiquas
556 674 622 734 sine
656 674 843 752 pavimentis
867 673 1063 734 inferioribus
1087 674 1261 735 mediocres
1285 676 1326 736 ad
1350 674 1370 736 3
1393 679 1565 756 clausuras,

281 782 423 843 harulam
446 782 604 843 maialium
630 781 789 861 antiquam
814 800 930 861 magna
956 782 1153 860 reparatione
1177 781 1378 863 indigentem,
1403 804 1563 846 cameram

280 890 425 950 frumenti
458 891 498 951 ad
530 909 625 950 unam
649 891 826 950 clausuram
851 890 982 964 bonam;
1015 890 1088 949 item
1113 890 1206 949 aliam
1232 891 1392 970 antiquam
1415 902 1487 970 post
1510 893 1562 953 ali·

280 1004 356 1077 quot
379 1017 478 1058 annos
502 997 629 1058 basibus
654 1008 810 1077 egentem,
835 997 970 1057 culinam
994 1016 1066 1057 cum
1086 997 1213 1058 iomace
1230 998 1368 1077 pistorea
1384 1009 1563 1079 reparatam

281 1106 383 1181 mod0,
407 1106 457 1165 cui
481 1113 546 1165 tota
570 1106 711 1184 superior
735 1107 825 1165 deest
847 1124 929 1184 pars,
953 1113 1066 1184 puteus
1090 1105 1166 1165 nihil
1189 1107 1280 1167 valet

392 1212 437 1279 18.
463 1215 582 1275 Nobilis
607 1214 764 1291 Georgius
781 1214 944 1273 Arbanasz
961 1214 1058 1273 habet
1073 1214 1201 1273 domurn
1218 1214 1379 1293 antiquam
1396 1214 1462 1275 sine
1479 1216 1562 1276 bono

279 1330 361 1383 tecto
377 1322 408 1381 in
426 1322 552 1395 ambitu,
569 1340 650 1401 quae
665 1322 777 1381 domus
800 1321 996 1399 reparatione
1011 1320 1139 1401 indiget,
1163 1305 1344 1382 horreolum
1357 1341 1489 1400 parvum
1504 1323 1561 1383 bo-

279 1451 362 1504 nurn,
375 1432 500 1491 domum
513 1429 653 1490 fabrilem
668 1450 705 1489 ex
717 1430 850 1507 antiquis
861 1428 1025 1489 roboribus
1036 1431 1211 1489 conlectam
1222 1434 1289 1489 sine
1300 1438 1383 1489 tecto
1396 1430 1561 1501 asserice0,

280 1539 439 1598 fornacem
472 1538 640 1616 pistoream
669 1537 736 1597 sine
768 1538 850 1597 bono
883 1546 965 1597 tecto
990 1538 1156 1612 assericeo,
1180 1545 1293 1615 puteus
1316 1537 1482 1597 mediocris
1505 1548 1562 1598 est.

391 1636 437 1707 19.
484 1646 603 1705 Nobilis
632 1646 810 1723 Stephanus
845 1646 1007 1724 Sipussich
1030 1645 1126 1704 habet
1153 1646 1280 1704 domum
1309 1646 1478 1724 antiquam,
1506 1666 1562 1724 pro

278 1773 361 1813 nova
394 1756 455 1813 iarn
490 1753 637 1833 aquisivit
668 1752 924 1833 assignationem,
956 1761 988 1811 et
1019 1753 1134 1813 robora
1163 1753 1283 1812 curavit
1315 1753 1488 1827 ellaborari,
1522 1773 1561 1813 ex

278 1862 406 1939 antiqua
430 1868 534 1919 autem
558 1861 652 1919 domo
676 1860 742 1919 uult
769 1860 827 1919 sibi
852 1860 933 1919 aliud
968 1860 1145 1919 aedificium
1169 1860 1314 1919 nimirum
1338 1860 1483 1919 horreum
1507 1878 1559 1919 ex·

276 1976 405 2028 struere.
449 1968 604 2027 Horreum
640 1964 801 2045 antiquum
833 1967 900 2027 sine
932 1968 1016 2027 bona
1045 1975 1137 2047 porta
1168 1966 1199 2026 in
1230 1967 1313 2026 bono
1341 1976 1433 2042 statu,
1466 1969 1560 2027 haras

278 2075 457 2135 animalium
490 2075 529 2134 ad
555 2071 575 2133 3
608 2074 769 2134 clausuras
793 2075 893 2135 bonas
917 2093 1026 2149 novas,
1050 2075 1081 2134 in
1105 2094 1169 2134 una
1192 2075 1337 2135 clausura
1361 2075 1451 2134 deest
1473 2074 1560 2154 pavi·

278 2190 425 2256 mentum,
461 2184 555 2242 haras
591 2181 749 2241 maialium
781 2182 935 2261 antiquas
969 2182 999 2241 in
1031 2182 1144 2261 quibus
1169 2202 1232 2241 una
1264 2182 1370 2261 paries
1397 2190 1446 2242 est
1478 2182 1562 2243 bona

277 2290 357 2350 aliae
393 2290 468 2349 nihil
492 2290 605 2363 valent,
630 2308 788 2349 cameram
813 2290 853 2349 ad
877 2309 972 2349 unam
996 2290 1174 2349 clausuram
1198 2289 1266 2348 sine
1290 2289 1442 2368 superiori
1474 2290 1560 2369 pavi·

277 2408 384 2459 mento
408 2416 539 2473 novam3
564 2398 637 2459 item
662 2417 820 2458 cameram
845 2398 884 2458 ad
909 2418 1004 2458 unam
1024 2399 1202 2458 clausuram
1227 2397 1396 2476 antiquam,
1420 2406 1451 2457 et
1468 2398 1561 2459 aliam

276 2508 391 2568 bonam
407 2507 527 2567 ittidem
543 2508 582 2566 ad
601 2526 695 2565 unam
712 2507 897 2580 clausuram,
922 2506 1036 2566 ambae
1052 2512 1124 2566 sunt
1147 2505 1178 2565 in
1202 2505 1285 2566 bono
1301 2513 1401 2579 statu;
1425 2506 1561 2567 culinam

276 2634 347 2674 cum
378 2614 505 2675 lomace
538 2616 661 2692 bonam,
693 2622 805 2692 puteus
838 2614 939 2674 bonus
973 2622 1037 2688 est;
1068 2614 1151 2674 idem
1182 2614 1344 2692 Sipussich
1376 2622 1485 2673 mutuo
1509 2633 1561 2675 ac·

275 2724 357 2803 cepit
378 2742 399 2784 a
423 2723 518 2784 nobili
541 2724 656 2783 Ioanne
673 2724 762 2801 Bapt.
780 2722 937 2803 Plepelich
954 2723 1067 2783 robora
1083 2723 1145 2783 iarn
1170 2721 1343 2782 ellaborata
1360 2722 1426 2783 Nro
1447 2721 1480 2785 ll
1501 2742 1559 2803 pro

275 2851 333 2891 sua
350 2851 433 2892 nova
449 2831 560 2906 culina,
574 2840 604 2892 et
617 2849 741 2891 asseres
757 2829 822 2894 200
836 2851 854 2890 a
866 2832 993 2892 domino
1006 2831 1161 2890 Michaele
1174 2831 1373 2890 Hervacbich
1387 2849 1558 2905 assessore,

276 2957 356 3016 quae
382 2939 486 2998 omnia
510 2939 683 3017 praemissa
708 2939 871 2998 restituere
894 2945 1037 3012 tenetur,
1061 2937 1285 2998 columbarium
1318 2938 1413 2998 habet
1439 2937 1558 2998 bonum

382 3043 433 3106 20.
457 3045 577 3105 Nobilis
610 3047 766 3126 Georgius
797 3045 968 3124 Sipussich,
999 3046 1100 3120 iudex,
1132 3046 1227 3105 habet
1251 3046 1378 3105 domum
1401 3062 1558 3108 unacum

276 3152 393 3212 ambitu
416 3152 447 3211 in
471 3153 553 3212 bono
577 3161 669 3224 statu,
693 3154 806 3213 horrea
829 3155 891 3213 duo
917 3154 1045 3233 antiqua
1069 3155 1137 3213 sine
1161 3153 1251 3212 bonis
1267 3153 1373 3232 portis,
1390 3173 1428 3213 ex
1445 3152 1557 3232 quibus

274 3279 369 3318 unum
395 3258 523 3320 basibus
547 3260 675 3340 indiget,
701 3280 859 3321 cameram
883 3261 1030 3320 frumenti
1047 3261 1197 3320 adunam
1219 3261 1396 3320 clausuram
1420 3260 1556 3320 inbono

273 3374 372 3440 statu;
397 3366 471 3426 item
495 3366 588 3428 aliam
612 3387 770 3428 cameram
791 3367 937 3427 frumenti
961 3369 1003 3427 ad
1026 3370 1105 3427 duas
1121 3369 1282 3428 clausuras
1299 3367 1404 3427 statim
1428 3368 1556 3428 basibus

271 3474 502 3547 necessariam3
537 3475 611 3534 item
635 3476 729 3535 haras
760 3474 961 3554 biangulares
986 3474 1175 3550 animalium,
1199 3493 1237 3534 ex
1261 3474 1372 3554 quibus
1396 3495 1459 3535 una
1482 3495 1555 3554 pars

272 3591 320 3640 est
342 3600 426 3641 nova
457 3583 497 3642 ad
521 3583 599 3642 duas
631 3583 799 3654 clausuras
825 3590 856 3642 et
880 3583 941 3642 alia
964 3581 1101 3661 antiqua,
1129 3600 1220 3642 secus
1243 3582 1276 3641 in
1298 3582 1382 3641 bono
1406 3590 1489 3642 statu
1513 3583 1553 3643 ad

272 3689 350 3748 duas
368 3689 539 3766 clausuras,
553 3689 584 3749 in
601 3689 701 3750 tribus
718 3689 869 3750 clausuris
886 3689 1099 3768 pavimentum
1113 3690 1218 3762 deest,
1241 3689 1316 3748 item
1333 3690 1474 3750 harulam
1489 3710 1553 3750 ma·

270 3795 377 3856 ialium
401 3796 442 3856 ad
465 3814 561 3856 unam
585 3797 761 3858 clausuram
785 3797 983 3875 reparatione
1008 3797 1217 3877 indigentem
1242 3795 1315 3856 item
1332 3796 1473 3857 harulam
1498 3818 1554 3876 pro

269 3905 432 3966 anseribus
466 3905 627 3984 antiquam
659 3891 857 3980 mediocrem,
890 3905 1025 3965 culinam
1050 3906 1209 3984 antiquam
1234 3924 1305 3964 curn
1331 3905 1458 3966 fornace
1481 3924 1552 3984 per-

269 4013 374 4090 pluum
398 4021 515 4073 tectum
538 4013 715 4086 habentem,
740 4033 821 4091 quae
845 4014 947 4072 culina
971 4019 1036 4072 tam
1060 4012 1279 4091 superioribus,
1304 4031 1398 4090 quam
1423 4021 1453 4072 et
1476 4013 1551 4073 infe·

196 4199 199 4205 Ι
269 4118 400 4178 rioribus
431 4120 560 4179 basibus
592 4118 682 4180 novis
713 4129 805 4200 prout
828 4128 860 4180 et
882 4119 977 4199 tignis
1001 4119 1130 4199 indiget,
1155 4120 1312 4179 assericeo
1337 4128 1445 4179 autem
1469 4128 1552 4180 tecto

268 4244 306 4284 ex
330 4226 461 4306 integro,
493 4246 550 4304 pro
583 4247 644 4306 quo
676 4227 738 4286 iarn
767 4234 849 4286 tecto
874 4225 968 4286 habet
991 4243 1115 4286 asseres
1139 4235 1266 4304 paratos
1291 4223 1365 4300 500,
1390 4227 1550 4287 columba·

270 4333 349 4393 rium
374 4334 499 4408 bonum,
523 4343 634 4412 puteus
659 4335 760 4395 bonus
784 4343 833 4396 est
856 4335 922 4394 sine
947 4334 1029 4394 bona
1050 4335 1207 4404 columna.

375 4441 470 4521 Nagy
494 4441 639 4518 Goricza,
664 4441 714 4501 die
739 4439 790 4504 26.
814 4441 962 4501 lebruarii
991 4439 1083 4502 1796.

888 4566 1025 4627 Michael
1049 4567 1256 4640 Hervacbich,

641 4675 851 4736 universitatis
882 4674 1033 4735 nobilium
1067 4674 1181 4753 Campi
1204 4675 1372 4753 Turopolia
1396 4675 1504 4734 honor.

846 4796 988 4892 ajsessor
1012 4790 1044 4842 et
1067 4783 1220 4842 exmissus
1249 4802 1289 4841 m.
1313 4802 1342 4860 p.

905 4889 1039 4949 Ioannes
1063 4889 1222 4965 Norssicb,

640 4997 781 5057 eiusdem
798 4997 1010 5057 universitatis
1033 4999 1153 5056 iuratus
1177 4997 1390 5056 viceassessor
1411 5016 1451 5056 m.
1474 5017 1502 5075 p.

1440 5099 1474 5152 27
