3934 5550
421 443 485 533 590

525 686 572 744 Ex
597 703 635 744 eo
659 685 751 743 vellet
785 684 939 744 antelatus
966 682 1081 742 fiscalis
1106 689 1135 741 et
1161 669 1256 753 actor,
1280 679 1389 759 vigore
1415 679 1613 739 articulorum
1638 677 1697 734 Po-

423 793 613 854 soniensium
646 789 751 850 brevis
781 809 948 870 processus
971 809 1065 870 super
1090 787 1243 848 eiusmodi
1267 787 1386 846 actibus
1410 785 1613 859 conditorum,
1636 802 1701 844 me·

426 908 580 962 moratam
597 899 627 959 in
645 917 773 958 causam
799 905 964 958 attractam
988 893 1019 958 in
1044 895 1091 955 ius
1116 903 1146 954 et
1171 912 1299 953 causam
1315 889 1491 966 convenire,
1508 892 1702 969 eandemque

422 1006 518 1067 veluti
549 1007 643 1066 modo
675 1004 804 1094 praevio
836 1023 948 1084 sagam
982 1003 1023 1063 ad
1054 1001 1240 1062 revelandos
1278 1000 1445 1079 complices
1470 1007 1501 1059 et
1524 998 1702 1078 detegenda

422 1115 577 1175 scelerata
600 1132 658 1172 sua
673 1111 757 1172 facta
781 1112 881 1192 primo
897 1119 1034 1170 torturae
1060 1109 1179 1183 subiici,
1204 1117 1313 1186 expost
1328 1125 1404 1167 vero
1421 1107 1461 1166 ad
1476 1105 1621 1166 horribile
1647 1105 1699 1164 ali·

424 1243 514 1284 orum
537 1221 714 1300 exemplum
739 1238 816 1300 rogo
840 1218 946 1279 vivam
970 1217 1241 1290 concremandam,
1260 1217 1308 1276 vel
1324 1224 1415 1294 prout
1432 1215 1489 1274 iuri
1513 1222 1544 1274 et
1567 1211 1701 1272 iustitiae

420 1331 521 1390 visum
545 1329 638 1388 fuerit
660 1329 751 1388 morti
777 1326 957 1388 adiudicari.
996 1326 1110 1384 Datum
1144 1323 1219 1384 Also
1244 1325 1419 1396 Lukavecz,
1443 1322 1492 1382 die
1518 1303 1559 1380 ς12
1585 1319 1700 1380 mensis

422 1437 554 1498 ianuarii
579 1455 662 1496 anno
685 1435 802 1495 domini
831 1431 923 1493 1734.

925 1559 1011 1618 ldem
1035 1557 1184 1617 Matthias
1208 1556 1334 1632 Mixich,
1358 1556 1541 1616 substitutus
1566 1575 1605 1617 m.
1629 1575 1657 1632 p.

530 1725 577 1783 In
607 1724 762 1782 dorso:
792 1755 827 1763 -
854 1721 888 1781 B.
914 1755 953 1763 -
979 1718 1142 1799 Originale
1167 1717 1298 1779 actionis
1321 1715 1509 1795 introscripti
1533 1715 1648 1776 fiscalis
1672 1723 1702 1773 et

423 1831 536 1892 actoris
560 1840 668 1890 contra
692 1837 723 1888 et
747 1827 898 1887 adversus
923 1827 1160 1906 Margaretham
1185 1826 1277 1885 Milos
1303 1825 1391 1885 aliter
1416 1819 1593 1901 Kyszeliak,
1609 1821 1699 1902 agilis

423 1938 585 1999 Michaelis
617 1935 748 1996 senioris
781 1936 879 1994 Sussa
903 1934 1125 2008 conthoralem,
1150 1934 1243 1992 veluti
1269 1925 1365 1992 modo'
1387 1931 1567 2009 introscipto
1591 1947 1701 2008 sagam

424 2058 455 2108 et
478 2047 508 2106 in
532 2063 661 2105 causam
685 2051 857 2103 attractam.
885 2041 1050 2101 Terminus
1075 2043 1106 2100 in
1130 2043 1258 2100 castello
1280 2042 1447 2102 Lukavecz
1464 2042 1624 2120 praefixus
1649 2057 1703 2116 pro

424 2155 474 2215 die
499 2151 551 2216 26.
575 2152 669 2212 modo
692 2149 845 2209 currentis
868 2149 985 2208 mensis
1009 2148 1140 2208 ianuarii
1165 2148 1237 2208 anni
1266 2147 1357 2209 1734.

996 2324 1012 2358 *
1120 2323 1136 2359 t

1058 2369 1074 2405 t

532 2513 624 2572 Actio
648 2510 794 2591 generosi
823 2509 975 2569 Matthiae
1008 2509 1145 2582 Mudich,‘
1169 2528 1232 2587 qua
1254 2509 1377 2569 inclitae
1402 2508 1569 2570 nobilitatis
1593 2510 1704 2588 Campi

426 2611 595 2698 Turopolia
618 2619 733 2678 fiscalis
758 2625 788 2677 et
813 2617 935 2690 actoris
952 2625 1061 2676 contra
1088 2626 1118 2676 et
1143 2618 1295 2676 adversus
1310 2617 1546 2696 Margaretham
1564 2618 1704 2690 Wclrich,

427 2727 556 2810 Georgii
579 2727 718 2787 Skuorcz
744 2725 965 2796 conthoralem,
990 2723 1085 2783 veluti
1114 2723 1294 2784 modalitate
1319 2723 1516 2803 infrascripta
1539 2743 1651 2805 sagam
1675 2733 1706 2784 et

427 2839 458 2897 in
482 2855 610 2897 causam
645 2842 819 2907 attractam,
844 2851 950 2892 coram
974 2851 1025 2891 me
1057 2832 1190 2891 Matthia
1222 2832 1347 2907 Mixich,
1373 2834 1528 2893 antelatae
1552 2833 1703 2892 universi·
1734 2902 1738 2909 4

427 2944 500 3005 tatis
531 2942 680 3002 nobilium
712 2940 825 3018 Campi
858 2938 1029 3017 Turopolia
1061 2938 1227 2999 substituto
1252 2940 1364 2999 comite
1399 2940 1537 2999 terrestri
1561 2950 1592 2999 et
1615 2938 1705 2999 simul

428 3054 601 3132 capitaneo,
625 3050 819 3128 caeterisque
844 3048 918 3107 iuris
936 3047 1148 3107 assessoribus
1173 3056 1203 3107 et
1227 3047 1301 3108 iuris
1319 3049 1425 3127 peritis
1442 3050 1525 3127 viriS,
1542 3050 1706 3111 occasione

429 3165 460 3220 et
481 3166 645 3238 praetextu
673 3157 868 3215 diversorum
892 3163 1018 3213 actuum
1044 3154 1237 3234 magicorum
1255 3174 1310 3233 per
1327 3157 1458 3216 eandem
1482 3174 1558 3217 vero
1582 3156 1612 3216 in
1636 3175 1708 3216 cau·

429 3287 497 3327 sam
533 3272 697 3325 attractam
727 3270 974 3341 perpetratorum
1006 3270 1037 3321 et
1069 3262 1147 3322 infra
1179 3262 1304 3322 uberius
1335 3265 1599 3341 exponendorum,
1615 3270 1707 3323 'mota

430 3382 461 3434 et
486 3381 599 3432 erecta.

538 3496 680 3573 Qualiter
703 3494 847 3553 nimirum
872 3489 963 3552 annis
987 3500 1018 3552 et
1042 3494 1233 3571 temporibus
1257 3495 1370 3556 abhinc
1394 3497 1565 3575 retroactis,
1598 3497 1708 3556 eadem

432 3607 462 3666 in
486 3622 614 3664 causam
639 3609 772 3662 attracta
804 3599 940 3659 nescitur
965 3618 1027 3678 quo
1051 3600 1204 3661 diabolico
1235 3602 1447 3662 circumventa
1471 3603 1579 3682 spiritu
1602 3604 1709 3662 simul-

429 3731 490 3791 que
524 3728 684 3790 persvasa,
720 3707 968 3767 abrenuntiando
1004 3707 1127 3784 ipsimet
1162 3709 1378 3770 sanctissimae
1414 3710 1567 3786 Trinitati‚
1603 3711 1707 3790 sicque

429 3820 574 3880 univero
591 3826 622 3877 et
638 3816 827 3895 sempiterno
844 3816 903 3875 deo
917 3834 973 3875 suo
988 3814 1120 3875 iuratam
1138 3817 1279 3895 perprius
1294 3817 1389 3877 fidem
1405 3836 1495 3877 suam
1512 3819 1708 3898 abnegand0,

430 3937 461 3988 et
483 3924 625 3986 infernali
648 3922 817 3984 vexillifero
841 3923 964 3982 diabolo
989 3931 1099 4000 sponte
1125 3923 1312 3995 adherendo,
1338 3944 1374 3983 ac
1398 3924 1443 3984 ita
1467 3944 1486 3984 a
1510 3924 1708 4005 dogmatibus

431 4034 481 4094 dei
504 4042 535 4093 et
559 4032 710 4091 ecclesiae
736 4030 877 4091 eiusdem
892 4030 1077 4106 recedend0,
1095 4030 1193 4109 primo
1211 4031 1344 4111 sigillum
1362 4032 1476 4091 diaboli
1500 4034 1530 4093 in
1555 4042 1707 4094 contesta-

430 4142 547 4200 tionem
578 4138 626 4198 sui
657 4137 853 4215 mancipatus
877 4136 936 4196 sibi
959 4136 1094 4215 imprimi
1126 4138 1311 4212 admisisset,
1340 4140 1519 4219 cohortique
1544 4160 1708 4221 magorum

431 4258 462 4308 et
493 4265 642 4327 sagarum
674 4244 908 4323 earundemque
938 4244 1098 4304 sceleratis
1138 4254 1169 4305 et
1206 4246 1262 4304 toti
1295 4245 1522 4327 Christianitati
1557 4267 1709 4328 perquam

431 4354 549 4415 nocivis
580 4351 812 4432 operationibus
845 4352 1028 4427 adhesisset,
1070 4361 1101 4412 et
1134 4354 1173 4413 ad
1204 4355 1331 4415 easdem
1364 4366 1552 4433 cooperante
1583 4356 1708 4416 diabolo

432 4471 542 4542 sponte
566 4460 688 4520 vicibus
711 4459 762 4518 vix
787 4458 997 4537 exprimendis
1016 4460 1232 4535 concurrisset,
1256 4461 1420 4541 taliterque
1438 4462 1637 4523 manifestam
1660 4482 1708 4524 sa-

432 4588 507 4650 gam
530 4576 630 4627 semet
654 4566 779 4626 efficere
803 4584 866 4625 non
889 4566 1097 4644 formidasset,
1118 4586 1219 4646 neque
1243 4586 1377 4645 poenam
1402 4570 1433 4629 in
1456 4571 1597 4649 generali
1619 4572 1710 4651 regni

432 4680 558 4739 decreto
593 4676 710 4755 passim
741 4675 813 4734 hinc
846 4674 917 4733 inde
941 4675 1094 4735 sancitam
1127 4693 1221 4755 super
1255 4675 1412 4736 talismodi
1436 4677 1562 4737 nefariis
1589 4678 1709 4738 actibus

433 4784 564 4865 magicis
588 4784 746 4843 incurrere
770 4780 950 4843 horruisset.

539 4891 586 4950 Ex
610 4911 648 4950 eo
673 4890 765 4949 vellet
797 4891 951 4949 antelatus
980 4890 1095 4950 fiscalis
1120 4898 1150 4949 et
1174 4899 1269 4966 actor,
1293 4893 1402 4973 vigore
1427 4892 1625 4954 articulorum
1650 4894 1708 4953 Po-

435 4998 626 5058 soniensium
650 4998 754 5057 brevis
778 5016 945 5075 processus
970 5017 1064 5075 super
1088 4998 1241 5057 eiusmodi
1266 5000 1386 5059 actibus
1410 5002 1613 5075 conditorum,
1644 5020 1708 5061 me·
