3934 5550
436 384 501 446 542

435 599 586 679 suffragio
611 619 666 677 per
691 600 824 658 eandem
841 599 1094 658 communitatem
1119 599 1150 656 in
1175 597 1284 657 iisdem
1309 597 1419 657 officiis
1436 598 1560 658 relictus
1584 607 1615 658 et
1639 618 1711 658 con-

434 707 574 766 firmatus
609 717 665 783 est,
704 725 786 785 quae
817 707 899 765 idem
932 705 1077 765 dominus
1109 724 1215 765 comes
1246 715 1277 764 et
1308 705 1456 780 notarius,
1490 706 1530 766 ad
1564 705 1713 766 interces-

433 814 552 875 sionem
583 815 754 874 eorundem
785 813 934 873 nobilium
957 815 1018 872 hac
1042 813 1099 872 sub
1131 813 1307 872 conditione
1339 813 1522 892 acceptavit,
1552 821 1586 872 ut
1618 814 1710 874 iidem

433 922 552 981 nobiles
584 941 654 980 curn
687 921 823 981 antelato
854 921 980 980 domino
1013 922 1124 980 comite
1149 928 1181 980 et
1203 921 1325 980 notario
1349 921 1380 980 in
1404 921 1539 1001 negotiis
1575 940 1713 982 commu-

432 1031 523 1090 nibus
558 1049 595 1089 ac
627 1029 695 1088 aliis
726 1029 887 1108 quibusvis
918 1029 1009 1088 licitis
1034 1039 1064 1088 et
1087 1029 1226 1088 honestis
1251 1029 1438 1088 unanimiter
1462 1036 1493 1088 et
1517 1029 1713 1089 concorditer

431 1145 539 1196 contra
575 1137 703 1215 quosvis
739 1137 930 1214 impetitores
966 1146 1073 1196 tenere
1098 1155 1135 1195 ac
1159 1155 1317 1214 opponere
1353 1137 1489 1196 debeant
1513 1146 1545 1196 et
1568 1137 1629 1196 sint
1657 1137 1711 1196 ad·

430 1244 537 1320 stricti,
568 1244 669 1323 prouti
698 1262 768 1304 sese
798 1263 907 1304 omnes
932 1243 1136 1321 praestituros
1161 1251 1191 1303 et
1215 1254 1401 1304 executuros
1426 1245 1656 1304 adstrinxerunt
1680 1252 1711 1303 et

430 1353 718 1430 compromiserunt.

533 1478 690 1558 Egregius
715 1497 839 1556 quoque
855 1477 1013 1557 Georgius
1030 1479 1256 1553 Peruonosecz,
1282 1477 1458 1538 vicecomes
1483 1477 1622 1536 similiter
1645 1486 1705 1536 ter-

432 1587 548 1661 restris,
580 1593 650 1664 post
682 1596 844 1664 acceptam
877 1589 1039 1646 solennem
1072 1587 1111 1645 ab
1137 1587 1248 1646 eodem
1280 1585 1384 1646 otficio
1416 1585 1655 1645 valedictionem
1679 1585 1710 1643 in

430 1697 541 1754 eodem
565 1694 668 1754 officio
692 1713 749 1772 per
775 1694 890 1754 dictam
915 1693 1171 1754 communitatem
1196 1695 1397 1754 confirmatus
1422 1701 1477 1754 est.

534 1820 568 1879 ln
594 1821 695 1879 locum
719 1819 843 1899 egregii
865 1820 991 1879 Ioannis
1019 1820 1261 1897 Zenkouachky,
1295 1830 1461 1900 postquam
1493 1819 1596 1878 officio
1623 1818 1706 1897 capi·

429 1936 574 1988 taneatus
603 1927 815 2000 valedixisset,
844 1926 993 2007 egregius
1025 1927 1182 2007 Georgius
1206 1927 1353 1987 Arbanaz
1384 1928 1534 1987 suffectus
1568 1934 1624 1998 est,
1655 1925 1708 2005 qui

428 2045 459 2094 et
482 2036 610 2095 solenne
635 2036 675 2095 ad
699 2035 782 2095 idem
806 2035 942 2094 osticium
964 2035 1118 2113 praestitit
1142 2035 1359 2097 iuramentum.

531 2163 648 2220 Paulus
663 2151 883 2239 Ztepanich‘et
899 2161 1036 2220 Michael
1053 2161 1251 2221 Laczkouich
1266 2160 1415 2239 praefecti
1439 2161 1547 2238 sylvae
1564 2178 1702 2219 commu·

427 2269 532 2330 uitatis
556 2270 676 2330 Bunzki
694 2271 764 2346 Lug
787 2277 929 2344 vocatae,
953 2279 1024 2349 post
1047 2271 1163 2328 iactam
1188 2269 1437 2340 valedictionem,
1462 2268 1563 2347 prouti
1588 2276 1619 2328 et
1644 2277 1700 2326 ter·
1786 2269 1800 2278 “

424 2377 486 2436 tius
511 2379 612 2438 Lucas
636 2377 797 2437 Korenika
826 2377 913 2436 aliter
936 2377 1060 2436 Ferlian
1083 2377 1115 2436 in
1139 2376 1296 2436 montibus
1321 2396 1345 2440 s.
1369 2376 1561 2436 Catharinae
1584 2375 1616 2434 in
1640 2374 1702 2432 Du-

424 2485 539 2544 brancz
570 2504 776 2561 commorans,
808 2486 850 2545 ita
882 2494 913 2545 et
944 2484 1109 2562 vayvodae
1141 2504 1251 2544 omnes
1283 2484 1401 2564 antiqui
1439 2485 1469 2542 in
1501 2485 1565 2543 suis
1594 2482 1705 2542 officiis

424 2593 636 2672 relinquuntur
659 2602 691 2652 et
714 2593 945 2652 confirmantur.

530 2700 685 2760 Martinus
709 2716 832 2778 quoque
850 2699 1038 2775 Koskouich,
1063 2699 1220 2775 vexillifer,
1246 2700 1275 2758 in
1299 2719 1356 2758 suo
1380 2700 1483 2759 officio
1507 2699 1598 2759 simili
1611 2698 1704 2757 modo

423 2808 584 2868 stabilitur.

528 2935 562 2994 ln
594 2936 816 2995 castellanatus
847 2935 983 2994 officium
1016 2935 1134 2994 castelli
1168 2936 1344 3011 Lukauecz‚
1384 2937 1468 3014 quod
1500 2936 1611 2995 nobilis
1635 2937 1703 2997 Ste-

423 3044 545 3120 phanus
569 3044 740 3122 Ztepanich
764 3044 916 3102 hactenus
940 3042 1100 3122 gessisset,
1126 3052 1196 3119 post
1220 3042 1335 3101 iactam
1352 3043 1593 3103 valedictionem
1611 3063 1700 3124 egre-

422 3151 494 3231 gius
517 3152 650 3210 Ioannes
673 3150 818 3221 Miksich,
842 3150 1001 3209 successit.

529 3276 570 3335 Et
600 3276 630 3334 in
668 3283 814 3353 satrapae
839 3277 941 3333 locum
969 3274 1099 3354 Georgii
1123 3294 1236 3352 nempe
1260 3273 1408 3349 Czellich,
1432 3275 1542 3336 nobilis
1565 3277 1702 3337 Mathias

428 3383 587 3461 lagneych
605 3391 729 3443 creatus
746 3391 802 3455 est,
826 3383 879 3461 qui
895 3392 926 3441 et
942 3384 1070 3441 solenne
1086 3382 1291 3460 praestabunt
1314 3401 1419 3441 coram
1441 3383 1551 3442 eodem
1576 3378 1702 3444 domino

423 3490 536 3550 comite
560 3491 778 3551 iuramentum.

527 3598 645 3658 Servus
668 3596 899 3657 communitatis
923 3596 1035 3655 nobilis
1059 3597 1192 3655 loannes
1213 3596 1386 3672 ,Klaffurieh
1414 3598 1525 3657 iterum
1542 3598 1572 3658 in
1589 3600 1700 3659 eodem

421 3704 525 3765 officio
550 3705 752 3765 confirmatus
776 3712 832 3767 est

530 3831 611 3889 Turn
647 3832 772 3890 demum
797 3837 962 3909 postquam
987 3830 1048 3889 iarn
1073 3830 1237 3907 praemissi
1273 3830 1410 3891 universi
1445 3831 1593 3891 officiales
1636 3832 1700 3891 suis

423 3937 535 3998 officiis
558 3936 789 4014 valedixissent,
813 3938 962 4017 egregius
988 3937 1094 3997 Simon
1118 3936 1294 4013 Pliuschak,
1318 3938 1440 4011 fiscalis,
1461 3938 1600 3999 eiusdem
1616 3958 1699 3998 corn·

421 4045 589 4117 munitatis
622 4045 723 4104 eidem
754 4064 810 4103 suo
844 4044 947 4104 officio
979 4044 1147 4104 solenniter
1160 4045 1320 4118 valedicit3
1344 4045 1542 4106 nihilominus
1565 4065 1621 4125 per
1646 4066 1699 4105 an·

421 4153 548 4215 telatam
562 4152 817 4212 communitatem
830 4152 861 4211 in
876 4153 987 4212 eodem
1005 4152 1107 4211 olficio
1123 4153 1331 4225 confirmatur,
1345 4160 1375 4213 et
1390 4153 1430 4213 ad
1445 4152 1698 4214 intercessionem

419 4268 450 4318 et
473 4260 714 4337 postulationem
748 4259 898 4334 eiusdem,
930 4268 961 4318 et
993 4259 1125 4337 praelati
1159 4260 1322 4338 capitanei,
1346 4261 1435 4320 istius
1461 4261 1533 4320 anni
1557 4261 1697 4339 proxime

420 4367 608 4427 imminentis
625 4366 783 4426 nundinae
808 4367 838 4426 in
855 4366 968 4426 Maiori
984 4366 1128 4443 Goricza,
1153 4369 1237 4445 apud
1257 4368 1421 4428 ecclesiam
1446 4369 1559 4428 beatae
1577 4368 1697 4428 Mariae

418 4474 549 4554 virginis
581 4474 732 4534 celebrari
766 4474 885 4548 solitae,
917 4474 1055 4534 unanimi
1080 4484 1152 4534 voto
1177 4485 1207 4534 et
1225 4494 1380 4535 consensu
1393 4477 1513 4553 eodem,
1539 4476 1697 4535 nundinae

419 4582 550 4641 eaedem
580 4590 611 4641 et
641 4581 760 4653 fructus
791 4584 971 4657 earundem,
1004 4602 1061 4661 pro
1095 4584 1155 4642 hoc
1178 4583 1341 4643 dumtaxat
1359 4602 1441 4642 anno
1475 4584 1697 4657 condonantur,

417 4689 506 4750 salva
535 4708 591 4767 pro
615 4689 741 4749 domino
773 4689 886 4747 comite
911 4692 1050 4749 antelato
1082 4708 1179 4768 penes
1204 4690 1367 4750 articulum
1392 4690 1533 4750 eiusdem
1558 4711 1695 4751 commu·

415 4796 521 4855 nitatis
577 4803 607 4855 et
642 4797 709 4855 eius
745 4796 979 4856 successoribus
1023 4797 1226 4876 acquisitione
1261 4798 1424 4857 iudiciaria
1460 4798 1625 4858 autoritate
1665 4808 1696 4858 et

418 4904 504 4962 lucro
520 4912 733 4981 permanente.
