3934 5550
915 634 990 709 52.

420 832 514 891 Anno
542 830 635 894 1603.
663 831 711 893 14.
734 833 919 897 decembris.
942 836 1077 915 Pragae.

314 1042 516 1129 liudolphus
539 1044 582 1108 II.
612 1043 821 1130 Hungariue
853 1047 912 1109 etc.
947 1066 1017 1124 rex,
1052 1045 1220 1111 nobilibus
1257 1046 1379 1133 Campi
1414 1047 1597 1133 Turopolio

346 1150 523 1235 praecipit,
547 1154 586 1214 ut
609 1150 722 1215 dicam
745 1172 807 1216 seu
829 1151 1116 1217 contnbulionam
1138 1152 1387 1219 administrare
1409 1154 1558 1219 debeant.

424 1368 606 1448 Rudolphus
632 1369 795 1428 secundus
826 1369 877 1429 dei
910 1370 1013 1449 gratia
1046 1371 1164 1431 electus
1192 1372 1403 1432 Romanorum
1428 1370 1598 1450 imperator

317 1494 442 1553 semper
472 1485 636 1557 augustus,
668 1496 705 1536 ac
737 1476 937 1554 Germaniae,
969 1478 1166 1558 Hungariae,
1198 1480 1386 1555 Bohemiae,
1413 1479 1597 1555 Dalmatiae,

317 1581 474 1657 Croatiae‚
508 1584 695 1644 Sclauoniae
730 1592 787 1644 etc.
824 1603 887 1659 rex,
923 1585 1073 1645 archidux
1104 1586 1259 1662 Austriae,
1292 1587 1355 1645 dux
1386 1587 1597 1667 Burgundiae,

318 1690 457 1749 marchio
489 1691 662 1767 Morauiae,
693 1711 800 1751 comes
828 1692 953 1768 Tyrolis
983 1702 1015 1753 et
1047 1692 1186 1753 Goritiae
1218 1701 1276 1755 etc.
1303 1693 1461 1755 Fidelibus
1485 1694 1598 1754 nostris

317 1797 470 1857 universis
502 1807 533 1858 et
563 1799 696 1878 singulis
726 1798 818 1858 unius
848 1798 998 1859 sessionis
1022 1800 1185 1876 nobilibus,
1208 1808 1272 1859 tam
1296 1800 1327 1860 in
1351 1799 1475 1880 Campo
1498 1803 1597 1861 Turo-

318 1905 399 1983 polia
424 1925 519 1983 quam
543 1924 619 1965 vero
644 1906 716 1966 alibi
739 1906 770 1965 in
795 1925 894 1987 regno
918 1915 1025 1967 nostro
1044 1907 1233 1967 Sclauoniae
1249 1908 1452 1969 existentibus
1467 1917 1498 1968 et
1514 1928 1598 1970 com-

317 2014 520 2087 morantibus,
550 2022 735 2093 praesentes
766 2024 890 2074 nostras
923 2014 1045 2087 visuris,
1077 2016 1231 2094 simulque
1256 2016 1305 2075 vel
1329 2015 1452 2076 divisim
1484 2016 1596 2077 consti·

317 2120 400 2198 tutis,
430 2122 562 2181 salutem
595 2130 626 2180 et
662 2121 807 2201 gratiam.
838 2122 886 2180 Ex
918 2120 1078 2200 fidedigna
1109 2122 1258 2181 relatione
1285 2141 1348 2182 non
1372 2119 1450 2206 sine]
1473 2142 1597 2183 summa

320 2227 515 2305 displicentia
549 2228 765 2301 intelleximus,
800 2228 933 2306 qualiter
968 2246 1026 2287 vos
1062 2228 1157 2288 nimia
1188 2230 1321 2290 audacia
1356 2231 1450 2303 ducti,
1480 2231 1597 2290 nullam

319 2335 422 2394 dicam
453 2334 521 2395 sive
552 2335 812 2397 contributionem
842 2336 1008 2413 publicam,
1040 2336 1071 2395 in
1102 2336 1243 2417 generali
1275 2337 1380 2397 diaeta
1404 2337 1598 2414 Posoniensi,

318 2460 374 2519 per
397 2442 506 2501 fideles
530 2450 653 2501 nostros
678 2442 842 2501 universos
865 2450 966 2503 status
991 2452 1022 2502 et
1045 2442 1170 2503 ordines
1187 2444 1276 2523 regni
1293 2443 1391 2504 nostri
1405 2444 1598 2523 Hungariae,

318 2548 513 2627 partiumque
528 2550 556 2609 ei
580 2548 798 2621 subiectarum,
829 2550 870 2609 ad
892 2549 1144 2629 prosecutionem
1171 2550 1346 2629 praesentis
1370 2551 1441 2610 belli
1465 2550 1597 2624 Turcici,

320 2674 358 2714 ac
381 2657 492 2715 horum
515 2676 686 2737 regnorum
710 2666 887 2717 nostrorum
911 2658 1096 2737 Hungariae
1120 2664 1151 2717 et
1174 2657 1360 2717 Sclauoniae
1384 2657 1598 2717 defensionem

320 2772 351 2824 et
374 2764 645 2825 conservationem
670 2764 830 2826 decretam
854 2775 891 2826 et*
908 2765 1055 2839 oblatam,
1088 2765 1119 2824 in
1143 2762 1280 2824 medium
1305 2764 1435 2826 aliorum
1460 2764 1597 2825 fidelium

319 2872 549 2952 regnicolarum
572 2883 749 2934 nostrorum
773 2875 863 2954 regni
887 2874 977 2934 istius
992 2873 1090 2933 nostri
1110 2874 1306 2946 Sclauoniae,
1324 2874 1362 2934 de
1380 2873 1469 2933 bonis
1485 2874 1597 2934 vestris

319 2981 457 3059 pendere
481 3000 519 3040 ac
542 2983 721 3060 persolvere
737 2982 867 3058 velletis,
891 2984 947 3042 sed
976 2982 1016 3042 ab
1040 2982 1125 3041 omni
1140 2981 1265 3060 publica
1288 2981 1515 3041 contributione
1539 2983 1596 3041 sub

318 3097 482 3168 praetextu
512 3091 709 3168 quorundam
740 3091 938 3169 antiquorum
970 3090 1106 3168 quidem,
1136 3090 1193 3150 sed
1225 3091 1264 3149 ad
1299 3109 1365 3149 rem
1397 3097 1596 3168 praesentem

318 3196 421 3256 minus
455 3198 673 3275 pertinentium
708 3198 942 3278 privilegiorum
976 3207 1167 3274 vestrorum,
1196 3216 1278 3275 quae
1309 3216 1365 3276 per
1400 3196 1598 3256 maiestatem

318 3313 457 3364 nostram
489 3325 551 3364 non
581 3305 625 3365 ita
654 3307 775 3385 pridem
798 3307 983 3366 confirmata
1014 3325 1085 3366 esse
1110 3305 1365 3383 preatenderetiS,
1395 3305 1518 3383 penitus
1541 3305 1596 3365 im·

319 3431 429 3471 munes
462 3421 493 3471 et
524 3411 613 3472 liberi
645 3413 786 3486 existere,
816 3411 987 3492 haberique
1020 3413 1185 3490 cuperetis,
1217 3412 1301 3471 nulla
1332 3411 1446 3490 publici
1470 3412 1544 3470 boni
1567 3419 1598 3470 et

319 3519 566 3579 conservationis
590 3520 710 3597 patriae
734 3528 860 3580 vestrae
893 3521 1014 3580 ratione
1045 3519 1162 3580 habita.
1196 3519 1284 3596 Quas
1317 3517 1444 3597 quidem
1475 3525 1597 3578 vestras

317 3627 564 3706 praetensiones,
588 3627 743 3706 siquidem
766 3647 823 3707 per
846 3647 880 3688 se
904 3627 1108 3688 irrelevantes
1132 3635 1212 3701 sunt,
1244 3635 1338 3705 atque
1362 3625 1388 3684 si
1413 3633 1497 3684 recte
1522 3645 1597 3684 con-

319 3733 501 3808 siderentur,
532 3734 563 3794 in
594 3745 733 3794 vestram
764 3735 867 3813 potius
899 3734 1062 3813 pernitiem
1094 3741 1238 3812 vergunt,
1264 3741 1296 3792 et
1319 3752 1515 3792 communem
1544 3751 1597 3811 pa·

319 3842 400 3901 triae
423 3851 549 3902 vestrae
573 3842 695 3902 ruinam
719 3862 826 3902 secum
850 3843 986 3916 trahunt,
1004 3861 1067 3901 non
1090 3861 1257 3919 possumus
1281 3860 1343 3899 non
1368 3839 1543 3920 aegerrime
1568 3848 1598 3898 et

319 3950 507 4028 permoleste
530 3949 620 4024 ferre,
644 3951 829 4030 praesertim
861 3951 946 4028 quod
969 3969 1032 4009 non
1056 3950 1248 4029 ignoramus,
1272 3947 1480 4008 haecomnia
1512 3947 1597 4006 moli·

321 4057 406 4116 mina
430 4075 448 4115 a
472 4055 561 4116 vobis
586 4057 861 4135 Turopolensibus,
886 4057 1032 4116 videlicet
1055 4056 1209 4116 nobilibus
1233 4055 1396 4134 proticisci,
1413 4073 1491 4132 quos
1516 4073 1598 4112 anno

320 4183 445 4243 quoque
469 4164 622 4242 superiori
646 4173 677 4225 et
700 4166 840 4243 proxime
872 4164 1050 4244 praeterito,
1074 4171 1203 4242 propter
1234 4181 1341 4222 eorum
1374 4161 1596 4221 contumatiam

320 4291 376 4350 per
398 4271 505 4331 literas
528 4280 652 4332 nostras
684 4292 794 4332 severe
819 4271 1047 4350 redarguimus.
1071 4271 1176 4347 Quum
1201 4278 1306 4329 autem
1330 4288 1387 4328 vos
1411 4286 1529 4341 omnes,
1553 4267 1598 4325 in-

319 4378 471 4438 termissis
501 4378 663 4457 quibusvis
694 4379 784 4438 novis
816 4380 995 4438 libertatum
1031 4377 1303 4437 adinventionibus
1339 4384 1369 4436 et
1403 4373 1594 4455 praetensio·

317 4487 410 4547 nibus
441 4488 482 4546 ad
512 4487 670 4547 meliorem
703 4487 825 4567 frugem
857 4488 969 4560 redire,
1004 4505 1106 4564 neque
1138 4485 1206 4564 plus
1239 4483 1371 4543 caeteris
1397 4502 1453 4542 seu
1475 4483 1599 4562 integro

319 4614 418 4675 regno
441 4613 561 4674 sapere,
585 4602 639 4652 aut
662 4612 773 4673 regum
798 4602 828 4653 et
852 4594 1025 4671 principum
1043 4591 1207 4652 clementia
1232 4600 1263 4650 et
1286 4589 1479 4670 benignitate
1504 4588 1598 4663 abuti,

318 4703 374 4762 sed
405 4700 485 4760 intra
525 4699 726 4759 humanitatis
758 4709 789 4757 et
818 4699 1015 4758 obedientiae
1048 4706 1138 4776 septa
1169 4717 1205 4757 ac
1244 4696 1357 4756 limites
1389 4696 1432 4754 uti
1464 4695 1599 4755 maxime

318 4810 417 4878 decet,
441 4826 498 4867 vos
523 4807 690 4880 continere,
716 4816 746 4865 et
770 4806 927 4885 publicum
954 4806 1080 4874 bonum,
1105 4803 1230 4883 publica
1254 4803 1347 4863 etiam
1373 4802 1598 4862 contributione

317 4934 374 4995 per
398 4935 454 4977 vos
478 4913 584 4975 iuvari
608 4914 748 4977 velimus.
772 4914 890 4974 Idcirco
921 4911 1063 4972 fidelitati
1093 4920 1218 4971 vestrae
1243 4921 1273 4970 et
1297 4919 1436 4974 vestrum
1467 4908 1599 4989 singulis

1494 5031 1506 5060 ἢ
