3934 5550
1511 428 1548 489 51

274 638 537 716 praescriptarum
555 638 715 698 literarum
731 638 885 717 saepefati
900 641 1060 719 quondam
1076 641 1193 701 domini
1210 642 1360 703 Ludouici
1377 643 1461 723 regis
1476 644 1553 703 dare

273 756 305 805 et
336 746 499 825 assignare
530 745 678 825 potuisse,
710 764 748 804 ex
778 746 960 823 praemissis
992 746 1092 807 visum
1127 756 1195 809 erat
1229 749 1403 826 manifeste,
1426 756 1553 829 propter

273 854 356 931 quod
369 853 597 931 pradeelarata
621 851 782 912 iudiciaria
805 852 1030 913 deliberatione
1054 861 1085 913 et
1109 855 1265 915 sententia
1279 854 1377 935 ipsius
1393 858 1552 936 quondam

272 960 389 1021 domini
411 961 496 1021 Petri
521 960 688 1037 Erdewdy,
713 960 791 1020 alias
813 959 896 1034 bani,
917 960 980 1020 iam
1000 961 1127 1021 tandem
1151 962 1280 1023 debitae
1299 964 1474 1028 executioni
1498 965 1555 1025 de·

276 1069 425 1129 mandari
448 1067 687 1145 debere,·eidem
697 1068 863 1147 quondam
887 1067 1022 1141 domin0,
1048 1068 1124 1129 alias
1141 1070 1232 1147 bano,
1258 1089 1295 1130 ac
1318 1072 1473 1136 vicebano
1487 1088 1553 1147 suo,

274 1176 428 1256 magistro
452 1175 689 1254 prothonotario
712 1174 810 1253 regni,
841 1174 995 1235 iudicibus
1027 1175 1185 1250 nobilium,
1220 1178 1414 1258 caeterisque
1446 1178 1553 1239 iuratis

274 1284 487 1345 assessoribus
512 1283 597 1343 sedis
620 1302 697 1343 suae
728 1282 909 1343 iudiciariae
930 1301 1041 1343 secum
1073 1284 1104 1343 in
1137 1286 1280 1346 examine
1305 1294 1336 1347 et
1359 1287 1553 1348 discussione

271 1392 446 1471 praesentis
469 1410 585 1451 causae
608 1391 640 1449 in
663 1390 777 1451 iudicio
808 1390 1019 1465 existentibus,
1045 1392 1145 1453 visum
1171 1393 1273 1453 luerat
1304 1394 1476 1468 manifeste,
1510 1396 1549 1457 de

273 1519 405 1580 quorum
429 1499 559 1558 consilio
582 1506 784 1577 praematuro
817 1506 849 1557 et
878 1516 958 1557 sana
989 1498 1222 1575 deliberatione,
1255 1502 1491 1581 rationibusque
1523 1512 1553 1564 et

274 1607 384 1667 causis.
402 1626 441 1666 ex
465 1605 718 1684 praedeelaratis,
741 1606 1011 1684 praedeclaratam
1034 1606 1230 1668 iudiciariam
1247 1608 1503 1670 deliberationem
1520 1619 1552 1670 et

273 1716 460 1775 sententiam
492 1714 589 1791 ipsius
621 1713 780 1792 quondam
812 1712 928 1773 domini
957 1713 1041 1773 Petri
1073 1714 1240 1793 Erdewdy,
1264 1716 1354 1777 alias
1385 1718 1467 1793 bani,
1498 1736 1554 1797 per

275 1823 376 1901 ipsum
401 1822 433 1881 in
457 1840 554 1881 causa
578 1820 743 1899 praesenti,
767 1819 862 1879 modo
885 1819 1029 1897 superius
1053 1820 1222 1899 declarato,
1246 1824 1311 1883 lata
1345 1834 1376 1884 et
1398 1832 1553 1904 pronunc-

275 1930 361 2005 tiata,
392 1948 430 1989 ac
460 1948 517 2007 per
548 1927 725 2007 praefatum
756 1945 881 2006 quoque
912 1927 1072 2007 quondam
1107 1928 1267 1989 dominum
1283 1930 1425 1991 ¹iudicem
1449 1934 1554 1993 curiae

277 2035 385 2116 regiae
408 2036 582 2097 maiestatis
603 2034 810 2113 approbatam
834 2042 865 2094 et
889 2035 1083 2109 ratificatam,
1108 2054 1229 2117 proque
1253 2038 1301 2097 sui
1324 2040 1460 2100 ulteriori
1483 2058 1554 2118 pro·

278 2144 463 2222 sequutione
488 2152 518 2202 et
541 2143 626 2202 finali
663 2141 921 2202 determinatione
957 2141 997 2201 ad
1032 2144 1167 2203 eundem
1202 2146 1361 2224 quondam
1396 2146 1554 2207 dominum

277 2254 395 2313 banum
418 2252 592 2328 remissam,
614 2252 678 2311 iam
703 2252 831 2311 tandem
855 2250 980 2311 debitae
1009 2252 1209 2331 exequutioni
1233 2254 1416 2315 demandari
1440 2256 1555 2316 debere

280 2360 473 2421 decrevisset
504 2370 536 2419 et
568 2359 783 2432 commisisset,
816 2358 1062 2437 decreveratque
1087 2367 1118 2419 et
1142 2362 1342 2422 commiserat
1372 2382 1427 2441 per
1450 2364 1556 2423 literas

279 2486 354 2527 suas
378 2467 621 2528 adiudicatorias
652 2464 905 2539 sententionales,
935 2484 992 2545 pro
1016 2484 1054 2525 eo
1079 2466 1253 2527 amiciciam
1274 2470 1404 2531 antelati
1428 2470 1553 2549 capituli

280 2574 432 2634 ecclesiae
456 2574 681 2655 Zagrabiensis
704 2573 784 2633 serie
801 2573 972 2632 earundem
996 2573 1137 2633 hortatus
1160 2573 1262 2636 fuerat
1285 2585 1317 2635 et
1340 2577 1553 2655 requisiverat,

279 2690 373 2761 atque
397 2683 565 2743 autoritate
589 2700 648 2743 sua
670 2681 828 2741 ordinaria
851 2681 953 2740 eidem
970 2682 1170 2742 commiserat
1194 2690 1224 2743 et
1249 2684 1462 2760 mandaverat,
1479 2704 1554 2764 qua-

279 2800 369 2852 tenus
404 2792 543 2872 ipsorum
578 2791 736 2851 mitterent
770 2790 929 2850 hominum
964 2808 1021 2868 pro
1052 2792 1229 2851 testimonio
1260 2793 1462 2872 fidedignum,
1494 2814 1556 2873 quo

278 2909 445 2980 praesente
468 2899 618 2960 Nicolaus
641 2899 691 2959 vel
714 2898 899 2958 Franciscus
922 2897 1066 2977 lmprych
1083 2898 1122 2958 de
1143 2895 1332 2976 Iampnycza
1356 2908 1410 2960 aut
1433 2899 1557 2979 Caspar

278 3009 330 3068 vel
353 3007 599 3086 Christophorus
633 3007 699 3066 sive
731 3005 963 3065 Maximilianus
996 3006 1202 3083 Barillowych
1226 3008 1265 3067 de
1289 3007 1442 3084 Gorycza,
1475 3027 1555 3068 neve

279 3116 415 3176 Michael
445 3134 584 3194 namque
617 3113 791 3193 Gregorius
822 3112 1010 3188 Herendyeh
1036 3114 1075 3172 de
1098 3113 1215 3187 Mlalra,
1247 3115 1380 3174 Ioannes
1410 3115 1556 3192 Beryzla-

279 3224 370 3300 wych
402 3223 442 3282 de
472 3222 654 3298 Kysmlalra,
687 3221 754 3280 aliis
786 3220 976 3294 absentibus,
999 3221 1094 3280 homo
1125 3241 1199 3281 suus
1222 3223 1352 3295 banalis,
1376 3243 1431 3301 per
1455 3223 1556 3303 ipsum

280 3331 321 3391 ad
343 3331 375 3391 id
398 3331 576 3409 specialiter
599 3328 810 3402 transmissus,
835 3328 875 3387 ad
898 3327 995 3388 iacies
1020 3329 1202 3407 praescripti
1226 3330 1344 3390 castelli
1368 3332 1554 3391 Lwlrawecz

278 3438 389 3498 vicinis
420 3447 452 3498 et
483 3436 708 3498 commetaneis
740 3435 879 3495 eiusdem
913 3436 1066 3494 universis
1097 3436 1171 3495 inibi
1204 3437 1342 3516 legitime
1374 3439 1554 3500 convocatis

279 3555 310 3605 et
332 3545 553 3624 praesentibus
576 3545 765 3616 accedendo,
785 3544 947 3603 castellum
956 3544 1038 3603 idem
1058 3543 1174 3622 pariter
1191 3563 1261 3603 cum
1279 3547 1397 3606 cunctis
1419 3547 1483 3606 suis
1500 3546 1557 3605 uti-

279 3654 416 3714 litatibus
447 3662 478 3712 et
509 3651 703 3732 pertinentiis
733 3651 930 3729 quibuslibet,
961 3651 1003 3710 ad
1033 3651 1116 3710 idem
1148 3652 1188 3712 de
1218 3651 1284 3714 iure
1309 3662 1340 3712 et
1364 3655 1403 3714 ab
1427 3655 1555 3732 antiquo

281 3761 493 3839 spectantlbus
519 3770 551 3819 et
574 3759 730 3837 pertinere
757 3757 952 3833 debentibus,
983 3759 1129 3819 redderet
1161 3769 1192 3819 et
1216 3760 1392 3822 restitueret
1415 3763 1557 3841 praelato

282 3868 448 3928 Francisco
480 3867 641 3943 Nadasdy,
673 3865 778 3939 actori,
812 3885 850 3924 ac
878 3866 963 3926 omni
987 3884 1025 3926 eo
1048 3867 1123 3941 iure,
1148 3887 1209 3946 quo
1232 3868 1342 3948 vigore
1366 3870 1558 3948 praemissae

281 3975 457 4036 donationis
481 3975 522 4033 ad
546 3974 680 4033 eundem
703 3973 859 4050 pertinere
886 3973 1116 4048 dinoscebatur,
1148 3984 1300 4052 perpetuo
1324 3977 1556 4054 possidendum,

281 4083 528 4145 contradictione
551 4091 583 4143 et
606 4081 786 4142 inhibitione
814 4081 1024 4159 praefatorum
1050 4082 1080 4141 in
1104 4101 1233 4142 causam
1266 4093 1475 4160 attractorum,
1509 4087 1557 4145 vel

282 4193 412 4252 aliorum
435 4190 643 4269 quorumlibet
665 4189 794 4267 praevia
817 4190 938 4248 ratione
958 4191 1190 4263 nonobstante,
1216 4199 1246 4249 et
1270 4193 1436 4269 posthaec
1453 4193 1550 4254 buius·

280 4300 366 4360 modi
388 4297 657 4378 possessionariae
673 4295 885 4356 restatutionis
902 4296 1023 4370 seriem,
1040 4306 1074 4355 ut
1087 4298 1176 4357 lieret
1192 4299 1345 4376 expedita,
1363 4300 1403 4358 ad
1419 4300 1559 4379 quintum

279 4407 437 4467 decimum
461 4405 544 4465 diem
568 4404 630 4464 diei
653 4403 750 4482 ipsius
774 4402 987 4464 restatutionis
1017 4405 1168 4484 legittime
1193 4406 1423 4484 perdurantem,
1458 4407 1559 4467 eidem

279 4513 439 4593 quondam
471 4512 598 4572 domino
628 4513 722 4570 Petro
751 4510 919 4588 Erdewdy,
952 4511 1030 4570 alias
1060 4511 1151 4586 bano,
1184 4531 1241 4572 suo
1269 4514 1363 4574 modo
1387 4514 1558 4573 rescribere

282 4620 443 4682 debuisset
466 4620 635 4698 capitulum
661 4619 813 4678 ecclesiae
837 4618 1061 4698 Zagrabiensis
1085 4628 1313 4697 praenotatum.
1342 4620 1367 4678 Α
1401 4640 1464 4698 quo
1495 4621 1560 4699 qui-

281 4731 353 4790 dem
377 4729 499 4789 decimo
532 4729 639 4806 quinto
670 4728 720 4786 die
752 4745 848 4786 causa
876 4727 1010 4806 partium
1035 4727 1236 4804 praescripta,
1260 4736 1366 4805 partes
1390 4729 1469 4787 inter
1493 4745 1561 4787 eas·

281 4839 354 4897 dem
377 4835 512 4897 diversis
534 4835 791 4914 prorogationum
815 4833 945 4892 cautelis
976 4833 1263 4908 intervenientibus,
1286 4834 1453 4894 terminum
1477 4835 1558 4894 cele·

280 4943 430 5008 brationis
446 4942 629 5005 iudiciorum
647 4942 718 5002 festi
733 4941 979 5021 Epiphaniarum
1003 4941 1129 5016 domini,
1147 4941 1177 5001 in
1199 4961 1281 5002 anno
1298 4941 1437 5002 eiusdem
1453 4942 1561 5007 ,mille-

1457 5065 1471 5096 *
