3934 5550
1534 454 1600 517 259

320 671 465 751 opinione
490 682 548 731 sua
571 669 758 729 commissae
783 669 939 749 genuinae
963 667 1198 741 informationis,
1231 668 1348 728 domini
1371 676 1471 728 status
1495 678 1527 729 et
1549 687 1597 729 or·

320 779 409 840 dines
433 778 534 839 eidem
550 776 708 858 benignae
732 776 943 838 commissioni
959 776 1170 856 homagialem
1186 795 1306 836 morem
1329 778 1479 856 gerendo,
1495 777 1528 837 in
1542 777 1596 837 de-

319 886 384 945 bita
408 884 580 947 humilitate
604 884 904 963 repraesentandum
938 883 1135 959 concludunt,
1159 884 1245 962 qnod
1268 884 1425 945 antefatae
1457 904 1596 945 commu·

320 992 427 1054 nitatis
450 1012 507 1071 pro
529 1000 671 1071 tempore
695 992 896 1053 constitutum
921 992 1068 1051 comitem
1091 976 1270 1053 terrestrem
1294 993 1459 1054 universas
1476 1012 1598 1068 causas,

319 1100 397 1175 lites,
417 1096 637 1160 contentiones
662 1108 694 1161 et
716 1099 897 1161 diferentias
928 1099 1009 1159 inter
1039 1099 1125 1178 ipsos
1149 1109 1349 1181 emergentes
1381 1110 1412 1163 et
1442 1100 1596 1176 subortas,

319 1208 363 1269 ita
386 1227 510 1287 quoque
536 1207 655 1267 ratione
679 1226 935 1286 quorumcunque
959 1207 1113 1267 bonorum
1137 1214 1169 1267 et
1191 1207 1303 1267 iurium
1334 1208 1595 1287 possessionario·

318 1335 387 1376 rum
411 1314 496 1393 ipsos
520 1315 716 1395 tangentium
741 1322 772 1375 et
796 1315 1058 1390 concernentium,
1082 1316 1191 1376 ordine
1214 1315 1376 1377 iudiciario
1399 1316 1595 1390 discutiendi,

319 1423 509 1484 diiudicandi
533 1431 565 1483 et
587 1422 756 1483 definiendi
780 1423 967 1485 authoritate
990 1423 1116 1503 pollere,
1141 1442 1179 1484 ex
1202 1423 1325 1502 publice
1356 1423 1387 1484 in
1420 1443 1594 1504 congrega·

315 1531 422 1591 tionali
458 1548 612 1591 consensu
648 1531 800 1610 producto
834 1531 971 1611 benigno
1005 1530 1169 1611 privilegio
1204 1531 1401 1610 Rudolphino
1436 1532 1476 1591 de
1509 1551 1593 1593 anno

321 1636 413 1699 1560.
438 1648 593 1714 emanato,
617 1648 649 1699 et
672 1658 731 1699 usu
755 1638 785 1698 in
809 1657 959 1717 praesens
991 1658 1091 1721 usque
1122 1639 1237 1714 habito,
1269 1648 1369 1700 status
1400 1649 1432 1701 et
1465 1641 1591 1701 ordines

321 1746 433 1821 edocti,
457 1764 495 1806 ex
518 1766 581 1826 quo
598 1765 693 1826 super
709 1746 815 1806 talium
832 1765 998 1807 causarum
1014 1746 1234 1807 diiudicatione
1258 1748 1415 1808 constituti
1431 1748 1597 1828 praemissi
1626 1759 1628 1762 '

319 1855 451 1915 comites
474 1863 638 1914 terrestres
662 1854 875 1932 expeditiones
899 1854 957 1913 sub
980 1854 1114 1933 propriis
1135 1853 1245 1935 sigillis
1259 1854 1414 1935 huiusque
1430 1855 1595 1916 extradare

320 1962 566 2035 consuevissent,
602 1962 641 2021 ad
677 1960 865 2021 avertendas
897 1961 1026 2041 quasvis
1061 1962 1173 2021 exinde
1208 1962 1248 2023 de
1282 1962 1365 2022 facili
1396 1962 1595 2043 emergibiles

319 2070 456 2147 fraudeS,
481 2068 506 2129 si
530 2087 588 2129 sua
611 2068 760 2130 maiestas
785 2068 997 2129 sacratissima
1021 2069 1061 2129 ad
1085 2070 1333 2131 conformitatem
1346 2070 1474 2149 proiecti
1498 2072 1594 2149 (quod

311 2197 390 2237 curn
415 2196 453 2238 ea
486 2177 773 2257 repraesentatione
809 2176 1027 2237 remittendum
1062 2178 1130 2255 erit)
1167 2178 1299 2238 eandem
1335 2178 1589 2238 communitatem

317 2285 445 2364 speciali
468 2285 569 2365 sigillo
592 2285 729 2365 benigne
754 2285 962 2345 condecorare
987 2285 1118 2366 dignata
1136 2285 1237 2360 fuerit,
1261 2294 1291 2346 et
1314 2286 1425 2347 eadem
1449 2305 1590 2346 commu·

316 2393 398 2453 nitas
421 2392 475 2452 tali
498 2392 608 2471 sigillo,
644 2393 675 2453 in
704 2411 870 2452 causarum
905 2393 1195 2472 praeappositarum
1224 2394 1397 2453 secundum
1429 2412 1521 2452 usum
1558 2402 1589 2451 et

310 2500 482 2581 genuinum
512 2500 700 2559 intellectum
729 2500 913 2579 praeattacti
936 2492 1090 2581 privilegii
1112 2502 1264 2560 hactenus
1288 2500 1492 2559 observatum
1517 2500 1592 2559 diiu

308 2608 511 2668 dicandarum
536 2607 782 2686 expeditionibus
806 2615 916 2681 utetur,
940 2608 1058 2667 nullum
1075 2608 1187 2667 exinde
1204 2607 1338 2685 cuipiam
1359 2605 1584 2685 praeiudicium

307 2715 518 2777 enasciturum
543 2715 695 2777 arbitrari.

789 2857 924 2940 (ceteris
946 2856 1105 2941 emissis).

415 3075 511 3133 Lecta
535 3083 566 3133 et
589 3073 746 3152 publicata
769 3093 899 3152 perine
923 3073 1109 3153 magistrum
1133 3073 1350 3132 Balthasarem
1386 3074 1586 3134 Bedekouich

307 3180 346 3240 de
371 3181 503 3261 Komor‚
527 3181 737 3260 praefatorum
761 3199 941 3260 regnorum,
964 3181 1173 3259 banalemque
1203 3180 1481 3259 prothonotarium.
1505 3181 1593 3240 Idem

306 3308 348 3349 rn.
372 3308 401 3365 p.

416 3429 618 3496 Eprotocollo
639 3444 734 3498 gener.
755 3430 834 3499 regni
853 3429 1107 3500 congregationum
1127 3445 1150 3482 a.
1178 3427 1254 3482 1736.
1280 3445 1307 3496 p.
1334 3427 1395 3482 398.
1423 3427 1454 3480 ln
1476 3428 1592 3481 archivo

308 3535 417 3588 regnor.
439 3517 470 3573 C.
489 3518 517 3573 S.
537 3524 567 3572 et
584 3517 617 3570 D.
638 3517 801 3588 Zagrabiae.

895 3801 1003 3878 207.

415 4006 508 4063 Anno
537 4001 629 4067 1736.
657 4001 704 4063 18.
729 4003 872 4063 octobris.
897 4004 931 4063 ln
955 4003 1025 4084 Big.

307 4197 497 4262 Balthosar
521 4197 739 4275 Bedekouich,
760 4197 1023 4282 protorwtorius
1045 4197 1154 4283 regni,
1169 4197 1272 4262 comit
1272 4217 1325 4261 em
1354 4199 1434 4260 terr
1466 4196 1590 4281 Campi

314 4304 567 4391 Turopoliensu
601 4305 641 4370 de
675 4305 889 4370 corrclusrbne
923 4304 1026 4390 regni
1058 4304 1095 4368 in
1123 4305 1224 4390 facto
1258 4288 1553 4391 corifarendisrgi
1551 4304 1593 4368 lli

787 4411 965 4477 certiorem
987 4411 1108 4477 reddit.

519 4611 704 4691 Spectabilis
728 4620 759 4672 et
782 4630 937 4692 generose
960 4610 1086 4670 domine
1109 4611 1205 4670 frater
1227 4611 1302 4671 mihi
1325 4610 1552 4672 colendissime.

412 4757 446 4815 ln
469 4757 551 4816 lacto
575 4755 693 4833 negotii
716 4765 748 4816 et
771 4755 936 4816 instantiae
960 4754 1129 4814 nobilitatis
1152 4754 1266 4834 Campi
1297 4755 1468 4833 Turopolia
1502 4756 1585 4832 apud

307 4882 397 4923 suam
421 4863 617 4924 maiestatem
647 4862 891 4922 sacratissimam
926 4870 1112 4936 commotae,
1146 4863 1318 4923 secundum
1354 4862 1587 4925 conclusionem

309 4969 408 5051 regni,
431 4989 512 5049 quae
537 4978 569 5029 et
592 4970 692 5048 qualis
716 4968 872 5030 maiestati
896 4987 973 5030 suae
997 4968 1230 5030 sacratissimae
1246 4969 1309 5028 ianr
1327 4977 1475 5029 exaratae
1491 4968 1586 5029 habe·

1474 5087 1490 5122 Φ
