3934 5550
422 385 466 446 62

424 601 576 679 imprimis
599 595 784 659 commendo
808 596 947 655 animam
962 613 1066 655 meam
1083 596 1215 661 creatori
1233 615 1270 657 ac
1285 598 1476 676 redemptori
1492 610 1702 677 mco,''corpus

429 726 505 767 vero
528 726 633 767 meum
663 703 784 786 gremio
807 711 910 763 terrae
937 704 1025 771 unde,
1043 702 1211 765 sonnatum
1243 714 1298 783 est,
1322 706 1353 765 in
1377 708 1512 767 ecclesia
1535 708 1620 767 beati
1644 708 1703 769 Ge-

422 814 502 895 orgii
526 813 660 874 martiris
690 812 723 873 in
754 810 842 870 Odra
866 810 965 871 Zentb
990 810 1100 890 Georg
1128 811 1258 873 fundata
1282 814 1452 881 honorifice
1477 814 1631 877 tumulari
1656 816 1703 875 De

422 922 512 981 bonis
536 930 640 981 autern
663 919 743 979 meis
759 918 924 977 mobilibus
947 926 978 977 et
1002 918 1219 993 immobilibus,
1244 938 1281 980 ac
1305 920 1430 985 iuribus.
1445 922 1703 1001 possessionariis

423 1030 537 1108 ubique
560 1027 674 1091 habitis
697 1035 729 1087 et
752 1024 964 1101 existentibus
989 1025 1064 1085 mihi
1087 1045 1107 1086 a
1131 1026 1190 1086 deo
1221 1036 1268 1089 ter
1301 1028 1419 1106 optimo
1452 1030 1590 1093 maximo
1623 1030 1703 1097 datis

423 1145 455 1202 et
478 1137 646 1213 concessis,
669 1135 772 1197 taliter
795 1136 883 1215 lego:

529 1244 624 1321 Quod
646 1244 730 1303 bona
753 1262 826 1303 mea
849 1250 880 1304 et
903 1244 971 1304 iura
995 1243 1244 1322 possessionaria
1267 1244 1317 1302 hic
1341 1244 1372 1305 in
1396 1246 1597 1323 possessione
1621 1247 1697 1305 Hre·

423 1353 515 1430 lychy
539 1360 571 1411 et
593 1349 717 1429 Campo
742 1370 779 1411 ac
800 1360 950 1412 annotato
974 1351 1123 1411 comitatu
1151 1352 1356 1431 Zagrabiensi
1389 1354 1555 1420 existentia
1586 1354 1701 1425 habita,

423 1478 481 1519 nec
505 1477 568 1518 non
591 1457 815 1537 suppellectilia
832 1457 944 1518 domus
967 1477 1067 1533 meae,
1092 1466 1123 1517 et
1147 1477 1197 1519 res
1221 1459 1351 1520 mobiles
1376 1460 1549 1534 universas,
1566 1460 1707 1540 praefato

423 1566 591 1634 Franciscc
621 1565 904 1642 Ghoworirowycb,
936 1566 1063 1626 domino
1086 1566 1231 1629 videlicet
1264 1568 1375 1627 marito
1407 1588 1478 1628 meo
1514 1568 1706 1644 charissimo,

423 1692 558 1734 unacum
591 1672 730 1753 parvulis
763 1672 840 1733 meis
864 1691 884 1732 a
906 1672 1049 1751 praefato
1077 1673 1203 1733 domino
1235 1681 1266 1733 et
1297 1674 1409 1735 marito
1449 1686 1520 1735 meo
1551 1676 1705 1753 susceptis

424 1791 456 1841 et
490 1779 671 1860 progenitis,
703 1779 847 1840 videlicet
879 1779 1020 1860 Georgio
1044 1789 1075 1840 et
1098 1780 1253 1861 Gregorio
1281 1781 1354 1842 liliis
1382 1782 1468 1856 meis,
1500 1782 1566 1842 vita
1596 1800 1704 1846 eorum

424 1887 556 1947 durante
578 1887 715 1947 tenenda
730 1894 762 1947 et
775 1886 976 1965 possidenda,
1000 1886 1180 1966 fructusque
1197 1895 1228 1947 et
1244 1888 1399 1966 quaslibet
1422 1889 1571 1959 utilitates
1595 1902 1702 1949 eorum

424 1994 650 2074 percipiendos,
674 1995 766 2054 acin
790 1993 856 2055 vita
879 1995 930 2054 vel
962 2003 1063 2054 morte
1094 2003 1252 2074 utcunque
1277 1996 1431 2064 voluerint
1458 1997 1704 2077 disponendum

424 2102 600 2181 praelatum
615 2102 722 2180 itaque
745 2101 905 2161 dominum
934 2101 1080 2161 maritum
1104 2119 1160 2179 per
1183 2102 1305 2163 viscera
1328 2104 1561 2173 misericordiae
1586 2105 1645 2180 dei,
1669 2123 1707 2164 ac

426 2211 466 2269 ob
489 2210 574 2269 ilium
608 2228 748 2269 amorem
779 2208 976 2289 coniungalis
1008 2208 1181 2269 dilectionis
1209 2218 1359 2289 rog0,·ut
1381 2210 1472 2270 dictis
1498 2211 1613 2289 pueris
1636 2211 1707 2271 filiis

428 2318 506 2378 meis
529 2317 635 2378 omnia
657 2318 741 2377 bono
763 2318 859 2377 modo
881 2326 913 2378 et
936 2317 1069 2377 fideliter
1092 2318 1178 2377 iuxta
1201 2318 1414 2396 possibilitatis
1431 2318 1621 2400 exigentiam
1637 2338 1706 2398 pro·

428 2434 524 2498 curet,
548 2444 666 2504 eosque
690 2426 753 2486 alat
777 2434 809 2485 et
831 2425 955 2500 nutriat,
980 2425 1031 2485 dei
1055 2425 1208 2487 adiurono
1231 2425 1399 2505 foveatque
1420 2434 1454 2487 et
1478 2435 1631 2507 protegat

533 2533 594 2593 iilis
617 2551 693 2593 vero
716 2532 797 2595 iusto
821 2533 873 2593 dei
896 2532 1019 2607 iudicio,
1047 2534 1131 2612 quod
1155 2533 1181 2594 si
1205 2552 1242 2593 ex
1266 2534 1325 2594 hoc
1349 2536 1475 2595 saeculo
1491 2535 1612 2614 absque
1632 2536 1707 2595 hae·

429 2644 539 2703 redum
563 2642 675 2703 solatio
698 2642 777 2704 mori
800 2650 832 2702 et
855 2642 1010 2702 decedere
1027 2642 1288 2721 contingentibus,
1305 2650 1419 2713 extunc
1443 2652 1475 2702 ut
1500 2643 1709 2722 praemissum

433 2760 489 2828 est,
501 2750 649 2813 universa
671 2751 756 2812 bona
778 2758 810 2811 et
833 2768 884 2811 res
907 2749 1038 2810 mobiles
1055 2749 1086 2810 in
1101 2749 1235 2810 nobilem
1259 2749 1433 2831 Georgium
1457 2750 1596 2812 similiter
1621 2749 1704 2810 Gho-

427 2860 638 2936 wcrkowych,
654 2858 783 2920 iratrem
806 2857 963 2918 carnalem
989 2865 1021 2917 et
1043 2857 1197 2918 uterinum
1216 2857 1356 2918 annotati
1372 2858 1475 2918 mariti
1491 2857 1552 2918 mei
1568 2857 1706 2918 tenenda

429 2977 460 3028 et
483 2966 674 3046 possidenda
696 2968 778 3045 lego.

534 3073 683 3135 Ceterum
699 3074 822 3153 puellae
834 3071 1015 3132 Dorotheae
1027 3071 1126 3133 sorori
1138 3071 1245 3131 itidem
1258 3071 1374 3132 carnali
1390 3080 1421 3132 et
1437 3071 1577 3133 uterinae
1590 3091 1706 3132 merno-

428 3181 487 3241 rati
519 3181 636 3242 domini
667 3179 769 3240 mariti
797 3180 868 3251 mei,
899 3179 941 3260 ob
973 3187 1150 3256 respectum
1181 3179 1318 3240 fidelium
1344 3179 1539 3243 servitiorum
1561 3197 1707 3262 suorum,

428 3289 541 3368 quibus
563 3289 633 3368 ipsa
664 3287 738 3347 mihi
770 3295 801 3347 et
831 3287 910 3346 meis
942 3305 1068 3365 semper
1091 3285 1156 3346 vita
1183 3305 1254 3346 mea
1279 3286 1410 3347 durante
1435 3287 1533 3347 adluit
1556 3300 1587 3347 et
1610 3288 1707 3348 inser·

429 3396 513 3468 vivit,
538 3415 575 3456 ac
598 3395 630 3456 in
653 3403 841 3474 posteroque
857 3394 928 3454 filiis
951 3394 1031 3454 meis
1054 3413 1088 3454 se
1113 3402 1343 3474 praestaturam
1368 3394 1526 3472 policetur‚
1543 3415 1638 3455 unam
1662 3395 1706 3456 in·

428 3512 551 3584 tegram
575 3503 748 3563 sessionem
775 3501 977 3563 colonicalem
1003 3501 1043 3561 ad
1067 3501 1205 3562 sedecim
1229 3499 1340 3580 iugera
1364 3520 1398 3560 se
1423 3501 1643 3563 extendentem
1675 3502 1706 3563 in

429 3619 591 3690 praetacta
613 3609 813 3689 possessione
838 3609 1007 3686 Hreiycby,
1034 3609 1091 3668 sibi
1115 3609 1242 3687 suisque
1272 3609 1460 3671 haeredibus
1484 3611 1652 3670 tenendam
1676 3620 1706 3672 et

429 3719 652 3798 possidendam
674 3719 755 3798 lego.

535 3828 670 3887 Tutores
690 3845 766 3887 vero
782 3834 814 3885 et
826 3833 986 3886 curatores
1003 3842 1091 3885 meos
1108 3823 1282 3902 praesentis
1296 3825 1475 3883 testamenti
1499 3843 1555 3883 seu
1579 3825 1706 3887 ultimae

429 3934 596 3994 voluntatis
619 3952 709 3993 meae
732 3951 826 3992 veros
849 3940 879 3992 et
902 3932 1072 4011 legittimos
1095 3931 1182 4010 lego:
1208 3932 1413 3992 reverendum
1431 3932 1588 3992 dominum
1615 3933 1707 3995 Nico·

429 4041 513 4102 laum
525 4041 734 4118 Mykaczium,
749 4049 908 4100 cantorem
925 4047 957 4098 et
972 4039 1157 4099 canonicum
1171 4039 1297 4118 capituli
1310 4039 1462 4099 ecclesiae
1475 4041 1706 4120 Zagrabiensis,

430 4169 467 4209 ac
490 4149 702 4228 praepositum
726 4149 877 4208 ecciesiae
900 4149 1014 4207 beatae
1038 4147 1138 4207 Marie
1154 4147 1300 4227 virginis;
1323 4147 1408 4208 ittem
1426 4149 1574 4228 egregios
1598 4159 1628 4210 et
1651 4170 1705 4210 no-

428 4257 506 4317 biles
530 4256 689 4318 dominum
712 4256 893 4316 Ladisiaum
918 4256 1152 4332 Bwirowachlry
1169 4263 1200 4315 et
1215 4255 1374 4316 dominam
1398 4255 1601 4317 Catherinam
1625 4257 1705 4335 Kys-

429 4365 557 4440 sewych
587 4373 764 4426 consortem
795 4363 944 4434 eiusdem,
975 4361 1236 4442 Christophorum
1261 4363 1525 4440 Mernyawchych
1559 4364 1599 4424 de
1631 4366 1705 4425 Bre-

429 4490 587 4548 zowycza,
621 4472 775 4531 Thomam
809 4471 1028 4547 Laczirowych
1053 4471 1093 4530 de
1125 4471 1200 4550 Nag
1235 4470 1350 4544 Miaka,
1383 4470 1516 4531 iudicem
1548 4471 1705 4533 nobilium‘

430 4578 633 4638 Benedictum
665 4578 821 4652 Arbanaz,
855 4579 1064 4639 reverendum
1098 4577 1259 4638 dominum
1291 4578 1457 4638 Matthiam
1488 4580 1704 4657 presbiterum,

429 4686 597 4764 plebanum
620 4685 880 4746 ecelesiae-beati
911 4686 1011 4746 Marci
1035 4686 1066 4744 in
1089 4685 1202 4763 Spinis,
1228 4703 1334 4744 coram
1367 4683 1521 4746 nobilibus
1543 4685 1704 4766 Stephano

429 4794 588 4874 Krwpych
611 4795 651 4854 de
674 4793 836 4872 praedicta
867 4793 961 4874 Nagb
994 4794 1110 4870 Miaira,
1144 4794 1238 4852 Petro
1270 4793 1470 4869 Koskcwych
1494 4793 1534 4852 de
1557 4794 1701 4856 Hrasche

429 4901 566 4961 Martino
587 4901 712 4980 Sporar,
736 4901 805 4961 cive
828 4895 986 4975 civitatis,
1011 4900 1172 4978 Stephano
1195 4900 1372 4976 Monozioy‚
1395 4917 1454 4960 nec
1477 4919 1540 4960 uon
1562 4903 1702 4980 providis
