<?xml version="1.0" encoding="UTF-8"?>
<!DOCTYPE html PUBLIC "-//W3C//DTD XHTML 1.0 Transitional//EN"
    "http://www.w3.org/TR/xhtml1/DTD/xhtml1-transitional.dtd">
<html xmlns="http://www.w3.org/1999/xhtml" xml:lang="en" lang="en">
 <head>
  <title>
</title>
<meta http-equiv="Content-Type" content="text/html;charset=utf-8" />
  <meta name='ocr-system' content='tesseract 3.04.00' />
  <meta name='ocr-capabilities' content='ocr_page ocr_carea ocr_par ocr_line ocrx_word'/>
</head>
<body>
  <div class='ocr_page' id='page_1' title='image "./povjesnispomeni00laszgoog_0639.png"; bbox 0 0 3934 5550; ppageno 0'>
   <div class='ocr_carea' id='block_1_1' title="bbox 405 403 471 484">
    <p class='ocr_par' dir='ltr' id='par_1_1' title="bbox 405 403 471 484">
     <span class='ocr_line' id='line_1_1' title="bbox 405 403 471 484; baseline 0.045 -3"><span class='ocrx_word' id='word_1_1' title='bbox 405 403 471 484; x_wconf 71' lang='lat'>608</span> 
     </span>
    </p>
   </div>
   <div class='ocr_carea' id='block_1_2' title="bbox 354 619 1690 5021">
    <p class='ocr_par' dir='ltr' id='par_1_2' title="bbox 404 619 1684 1246">
     <span class='ocr_line' id='line_1_2' title="bbox 410 619 1681 712; baseline -0.003 -17"><span class='ocrx_word' id='word_1_2' title='bbox 410 655 582 712; x_wconf 84' lang='lat' dir='ltr'>assessore,</span> <span class='ocrx_word' id='word_1_3' title='bbox 598 634 747 696; x_wconf 86' lang='lat' dir='ltr'>Gabriele</span> <span class='ocrx_word' id='word_1_4' title='bbox 760 633 918 708; x_wconf 82' lang='lat' dir='ltr'>Skerlecz,</span> <span class='ocrx_word' id='word_1_5' title='bbox 928 621 1043 712; x_wconf 89' lang='lat' dir='ltr'>Campi</span> <span class='ocrx_word' id='word_1_6' title='bbox 1059 632 1187 693; x_wconf 77' lang='lat' dir='ltr'><strong>antelati</strong></span> <span class='ocrx_word' id='word_1_7' title='bbox 1199 620 1300 693; x_wconf 83' lang='lat' dir='ltr'>iurato</span> <span class='ocrx_word' id='word_1_8' title='bbox 1314 631 1436 692; x_wconf 84' lang='lat' dir='ltr'>natatio</span> <span class='ocrx_word' id='word_1_9' title='bbox 1449 640 1481 691; x_wconf 92' lang='lat' dir='ltr'>et</span> <span class='ocrx_word' id='word_1_10' title='bbox 1491 619 1566 692; x_wconf 87' lang='lat' dir='ltr'>iuris</span> <span class='ocrx_word' id='word_1_11' title='bbox 1579 640 1681 691; x_wconf 60' lang='lat' dir='ltr'>asses*</span> 
     </span>
     <span class='ocr_line' id='line_1_3' title="bbox 411 737 1684 821; baseline -0.003 -19"><span class='ocrx_word' id='word_1_12' title='bbox 411 762 492 818; x_wconf 89' lang='lat' dir='ltr'>sore,</span> <span class='ocrx_word' id='word_1_13' title='bbox 516 739 852 820; x_wconf 90' lang='lat' dir='ltr'>Kosztaniczensisque</span> <span class='ocrx_word' id='word_1_14' title='bbox 875 741 1023 821; x_wconf 90' lang='lat' dir='ltr'>praesidii</span> <span class='ocrx_word' id='word_1_15' title='bbox 1037 740 1181 814; x_wconf 89' lang='lat' dir='ltr'>vaivoda,</span> <span class='ocrx_word' id='word_1_16' title='bbox 1204 741 1320 800; x_wconf 84' lang='lat' dir='ltr'><strong>Ioanne</strong></span> <span class='ocrx_word' id='word_1_17' title='bbox 1336 737 1461 814; x_wconf 84' lang='lat' dir='ltr'>Mixich,</span> <span class='ocrx_word' id='word_1_18' title='bbox 1484 739 1559 799; x_wconf 89' lang='lat' dir='ltr'>iuris</span> <span class='ocrx_word' id='word_1_19' title='bbox 1582 741 1684 799; x_wconf 88' lang='lat' dir='ltr'>asses·</span> 
     </span>
     <span class='ocr_line' id='line_1_4' title="bbox 405 845 1683 926; baseline -0.004 -17"><span class='ocrx_word' id='word_1_20' title='bbox 405 869 485 925; x_wconf 91' lang='lat' dir='ltr'>sore,</span> <span class='ocrx_word' id='word_1_21' title='bbox 516 849 633 912; x_wconf 84' lang='lat' dir='ltr'>Ioanne</span> <span class='ocrx_word' id='word_1_22' title='bbox 664 848 842 908; x_wconf 90' lang='lat' dir='ltr'>Gerdenich</span> <span class='ocrx_word' id='word_1_23' title='bbox 873 847 948 907; x_wconf 89' lang='lat' dir='ltr'>iuris</span> <span class='ocrx_word' id='word_1_24' title='bbox 981 865 1150 921; x_wconf 82' lang='lat' dir='ltr'>assessore,</span> <span class='ocrx_word' id='word_1_25' title='bbox 1183 846 1306 926; x_wconf 86' lang='lat' dir='ltr'>ignatio</span> <span class='ocrx_word' id='word_1_26' title='bbox 1339 846 1520 924; x_wconf 88' lang='lat' dir='ltr'>Ztepanich,</span> <span class='ocrx_word' id='word_1_27' title='bbox 1556 845 1683 924; x_wconf 90' lang='lat' dir='ltr'>antiquo</span> 
     </span>
     <span class='ocr_line' id='line_1_5' title="bbox 406 953 1681 1032; baseline -0.005 -15"><span class='ocrx_word' id='word_1_28' title='bbox 406 956 503 1017; x_wconf 89' lang='lat' dir='ltr'>fiscali</span> <span class='ocrx_word' id='word_1_29' title='bbox 535 965 566 1017; x_wconf 93' lang='lat' dir='ltr'>et</span> <span class='ocrx_word' id='word_1_30' title='bbox 597 956 916 1028; x_wconf 84' lang='lat' dir='ltr'>viceiurisassessore,</span> <span class='ocrx_word' id='word_1_31' title='bbox 941 955 1109 1014; x_wconf 85' lang='lat' dir='ltr'>Francisco</span> <span class='ocrx_word' id='word_1_32' title='bbox 1133 954 1270 1028; x_wconf 89' lang='lat' dir='ltr'>Mudich,</span> <span class='ocrx_word' id='word_1_33' title='bbox 1294 953 1410 1032; x_wconf 90' lang='lat' dir='ltr'>pariter</span> <span class='ocrx_word' id='word_1_34' title='bbox 1433 953 1681 1014; x_wconf 88' lang='lat' dir='ltr'>viceiurisasses·</span> 
     </span>
     <span class='ocr_line' id='line_1_6' title="bbox 404 1059 1678 1145; baseline -0.002 -24"><span class='ocrx_word' id='word_1_35' title='bbox 404 1083 484 1138; x_wconf 87' lang='lat' dir='ltr'>sore,</span> <span class='ocrx_word' id='word_1_36' title='bbox 517 1063 656 1145; x_wconf 85' lang='lat' dir='ltr'>Georgio</span> <span class='ocrx_word' id='word_1_37' title='bbox 685 1062 811 1136; x_wconf 83' lang='lat' dir='ltr'>Mixich,</span> <span class='ocrx_word' id='word_1_38' title='bbox 841 1061 979 1121; x_wconf 90' lang='lat' dir='ltr'>Nicolao</span> <span class='ocrx_word' id='word_1_39' title='bbox 1013 1061 1209 1121; x_wconf 89' lang='lat' dir='ltr'>Kokotouich</span> <span class='ocrx_word' id='word_1_40' title='bbox 1248 1069 1280 1120; x_wconf 88' lang='lat' dir='ltr'>et</span> <span class='ocrx_word' id='word_1_41' title='bbox 1313 1061 1448 1121; x_wconf 82' lang='lat' dir='ltr'>Matthia</span> <span class='ocrx_word' id='word_1_42' title='bbox 1487 1059 1678 1140; x_wconf 88' lang='lat' dir='ltr'>Sippussich,</span> 
     </span>
     <span class='ocr_line' id='line_1_7' title="bbox 404 1167 1431 1246; baseline 0.001 -18"><span class='ocrx_word' id='word_1_43' title='bbox 404 1171 519 1230; x_wconf 90' lang='lat' dir='ltr'>famulo</span> <span class='ocrx_word' id='word_1_44' title='bbox 544 1169 783 1242; x_wconf 78' lang='lat' dir='ltr'>communitatis,</span> <span class='ocrx_word' id='word_1_45' title='bbox 806 1168 924 1228; x_wconf 82' lang='lat' dir='ltr'>iactum</span> <span class='ocrx_word' id='word_1_46' title='bbox 949 1176 998 1228; x_wconf 91' lang='lat' dir='ltr'>est</span> <span class='ocrx_word' id='word_1_47' title='bbox 1020 1167 1252 1246; x_wconf 85' lang='lat' dir='ltr'>infrascriptum</span> <span class='ocrx_word' id='word_1_48' title='bbox 1275 1167 1431 1229; x_wconf 90' lang='lat' dir='ltr'>iudicium.</span> 
     </span>
    </p>

    <p class='ocr_par' dir='ltr' id='par_1_3' title="bbox 403 1274 1683 2319">
     <span class='ocr_line' id='line_1_8' title="bbox 511 1274 1681 1354; baseline -0.003 -17"><span class='ocrx_word' id='word_1_49' title='bbox 511 1279 721 1354; x_wconf 86' lang='lat' dir='ltr'>Reassumpta</span> <span class='ocrx_word' id='word_1_50' title='bbox 738 1275 865 1335; x_wconf 87' lang='lat' dir='ltr'>antelati</span> <span class='ocrx_word' id='word_1_51' title='bbox 888 1275 1004 1335; x_wconf 84' lang='lat' dir='ltr'>fiscalis</span> <span class='ocrx_word' id='word_1_52' title='bbox 1028 1284 1060 1335; x_wconf 90' lang='lat' dir='ltr'>et</span> <span class='ocrx_word' id='word_1_53' title='bbox 1076 1274 1190 1335; x_wconf 91' lang='lat' dir='ltr'>actoris</span> <span class='ocrx_word' id='word_1_54' title='bbox 1214 1293 1319 1351; x_wconf 90' lang='lat' dir='ltr'>causa,</span> <span class='ocrx_word' id='word_1_55' title='bbox 1343 1283 1452 1340; x_wconf 88' lang='lat' dir='ltr'>contra</span> <span class='ocrx_word' id='word_1_56' title='bbox 1475 1282 1507 1335; x_wconf 89' lang='lat' dir='ltr'>et</span> <span class='ocrx_word' id='word_1_57' title='bbox 1530 1276 1681 1335; x_wconf 90' lang='lat' dir='ltr'>adversus</span> 
     </span>
     <span class='ocr_line' id='line_1_9' title="bbox 408 1381 1681 1464; baseline -0.004 -20"><span class='ocrx_word' id='word_1_58' title='bbox 408 1385 682 1464; x_wconf 87' lang='lat' dir='ltr'>supranominatas</span> <span class='ocrx_word' id='word_1_59' title='bbox 706 1402 801 1460; x_wconf 82' lang='lat' dir='ltr'>sagas</span> <span class='ocrx_word' id='word_1_60' title='bbox 824 1389 857 1442; x_wconf 94' lang='lat' dir='ltr'>et</span> <span class='ocrx_word' id='word_1_61' title='bbox 879 1382 910 1442; x_wconf 92' lang='lat' dir='ltr'>in</span> <span class='ocrx_word' id='word_1_62' title='bbox 934 1400 1064 1442; x_wconf 88' lang='lat' dir='ltr'>causam</span> <span class='ocrx_word' id='word_1_63' title='bbox 1088 1389 1247 1457; x_wconf 89' lang='lat' dir='ltr'>attractas,</span> <span class='ocrx_word' id='word_1_64' title='bbox 1271 1383 1399 1460; x_wconf 91' lang='lat' dir='ltr'>dempta</span> <span class='ocrx_word' id='word_1_65' title='bbox 1423 1383 1583 1443; x_wconf 89' lang='lat' dir='ltr'>Dorothea</span> <span class='ocrx_word' id='word_1_66' title='bbox 1603 1381 1681 1440; x_wconf 91' lang='lat' dir='ltr'>Nar·</span> 
     </span>
     <span class='ocr_line' id='line_1_10' title="bbox 405 1486 1681 1569; baseline -0.005 -17"><span class='ocrx_word' id='word_1_67' title='bbox 405 1493 504 1568; x_wconf 90' lang='lat' dir='ltr'>chich,</span> <span class='ocrx_word' id='word_1_68' title='bbox 535 1489 694 1552; x_wconf 89' lang='lat' dir='ltr'>Laurentii</span> <span class='ocrx_word' id='word_1_69' title='bbox 725 1491 798 1551; x_wconf 92' lang='lat' dir='ltr'>olim</span> <span class='ocrx_word' id='word_1_70' title='bbox 831 1489 983 1550; x_wconf 89' lang='lat' dir='ltr'>Czesztar</span> <span class='ocrx_word' id='word_1_71' title='bbox 1015 1489 1129 1563; x_wconf 88' lang='lat' dir='ltr'>relicta,</span> <span class='ocrx_word' id='word_1_72' title='bbox 1161 1508 1242 1569; x_wconf 90' lang='lat' dir='ltr'>quae</span> <span class='ocrx_word' id='word_1_73' title='bbox 1272 1497 1344 1569; x_wconf 91' lang='lat' dir='ltr'>post</span> <span class='ocrx_word' id='word_1_74' title='bbox 1366 1497 1517 1550; x_wconf 90' lang='lat' dir='ltr'>torturam</span> <span class='ocrx_word' id='word_1_75' title='bbox 1541 1486 1681 1568; x_wconf 88' lang='lat' dir='ltr'>sequenti</span> 
     </span>
     <span class='ocr_line' id='line_1_11' title="bbox 404 1595 1681 1677; baseline -0.004 -17"><span class='ocrx_word' id='word_1_76' title='bbox 404 1596 454 1660; x_wconf 88' lang='lat' dir='ltr'>die</span> <span class='ocrx_word' id='word_1_77' title='bbox 478 1607 549 1677; x_wconf 90' lang='lat' dir='ltr'>post</span> <span class='ocrx_word' id='word_1_78' title='bbox 572 1597 731 1658; x_wconf 85' lang='lat' dir='ltr'>matutinis</span> <span class='ocrx_word' id='word_1_79' title='bbox 755 1597 892 1658; x_wconf 89' lang='lat' dir='ltr'>extincta</span> <span class='ocrx_word' id='word_1_80' title='bbox 915 1604 971 1672; x_wconf 88' lang='lat' dir='ltr'>est,</span> <span class='ocrx_word' id='word_1_81' title='bbox 1008 1605 1040 1656; x_wconf 92' lang='lat' dir='ltr'>et</span> <span class='ocrx_word' id='word_1_82' title='bbox 1062 1595 1244 1674; x_wconf 86' lang='lat' dir='ltr'>praemissis</span> <span class='ocrx_word' id='word_1_83' title='bbox 1264 1596 1392 1675; x_wconf 86' lang='lat' dir='ltr'>praevie</span> <span class='ocrx_word' id='word_1_84' title='bbox 1415 1595 1572 1675; x_wconf 88' lang='lat' dir='ltr'>praemitti</span> <span class='ocrx_word' id='word_1_85' title='bbox 1596 1613 1681 1655; x_wconf 89' lang='lat' dir='ltr'>asso·</span> 
     </span>
     <span class='ocr_line' id='line_1_12' title="bbox 403 1700 1682 1783; baseline -0.005 -17"><span class='ocrx_word' id='word_1_86' title='bbox 403 1703 465 1767; x_wconf 90' lang='lat' dir='ltr'>litis</span> <span class='ocrx_word' id='word_1_87' title='bbox 489 1706 551 1765; x_wconf 92' lang='lat' dir='ltr'>iam</span> <span class='ocrx_word' id='word_1_88' title='bbox 575 1705 738 1765; x_wconf 90' lang='lat' dir='ltr'>combusta</span> <span class='ocrx_word' id='word_1_89' title='bbox 760 1704 938 1778; x_wconf 90' lang='lat' dir='ltr'>haberetur,</span> <span class='ocrx_word' id='word_1_90' title='bbox 954 1703 1058 1782; x_wconf 92' lang='lat' dir='ltr'>prouti</span> <span class='ocrx_word' id='word_1_91' title='bbox 1082 1711 1114 1762; x_wconf 91' lang='lat' dir='ltr'>et</span> <span class='ocrx_word' id='word_1_92' title='bbox 1137 1703 1343 1783; x_wconf 86' lang='lat' dir='ltr'>Margaretha</span> <span class='ocrx_word' id='word_1_93' title='bbox 1359 1703 1542 1779; x_wconf 90' lang='lat' dir='ltr'>Klenovich,</span> <span class='ocrx_word' id='word_1_94' title='bbox 1558 1700 1682 1762; x_wconf 91' lang='lat' dir='ltr'>loannis</span> 
     </span>
     <span class='ocr_line' id='line_1_13' title="bbox 404 1807 1682 1891; baseline -0.007 -17"><span class='ocrx_word' id='word_1_95' title='bbox 404 1815 475 1875; x_wconf 91' lang='lat' dir='ltr'>Uuk</span> <span class='ocrx_word' id='word_1_96' title='bbox 507 1813 595 1872; x_wconf 90' lang='lat' dir='ltr'>aliter</span> <span class='ocrx_word' id='word_1_97' title='bbox 629 1812 744 1871; x_wconf 90' lang='lat' dir='ltr'>Mlinar</span> <span class='ocrx_word' id='word_1_98' title='bbox 777 1811 957 1886; x_wconf 89' lang='lat' dir='ltr'>conthorali,</span> <span class='ocrx_word' id='word_1_99' title='bbox 990 1818 1022 1870; x_wconf 89' lang='lat' dir='ltr'>et</span> <span class='ocrx_word' id='word_1_100' title='bbox 1052 1811 1175 1871; x_wconf 88' lang='lat' dir='ltr'>Helena</span> <span class='ocrx_word' id='word_1_101' title='bbox 1205 1811 1355 1886; x_wconf 88' lang='lat' dir='ltr'>Mikinka,</span> <span class='ocrx_word' id='word_1_102' title='bbox 1386 1831 1468 1891; x_wconf 89' lang='lat' dir='ltr'>quae</span> <span class='ocrx_word' id='word_1_103' title='bbox 1500 1810 1626 1890; x_wconf 90' lang='lat' dir='ltr'>quidem</span> <span class='ocrx_word' id='word_1_104' title='bbox 1650 1807 1682 1866; x_wconf 89' lang='lat' dir='ltr'>in</span> 
     </span>
     <span class='ocr_line' id='line_1_14' title="bbox 404 1917 1682 1999; baseline -0.005 -19"><span class='ocrx_word' id='word_1_105' title='bbox 404 1921 498 1999; x_wconf 87' lang='lat' dir='ltr'>priori</span> <span class='ocrx_word' id='word_1_106' title='bbox 522 1920 678 1980; x_wconf 89' lang='lat' dir='ltr'>sententia</span> <span class='ocrx_word' id='word_1_107' title='bbox 701 1926 841 1978; x_wconf 90' lang='lat' dir='ltr'>torturae</span> <span class='ocrx_word' id='word_1_108' title='bbox 866 1917 961 1978; x_wconf 92' lang='lat' dir='ltr'>etiam</span> <span class='ocrx_word' id='word_1_109' title='bbox 987 1918 1184 1978; x_wconf 88' lang='lat' dir='ltr'>adiudicatae</span> <span class='ocrx_word' id='word_1_110' title='bbox 1198 1917 1380 1993; x_wconf 72' lang='lat' dir='ltr'>extitissent,</span> <span class='ocrx_word' id='word_1_111' title='bbox 1397 1918 1594 1978; x_wconf 86' lang='lat' dir='ltr'>nihilominus</span> <span class='ocrx_word' id='word_1_112' title='bbox 1607 1933 1682 1976; x_wconf 86' lang='lat' dir='ltr'>cum</span> 
     </span>
     <span class='ocr_line' id='line_1_15' title="bbox 405 2025 1681 2106; baseline -0.004 -18"><span class='ocrx_word' id='word_1_113' title='bbox 405 2027 595 2088; x_wconf 85' lang='lat' dir='ltr'>sufficienter</span> <span class='ocrx_word' id='word_1_114' title='bbox 619 2027 650 2086; x_wconf 92' lang='lat' dir='ltr'>in</span> <span class='ocrx_word' id='word_1_115' title='bbox 674 2025 886 2106; x_wconf 81' lang='lat' dir='ltr'>cognitionem</span> <span class='ocrx_word' id='word_1_116' title='bbox 911 2026 1082 2085; x_wconf 88' lang='lat' dir='ltr'>deventum</span> <span class='ocrx_word' id='word_1_117' title='bbox 1098 2025 1275 2101; x_wconf 87' lang='lat' dir='ltr'>haberetur,</span> <span class='ocrx_word' id='word_1_118' title='bbox 1292 2025 1420 2086; x_wconf 89' lang='lat' dir='ltr'>easdem</span> <span class='ocrx_word' id='word_1_119' title='bbox 1436 2026 1546 2086; x_wconf 89' lang='lat' dir='ltr'>ambas</span> <span class='ocrx_word' id='word_1_120' title='bbox 1569 2043 1681 2104; x_wconf 80' lang='lat' dir='ltr'>praeg-</span> 
     </span>
     <span class='ocr_line' id='line_1_16' title="bbox 405 2131 1683 2213; baseline -0.003 -18"><span class='ocrx_word' id='word_1_121' title='bbox 405 2145 517 2195; x_wconf 87' lang='lat' dir='ltr'>nantes</span> <span class='ocrx_word' id='word_1_122' title='bbox 548 2153 628 2212; x_wconf 89' lang='lat' dir='ltr'>esse,</span> <span class='ocrx_word' id='word_1_123' title='bbox 661 2153 732 2194; x_wconf 92' lang='lat' dir='ltr'>cum</span> <span class='ocrx_word' id='word_1_124' title='bbox 764 2133 877 2212; x_wconf 90' lang='lat' dir='ltr'>quibus</span> <span class='ocrx_word' id='word_1_125' title='bbox 901 2133 1064 2212; x_wconf 84' lang='lat' dir='ltr'>negotium</span> <span class='ocrx_word' id='word_1_126' title='bbox 1089 2134 1261 2193; x_wconf 87' lang='lat' dir='ltr'>earundem</span> <span class='ocrx_word' id='word_1_127' title='bbox 1284 2132 1317 2193; x_wconf 93' lang='lat' dir='ltr'>in</span> <span class='ocrx_word' id='word_1_128' title='bbox 1340 2152 1495 2213; x_wconf 88' lang='lat' dir='ltr'>suspenso</span> <span class='ocrx_word' id='word_1_129' title='bbox 1518 2151 1618 2212; x_wconf 91' lang='lat' dir='ltr'>usque</span> <span class='ocrx_word' id='word_1_130' title='bbox 1643 2131 1683 2192; x_wconf 91' lang='lat' dir='ltr'>ad</span> 
     </span>
     <span class='ocr_line' id='line_1_17' title="bbox 405 2239 1607 2319; baseline -0.002 -17"><span class='ocrx_word' id='word_1_131' title='bbox 405 2243 583 2304; x_wconf 90' lang='lat' dir='ltr'>ulteriorem</span> <span class='ocrx_word' id='word_1_132' title='bbox 607 2241 651 2301; x_wconf 91' lang='lat' dir='ltr'>rei</span> <span class='ocrx_word' id='word_1_133' title='bbox 675 2240 921 2301; x_wconf 90' lang='lat' dir='ltr'>verificationem</span> <span class='ocrx_word' id='word_1_134' title='bbox 945 2240 1084 2300; x_wconf 88' lang='lat' dir='ltr'>manebit</span> <span class='ocrx_word' id='word_1_135' title='bbox 1107 2241 1158 2300; x_wconf 90' lang='lat' dir='ltr'>vel</span> <span class='ocrx_word' id='word_1_136' title='bbox 1181 2248 1275 2319; x_wconf 90' lang='lat' dir='ltr'>prout</span> <span class='ocrx_word' id='word_1_137' title='bbox 1297 2240 1364 2305; x_wconf 76' lang='lat' dir='ltr'>iuri,</span> <span class='ocrx_word' id='word_1_138' title='bbox 1380 2239 1483 2300; x_wconf 89' lang='lat' dir='ltr'>visum</span> <span class='ocrx_word' id='word_1_139' title='bbox 1507 2239 1607 2301; x_wconf 89' lang='lat' dir='ltr'>fuerit.</span> 
     </span>
    </p>

    <p class='ocr_par' dir='ltr' id='par_1_4' title="bbox 406 2346 1690 2858">
     <span class='ocr_line' id='line_1_18' title="bbox 510 2346 1681 2428; baseline -0.003 -19"><span class='ocrx_word' id='word_1_140' title='bbox 510 2351 573 2409; x_wconf 92' lang='lat' dir='ltr'>Pro</span> <span class='ocrx_word' id='word_1_141' title='bbox 604 2349 796 2408; x_wconf 89' lang='lat' dir='ltr'>mentionato</span> <span class='ocrx_word' id='word_1_142' title='bbox 819 2348 918 2407; x_wconf 86' lang='lat' dir='ltr'>fiscali</span> <span class='ocrx_word' id='word_1_143' title='bbox 941 2355 974 2408; x_wconf 90' lang='lat' dir='ltr'>et</span> <span class='ocrx_word' id='word_1_144' title='bbox 998 2356 1104 2406; x_wconf 89' lang='lat' dir='ltr'>actore</span> <span class='ocrx_word' id='word_1_145' title='bbox 1136 2349 1285 2428; x_wconf 72' lang='lat' dir='ltr'>egregius</span> <span class='ocrx_word' id='word_1_146' title='bbox 1302 2348 1439 2408; x_wconf 89' lang='lat' dir='ltr'>Michael</span> <span class='ocrx_word' id='word_1_147' title='bbox 1461 2346 1681 2408; x_wconf 89' lang='lat' dir='ltr'>Szmolkovich</span> 
     </span>
     <span class='ocr_line' id='line_1_19' title="bbox 407 2453 1687 2535; baseline -0.005 -17"><span class='ocrx_word' id='word_1_148' title='bbox 407 2457 531 2533; x_wconf 90' lang='lat' dir='ltr'>nostris,</span> <span class='ocrx_word' id='word_1_149' title='bbox 566 2456 708 2535; x_wconf 89' lang='lat' dir='ltr'>adeoque</span> <span class='ocrx_word' id='word_1_150' title='bbox 744 2454 909 2514; x_wconf 80' lang='lat' dir='ltr'>sufficienti</span> <span class='ocrx_word' id='word_1_151' title='bbox 941 2453 1072 2514; x_wconf 89' lang='lat' dir='ltr'>iuridica</span> <span class='ocrx_word' id='word_1_152' title='bbox 1105 2453 1254 2515; x_wconf 87' lang='lat' dir='ltr'>facultate</span> <span class='ocrx_word' id='word_1_153' title='bbox 1289 2455 1459 2515; x_wconf 90' lang='lat' dir='ltr'>instructus</span> <span class='ocrx_word' id='word_1_154' title='bbox 1495 2462 1687 2534; x_wconf 89' lang='lat' dir='ltr'>procurator,</span> 
     </span>
     <span class='ocr_line' id='line_1_20' title="bbox 406 2559 1690 2644; baseline -0.003 -21"><span class='ocrx_word' id='word_1_155' title='bbox 406 2564 554 2644; x_wconf 89' lang='lat' dir='ltr'>&#39;producit</span> <span class='ocrx_word' id='word_1_156' title='bbox 578 2562 748 2623; x_wconf 90' lang='lat' dir='ltr'>earundem</span> <span class='ocrx_word' id='word_1_157' title='bbox 773 2560 804 2621; x_wconf 91' lang='lat' dir='ltr'>in</span> <span class='ocrx_word' id='word_1_158' title='bbox 822 2581 951 2621; x_wconf 91' lang='lat' dir='ltr'>causam</span> <span class='ocrx_word' id='word_1_159' title='bbox 969 2569 1172 2621; x_wconf 80' lang='lat' dir='ltr'>attrectatum</span> <span class='ocrx_word' id='word_1_160' title='bbox 1196 2562 1358 2623; x_wconf 89' lang='lat' dir='ltr'>torturalia</span> <span class='ocrx_word' id='word_1_161' title='bbox 1382 2563 1528 2628; x_wconf 75' lang='lat' dir='ltr'>examina</span> <span class='ocrx_word' id='word_1_162' title='bbox 1552 2559 1690 2623; x_wconf 82' lang='lat' dir='ltr'>numeris</span> 
     </span>
     <span class='ocr_line' id='line_1_21' title="bbox 409 2663 1684 2750; baseline -0.002 -19"><span class='ocrx_word' id='word_1_163' title='bbox 409 2672 446 2745; x_wconf 91' lang='lat' dir='ltr'>l.,</span> <span class='ocrx_word' id='word_1_164' title='bbox 470 2671 498 2731; x_wconf 86' lang='lat'>2.</span> <span class='ocrx_word' id='word_1_165' title='bbox 524 2678 556 2730; x_wconf 92' lang='lat' dir='ltr'>et</span> <span class='ocrx_word' id='word_1_166' title='bbox 579 2668 608 2732; x_wconf 84' lang='lat'>3.</span> <span class='ocrx_word' id='word_1_167' title='bbox 632 2669 773 2750; x_wconf 86' lang='lat' dir='ltr'>signatis,</span> <span class='ocrx_word' id='word_1_168' title='bbox 806 2668 918 2727; x_wconf 89' lang='lat' dir='ltr'>virtute</span> <span class='ocrx_word' id='word_1_169' title='bbox 950 2688 1083 2747; x_wconf 90' lang='lat' dir='ltr'>quorum</span> <span class='ocrx_word' id='word_1_170' title='bbox 1114 2669 1207 2728; x_wconf 87' lang='lat' dir='ltr'>finale</span> <span class='ocrx_word' id='word_1_171' title='bbox 1232 2670 1271 2729; x_wconf 92' lang='lat' dir='ltr'>de</span> <span class='ocrx_word' id='word_1_172' title='bbox 1295 2669 1406 2730; x_wconf 89' lang='lat' dir='ltr'>iisdem</span> <span class='ocrx_word' id='word_1_173' title='bbox 1429 2671 1462 2730; x_wconf 91' lang='lat' dir='ltr'>in</span> <span class='ocrx_word' id='word_1_174' title='bbox 1477 2663 1614 2730; x_wconf 88' lang='lat' dir='ltr'>&#39;causam</span> <span class='ocrx_word' id='word_1_175' title='bbox 1639 2677 1684 2728; x_wconf 90' lang='lat' dir='ltr'>at·</span> 
     </span>
     <span class='ocr_line' id='line_1_22' title="bbox 406 2778 838 2858; baseline -0.009 -17"><span class='ocrx_word' id='word_1_176' title='bbox 406 2778 514 2841; x_wconf 89' lang='lat' dir='ltr'>tractis</span> <span class='ocrx_word' id='word_1_177' title='bbox 537 2787 658 2858; x_wconf 91' lang='lat' dir='ltr'>peteret</span> <span class='ocrx_word' id='word_1_178' title='bbox 681 2778 838 2839; x_wconf 90' lang='lat' dir='ltr'>iudicium.</span> 
     </span>
    </p>

    <p class='ocr_par' dir='ltr' id='par_1_5' title="bbox 354 2882 1687 4663">
     <span class='ocr_line' id='line_1_23' title="bbox 512 2882 1686 2963; baseline -0.001 -18"><span class='ocrx_word' id='word_1_179' title='bbox 512 2882 743 2945; x_wconf 89' lang='lat' dir='ltr'>Deliberatum:</span> <span class='ocrx_word' id='word_1_180' title='bbox 769 2884 919 2945; x_wconf 89' lang='lat' dir='ltr'>Perlectis</span> <span class='ocrx_word' id='word_1_181' title='bbox 939 2884 1159 2963; x_wconf 80' lang='lat' dir='ltr'>suprascriptis</span> <span class='ocrx_word' id='word_1_182' title='bbox 1176 2886 1378 2945; x_wconf 90' lang='lat' dir='ltr'>torturalibus</span> <span class='ocrx_word' id='word_1_183' title='bbox 1395 2884 1598 2963; x_wconf 83' lang='lat' dir='ltr'>examinibus,</span> <span class='ocrx_word' id='word_1_184' title='bbox 1615 2902 1686 2945; x_wconf 80' lang='lat' dir='ltr'>con·¹</span> 
     </span>
     <span class='ocr_line' id='line_1_24' title="bbox 408 2992 1687 3073; baseline -0.002 -18"><span class='ocrx_word' id='word_1_185' title='bbox 408 2992 608 3073; x_wconf 89' lang='lat' dir='ltr'>tinentiisque</span> <span class='ocrx_word' id='word_1_186' title='bbox 633 2994 804 3053; x_wconf 86' lang='lat' dir='ltr'>earundem</span> <span class='ocrx_word' id='word_1_187' title='bbox 828 2992 859 3052; x_wconf 92' lang='lat' dir='ltr'>in</span> <span class='ocrx_word' id='word_1_188' title='bbox 875 2992 1100 3053; x_wconf 90' lang='lat' dir='ltr'>accuratiorem</span> <span class='ocrx_word' id='word_1_189' title='bbox 1124 2994 1272 3053; x_wconf 89' lang='lat' dir='ltr'>trutinam</span> <span class='ocrx_word' id='word_1_190' title='bbox 1289 2994 1431 3054; x_wconf 90' lang='lat' dir='ltr'>deductis</span> <span class='ocrx_word' id='word_1_191' title='bbox 1456 3002 1487 3055; x_wconf 91' lang='lat' dir='ltr'>et</span> <span class='ocrx_word' id='word_1_192' title='bbox 1499 2992 1687 3073; x_wconf 89' lang='lat' dir='ltr'>ponderatis,</span> 
     </span>
     <span class='ocr_line' id='line_1_25' title="bbox 409 3098 1686 3181; baseline -0.002 -18"><span class='ocrx_word' id='word_1_193' title='bbox 409 3102 563 3181; x_wconf 87' lang='lat' dir='ltr'>siquidem</span> <span class='ocrx_word' id='word_1_194' title='bbox 587 3100 818 3179; x_wconf 84' lang='lat' dir='ltr'>suprascriptae</span> <span class='ocrx_word' id='word_1_195' title='bbox 843 3098 873 3159; x_wconf 92' lang='lat' dir='ltr'>in</span> <span class='ocrx_word' id='word_1_196' title='bbox 898 3119 1027 3159; x_wconf 91' lang='lat' dir='ltr'>causam</span> <span class='ocrx_word' id='word_1_197' title='bbox 1052 3108 1204 3161; x_wconf 90' lang='lat' dir='ltr'>attractae</span> <span class='ocrx_word' id='word_1_198' title='bbox 1221 3100 1251 3159; x_wconf 92' lang='lat' dir='ltr'>in</span> <span class='ocrx_word' id='word_1_199' title='bbox 1269 3110 1387 3161; x_wconf 90' lang='lat' dir='ltr'>tortura</span> <span class='ocrx_word' id='word_1_200' title='bbox 1411 3102 1600 3162; x_wconf 85' lang='lat' dir='ltr'>constitutae</span> <span class='ocrx_word' id='word_1_201' title='bbox 1616 3119 1686 3180; x_wconf 92' lang='lat' dir='ltr'>pro-</span> 
     </span>
     <span class='ocr_line' id='line_1_26' title="bbox 409 3198 1686 3289; baseline -0.001 -19"><span class='ocrx_word' id='word_1_202' title='bbox 409 3210 576 3270; x_wconf 87' lang='lat' dir='ltr'>fessionem</span> <span class='ocrx_word' id='word_1_203' title='bbox 610 3205 684 3268; x_wconf 87' lang='lat' dir='ltr'>artis</span> <span class='ocrx_word' id='word_1_204' title='bbox 716 3206 889 3267; x_wconf 86' lang='lat' dir='ltr'>diabolicae</span> <span class='ocrx_word' id='word_1_205' title='bbox 914 3215 944 3266; x_wconf 92' lang='lat' dir='ltr'>et</span> <span class='ocrx_word' id='word_1_206' title='bbox 967 3208 1102 3287; x_wconf 86' lang='lat' dir='ltr'>magiae,</span> <span class='ocrx_word' id='word_1_207' title='bbox 1135 3209 1337 3288; x_wconf 86' lang='lat' dir='ltr'>enormiaque</span> <span class='ocrx_word' id='word_1_208' title='bbox 1361 3228 1454 3288; x_wconf 90' lang='lat' dir='ltr'>quarn</span> <span class='ocrx_word' id='word_1_209' title='bbox 1478 3198 1611 3289; x_wconf 79' lang='lat' dir='ltr'>plurima</span> <span class='ocrx_word' id='word_1_210' title='bbox 1634 3228 1686 3269; x_wconf 86' lang='lat' dir='ltr'>ex·</span> 
     </span>
     <span class='ocr_line' id='line_1_27' title="bbox 412 3306 1687 3395; baseline -0.002 -17"><span class='ocrx_word' id='word_1_211' title='bbox 412 3319 483 3378; x_wconf 92' lang='lat' dir='ltr'>inde</span> <span class='ocrx_word' id='word_1_212' title='bbox 507 3318 590 3377; x_wconf 89' lang='lat' dir='ltr'>facta</span> <span class='ocrx_word' id='word_1_213' title='bbox 622 3314 739 3376; x_wconf 87' lang='lat' dir='ltr'>damna</span> <span class='ocrx_word' id='word_1_214' title='bbox 771 3324 802 3375; x_wconf 91' lang='lat' dir='ltr'>et</span> <span class='ocrx_word' id='word_1_215' title='bbox 832 3314 946 3375; x_wconf 90' lang='lat' dir='ltr'>delicta</span> <span class='ocrx_word' id='word_1_216' title='bbox 977 3334 1034 3393; x_wconf 91' lang='lat' dir='ltr'>per</span> <span class='ocrx_word' id='word_1_217' title='bbox 1057 3334 1091 3375; x_wconf 90' lang='lat' dir='ltr'>se</span> <span class='ocrx_word' id='word_1_218' title='bbox 1114 3306 1306 3395; x_wconf 78' lang='lat' dir='ltr'>perpetrata</span> <span class='ocrx_word' id='word_1_219' title='bbox 1326 3316 1489 3378; x_wconf 77' lang='lat' dir='ltr'>confessae</span> <span class='ocrx_word' id='word_1_220' title='bbox 1513 3317 1687 3378; x_wconf 87' lang='lat' dir='ltr'>extitissent</span> 
     </span>
     <span class='ocr_line' id='line_1_28' title="bbox 410 3423 1687 3505; baseline -0.002 -18"><span class='ocrx_word' id='word_1_221' title='bbox 410 3434 441 3487; x_wconf 95' lang='lat' dir='ltr'>et</span> <span class='ocrx_word' id='word_1_222' title='bbox 463 3425 726 3498; x_wconf 87' lang='lat' dir='ltr'>manilestassent,</span> <span class='ocrx_word' id='word_1_223' title='bbox 750 3424 791 3483; x_wconf 93' lang='lat' dir='ltr'>ob</span> <span class='ocrx_word' id='word_1_224' title='bbox 820 3423 880 3482; x_wconf 92' lang='lat' dir='ltr'>hoc</span> <span class='ocrx_word' id='word_1_225' title='bbox 903 3441 1025 3502; x_wconf 91' lang='lat' dir='ltr'>poenae</span> <span class='ocrx_word' id='word_1_226' title='bbox 1048 3442 1173 3503; x_wconf 90' lang='lat' dir='ltr'>quoque</span> <span class='ocrx_word' id='word_1_227' title='bbox 1197 3431 1243 3484; x_wconf 94' lang='lat' dir='ltr'>tot</span> <span class='ocrx_word' id='word_1_228' title='bbox 1265 3424 1388 3505; x_wconf 86' lang='lat' dir='ltr'>legibus</span> <span class='ocrx_word' id='word_1_229' title='bbox 1413 3424 1624 3487; x_wconf 85' lang='lat' dir='ltr'>criminalibus</span> <span class='ocrx_word' id='word_1_230' title='bbox 1656 3432 1687 3485; x_wconf 90' lang='lat' dir='ltr'>et</span> 
     </span>
     <span class='ocr_line' id='line_1_29' title="bbox 406 3531 1686 3613; baseline 0 -20"><span class='ocrx_word' id='word_1_231' title='bbox 406 3532 547 3594; x_wconf 90' lang='lat' dir='ltr'>civilibus</span> <span class='ocrx_word' id='word_1_232' title='bbox 572 3540 707 3592; x_wconf 90' lang='lat' dir='ltr'>statutae</span> <span class='ocrx_word' id='word_1_233' title='bbox 733 3550 803 3591; x_wconf 90' lang='lat' dir='ltr'>sese</span> <span class='ocrx_word' id='word_1_234' title='bbox 827 3531 979 3590; x_wconf 86' lang='lat' dir='ltr'>obnoxias</span> <span class='ocrx_word' id='word_1_235' title='bbox 1012 3532 1198 3607; x_wconf 85' lang='lat' dir='ltr'>effecissent,</span> <span class='ocrx_word' id='word_1_236' title='bbox 1222 3552 1319 3613; x_wconf 87' lang='lat' dir='ltr'>quare</span> <span class='ocrx_word' id='word_1_237' title='bbox 1343 3535 1477 3595; x_wconf 91' lang='lat' dir='ltr'>eaedem</span> <span class='ocrx_word' id='word_1_238' title='bbox 1501 3535 1533 3594; x_wconf 92' lang='lat' dir='ltr'>in</span> <span class='ocrx_word' id='word_1_239' title='bbox 1556 3553 1686 3595; x_wconf 89' lang='lat' dir='ltr'>causam</span> 
     </span>
     <span class='ocr_line' id='line_1_30' title="bbox 406 3637 1686 3719; baseline 0.003 -22"><span class='ocrx_word' id='word_1_240' title='bbox 406 3647 558 3698; x_wconf 88' lang='lat' dir='ltr'>attractae</span> <span class='ocrx_word' id='word_1_241' title='bbox 588 3638 717 3716; x_wconf 90' lang='lat' dir='ltr'>praevia</span> <span class='ocrx_word' id='word_1_242' title='bbox 748 3637 859 3715; x_wconf 88' lang='lat' dir='ltr'>capitis</span> <span class='ocrx_word' id='word_1_243' title='bbox 891 3638 1087 3699; x_wconf 88' lang='lat' dir='ltr'>decolatione</span> <span class='ocrx_word' id='word_1_244' title='bbox 1111 3640 1185 3719; x_wconf 84' lang='lat' dir='ltr'>igne</span> <span class='ocrx_word' id='word_1_245' title='bbox 1209 3659 1297 3701; x_wconf 91' lang='lat' dir='ltr'>more</span> <span class='ocrx_word' id='word_1_246' title='bbox 1320 3651 1472 3702; x_wconf 90' lang='lat' dir='ltr'>consveto</span> <span class='ocrx_word' id='word_1_247' title='bbox 1497 3642 1686 3702; x_wconf 92' lang='lat' dir='ltr'>cremandae</span> 
     </span>
     <span class='ocr_line' id='line_1_31' title="bbox 404 3745 1686 3829; baseline 0 -23"><span class='ocrx_word' id='word_1_248' title='bbox 404 3754 435 3806; x_wconf 92' lang='lat' dir='ltr'>et</span> <span class='ocrx_word' id='word_1_249' title='bbox 458 3745 690 3805; x_wconf 87' lang='lat' dir='ltr'>comburendae</span> <span class='ocrx_word' id='word_1_250' title='bbox 724 3746 942 3807; x_wconf 85' lang='lat' dir='ltr'>decernuntur.</span> <span class='ocrx_word' id='word_1_251' title='bbox 974 3746 1153 3807; x_wconf 85' lang='lat' dir='ltr'>Annotatae</span> <span class='ocrx_word' id='word_1_252' title='bbox 1186 3766 1263 3807; x_wconf 89' lang='lat' dir='ltr'>vero</span> <span class='ocrx_word' id='word_1_253' title='bbox 1294 3749 1508 3829; x_wconf 86' lang='lat' dir='ltr'>Margaretha,</span> <span class='ocrx_word' id='word_1_254' title='bbox 1540 3748 1686 3809; x_wconf 87' lang='lat' dir='ltr'>videlicet</span> 
     </span>
     <span class='ocr_line' id='line_1_32' title="bbox 403 3852 1680 3937; baseline 0.003 -26"><span class='ocrx_word' id='word_1_255' title='bbox 403 3854 535 3912; x_wconf 87' lang='lat' dir='ltr'>loannes</span> <span class='ocrx_word' id='word_1_256' title='bbox 551 3852 623 3916; x_wconf 80' lang='lat' dir='ltr'>Uulr</span> <span class='ocrx_word' id='word_1_257' title='bbox 645 3870 783 3925; x_wconf 82' lang='lat' dir='ltr'>consors,</span> <span class='ocrx_word' id='word_1_258' title='bbox 808 3861 839 3911; x_wconf 92' lang='lat' dir='ltr'>et</span> <span class='ocrx_word' id='word_1_259' title='bbox 862 3853 984 3913; x_wconf 92' lang='lat' dir='ltr'>Helena</span> <span class='ocrx_word' id='word_1_260' title='bbox 1005 3853 1153 3929; x_wconf 78' lang='lat' dir='ltr'>Mihinlra,</span> <span class='ocrx_word' id='word_1_261' title='bbox 1178 3856 1204 3913; x_wconf 92' lang='lat' dir='ltr'>si</span> <span class='ocrx_word' id='word_1_262' title='bbox 1228 3863 1260 3915; x_wconf 90' lang='lat' dir='ltr'>et</span> <span class='ocrx_word' id='word_1_263' title='bbox 1283 3857 1357 3916; x_wconf 94' lang='lat' dir='ltr'>dum</span> <span class='ocrx_word' id='word_1_264' title='bbox 1374 3857 1502 3917; x_wconf 89' lang='lat' dir='ltr'>easdem</span> <span class='ocrx_word' id='word_1_265' title='bbox 1530 3856 1680 3937; x_wconf 81' lang='lat' dir='ltr'>gravidas</span> 
     </span>
     <span class='ocr_line' id='line_1_33' title="bbox 406 3958 1683 4043; baseline 0.002 -23"><span class='ocrx_word' id='word_1_266' title='bbox 406 3978 476 4020; x_wconf 89' lang='lat' dir='ltr'>esse</span> <span class='ocrx_word' id='word_1_267' title='bbox 500 3958 637 4018; x_wconf 90' lang='lat' dir='ltr'>veridice</span> <span class='ocrx_word' id='word_1_268' title='bbox 662 3968 855 4036; x_wconf 87' lang='lat' dir='ltr'>compertum</span> <span class='ocrx_word' id='word_1_269' title='bbox 888 3959 998 4035; x_wconf 84' lang='lat' dir='ltr'>luerat,</span> <span class='ocrx_word' id='word_1_270' title='bbox 1023 3961 1063 4019; x_wconf 91' lang='lat' dir='ltr'>ad</span> <span class='ocrx_word' id='word_1_271' title='bbox 1086 3970 1210 4039; x_wconf 92' lang='lat' dir='ltr'>tempus</span> <span class='ocrx_word' id='word_1_272' title='bbox 1236 3965 1406 4025; x_wconf 88' lang='lat' dir='ltr'>earundem</span> <span class='ocrx_word' id='word_1_273' title='bbox 1430 3973 1539 4043; x_wconf 85' lang='lat' dir='ltr'>partus</span> <span class='ocrx_word' id='word_1_274' title='bbox 1562 3965 1593 4023; x_wconf 92' lang='lat' dir='ltr'>in</span> <span class='ocrx_word' id='word_1_275' title='bbox 1618 3982 1683 4024; x_wconf 91' lang='lat' dir='ltr'>car·</span> 
     </span>
     <span class='ocr_line' id='line_1_34' title="bbox 405 4065 1684 4144; baseline 0.002 -17"><span class='ocrx_word' id='word_1_276' title='bbox 405 4067 528 4127; x_wconf 90' lang='lat' dir='ltr'>ceribus</span> <span class='ocrx_word' id='word_1_277' title='bbox 544 4065 741 4142; x_wconf 87' lang='lat' dir='ltr'>detinendae,</span> <span class='ocrx_word' id='word_1_278' title='bbox 767 4075 877 4144; x_wconf 84' lang='lat' dir='ltr'>expost</span> <span class='ocrx_word' id='word_1_279' title='bbox 901 4086 976 4127; x_wconf 93' lang='lat' dir='ltr'>vero</span> <span class='ocrx_word' id='word_1_280' title='bbox 999 4066 1063 4126; x_wconf 88' lang='lat' dir='ltr'>iam</span> <span class='ocrx_word' id='word_1_281' title='bbox 1087 4068 1264 4129; x_wconf 88' lang='lat' dir='ltr'>adiudicato</span> <span class='ocrx_word' id='word_1_282' title='bbox 1282 4071 1422 4131; x_wconf 88' lang='lat' dir='ltr'>torturali</span> <span class='ocrx_word' id='word_1_283' title='bbox 1440 4070 1574 4131; x_wconf 89' lang='lat' dir='ltr'>examini</span> <span class='ocrx_word' id='word_1_284' title='bbox 1590 4068 1684 4132; x_wconf 88' lang='lat' dir='ltr'>subii·</span> 
     </span>
     <span class='ocr_line' id='line_1_35' title="bbox 406 4173 1685 4253; baseline 0.004 -19"><span class='ocrx_word' id='word_1_285' title='bbox 406 4176 507 4235; x_wconf 89' lang='lat' dir='ltr'>endae</span> <span class='ocrx_word' id='word_1_286' title='bbox 540 4173 766 4235; x_wconf 90' lang='lat' dir='ltr'>adiudicantur.</span> <span class='ocrx_word' id='word_1_287' title='bbox 797 4175 1063 4234; x_wconf 87' lang='lat' dir='ltr'>Praementionati</span> <span class='ocrx_word' id='word_1_288' title='bbox 1093 4194 1169 4235; x_wconf 89' lang='lat' dir='ltr'>vero</span> <span class='ocrx_word' id='word_1_289' title='bbox 1200 4177 1349 4237; x_wconf 90' lang='lat' dir='ltr'>Nicolaus</span> <span class='ocrx_word' id='word_1_290' title='bbox 1373 4179 1579 4253; x_wconf 90' lang='lat' dir='ltr'>Dauutovich,</span> <span class='ocrx_word' id='word_1_291' title='bbox 1603 4180 1685 4239; x_wconf 88' lang='lat' dir='ltr'>Mat·</span> 
     </span>
     <span class='ocr_line' id='line_1_36' title="bbox 354 4280 1685 4363; baseline 0.003 -21"><span class='ocrx_word' id='word_1_292' title='bbox 354 4337 357 4343; x_wconf 92' lang='grc'><em>,</em></span> <span class='ocrx_word' id='word_1_293' title='bbox 405 4281 486 4340; x_wconf 91' lang='lat' dir='ltr'>thias</span> <span class='ocrx_word' id='word_1_294' title='bbox 510 4280 638 4340; x_wconf 91' lang='lat' dir='ltr'>Czelich</span> <span class='ocrx_word' id='word_1_295' title='bbox 671 4289 702 4340; x_wconf 93' lang='lat' dir='ltr'>et</span> <span class='ocrx_word' id='word_1_296' title='bbox 725 4281 865 4341; x_wconf 90' lang='lat' dir='ltr'>Barbara</span> <span class='ocrx_word' id='word_1_297' title='bbox 892 4281 1117 4357; x_wconf 88' lang='lat' dir='ltr'>Czuetkovich‚</span> <span class='ocrx_word' id='word_1_298' title='bbox 1141 4284 1295 4363; x_wconf 89' lang='lat' dir='ltr'>siquidem</span> <span class='ocrx_word' id='word_1_299' title='bbox 1320 4304 1359 4345; x_wconf 85' lang='lat' dir='ltr'>ex</span> <span class='ocrx_word' id='word_1_300' title='bbox 1383 4286 1565 4363; x_wconf 88' lang='lat' dir='ltr'>praemissis</span> <span class='ocrx_word' id='word_1_301' title='bbox 1590 4294 1685 4347; x_wconf 88' lang='lat' dir='ltr'>tortu·</span> 
     </span>
     <span class='ocr_line' id='line_1_37' title="bbox 405 4388 1685 4471; baseline 0.005 -23"><span class='ocrx_word' id='word_1_302' title='bbox 405 4389 520 4448; x_wconf 89' lang='lat' dir='ltr'>ralibus</span> <span class='ocrx_word' id='word_1_303' title='bbox 551 4388 746 4448; x_wconf 86' lang='lat' dir='ltr'>examinibus</span> <span class='ocrx_word' id='word_1_304' title='bbox 778 4397 886 4449; x_wconf 86' lang='lat' dir='ltr'>contra</span> <span class='ocrx_word' id='word_1_305' title='bbox 918 4390 1048 4449; x_wconf 85' lang='lat' dir='ltr'>eosdem</span> <span class='ocrx_word' id='word_1_306' title='bbox 1079 4390 1239 4469; x_wconf 84' lang='lat' dir='ltr'>quidpiam</span> <span class='ocrx_word' id='word_1_307' title='bbox 1270 4393 1403 4453; x_wconf 88' lang='lat' dir='ltr'>relatum</span> <span class='ocrx_word' id='word_1_308' title='bbox 1434 4412 1497 4454; x_wconf 90' lang='lat' dir='ltr'>non</span> <span class='ocrx_word' id='word_1_309' title='bbox 1514 4394 1685 4471; x_wconf 69' lang='lat' dir='ltr'>,extitisset</span> 
     </span>
     <span class='ocr_line' id='line_1_38' title="bbox 404 4494 1685 4579; baseline 0.007 -24"><span class='ocrx_word' id='word_1_310' title='bbox 404 4496 485 4555; x_wconf 90' lang='lat' dir='ltr'>datis</span> <span class='ocrx_word' id='word_1_311' title='bbox 509 4494 638 4574; x_wconf 91' lang='lat' dir='ltr'>quilibet</span> <span class='ocrx_word' id='word_1_312' title='bbox 654 4497 825 4556; x_wconf 89' lang='lat' dir='ltr'>eorundem</span> <span class='ocrx_word' id='word_1_313' title='bbox 849 4516 905 4575; x_wconf 91' lang='lat' dir='ltr'>pro</span> <span class='ocrx_word' id='word_1_314' title='bbox 930 4516 963 4556; x_wconf 92' lang='lat' dir='ltr'>se</span> <span class='ocrx_word' id='word_1_315' title='bbox 988 4498 1116 4576; x_wconf 91' lang='lat' dir='ltr'>praevie</span> <span class='ocrx_word' id='word_1_316' title='bbox 1140 4498 1279 4560; x_wconf 91' lang='lat' dir='ltr'>honestis</span> <span class='ocrx_word' id='word_1_317' title='bbox 1303 4500 1427 4561; x_wconf 92' lang='lat' dir='ltr'>duobus</span> <span class='ocrx_word' id='word_1_318' title='bbox 1441 4500 1685 4579; x_wconf 65' lang='lat' dir='ltr'>fideiussoribus</span> 
     </span>
     <span class='ocr_line' id='line_1_39' title="bbox 404 4602 811 4663; baseline 0.002 -2"><span class='ocrx_word' id='word_1_319' title='bbox 404 4602 577 4662; x_wconf 89' lang='lat' dir='ltr'>dimittendi</span> <span class='ocrx_word' id='word_1_320' title='bbox 606 4603 811 4663; x_wconf 86' lang='lat' dir='ltr'>declarantur.</span> 
     </span>
    </p>

    <p class='ocr_par' dir='ltr' id='par_1_6' title="bbox 403 4710 1682 5021">
     <span class='ocr_line' id='line_1_40' title="bbox 814 4710 1640 4799; baseline 0.016 -30"><span class='ocrx_word' id='word_1_321' title='bbox 814 4710 1035 4789; x_wconf 82' lang='lat' dir='ltr'>Sigismrmdus</span> <span class='ocrx_word' id='word_1_322' title='bbox 1058 4712 1213 4791; x_wconf 88' lang='lat' dir='ltr'>Skerlecz,</span> <span class='ocrx_word' id='word_1_323' title='bbox 1237 4734 1344 4777; x_wconf 88' lang='lat' dir='ltr'>comes</span> <span class='ocrx_word' id='word_1_324' title='bbox 1367 4719 1523 4779; x_wconf 81' lang='lat' dir='ltr'>terrestris</span> <span class='ocrx_word' id='word_1_325' title='bbox 1547 4740 1587 4782; x_wconf 91' lang='lat' dir='ltr'>m.</span> <span class='ocrx_word' id='word_1_326' title='bbox 1610 4738 1640 4799; x_wconf 92' lang='lat' dir='ltr'>p.</span> 
     </span>
     <span class='ocr_line' id='line_1_41' title="bbox 511 4818 1682 4905; baseline 0.012 -29"><span class='ocrx_word' id='word_1_327' title='bbox 511 4818 556 4876; x_wconf 90' lang='lat' dir='ltr'>ln</span> <span class='ocrx_word' id='word_1_328' title='bbox 592 4818 747 4878; x_wconf 91' lang='lat' dir='ltr'>dorso:</span> <span class='ocrx_word' id='word_1_329' title='bbox 774 4819 944 4879; x_wconf 89' lang='lat' dir='ltr'>Processus</span> <span class='ocrx_word' id='word_1_330' title='bbox 959 4820 1128 4881; x_wconf 85' lang='lat' dir='ltr'>criminalis</span> <span class='ocrx_word' id='word_1_331' title='bbox 1151 4841 1301 4903; x_wconf 86' lang='lat' dir='ltr'>sagarum</span> <span class='ocrx_word' id='word_1_332' title='bbox 1324 4825 1407 4887; x_wconf 88' lang='lat' dir='ltr'>intus</span> <span class='ocrx_word' id='word_1_333' title='bbox 1424 4828 1682 4905; x_wconf 85' lang='lat' dir='ltr'>specificatarum,</span> 
     </span>
     <span class='ocr_line' id='line_1_42' title="bbox 403 4921 1680 5021; baseline 0.013 -40"><span class='ocrx_word' id='word_1_334' title='bbox 403 4922 433 4981; x_wconf 90' lang='lat' dir='ltr'>in</span> <span class='ocrx_word' id='word_1_335' title='bbox 458 4943 540 5021; x_wconf 82' lang='lat' dir='ltr'>anno</span> <span class='ocrx_word' id='word_1_336' title='bbox 576 4921 668 4986; x_wconf 85' lang='grc'><strong>1734.</strong></span> <span class='ocrx_word' id='word_1_337' title='bbox 702 4926 752 4985; x_wconf 91' lang='lat' dir='ltr'>die</span> <span class='ocrx_word' id='word_1_338' title='bbox 788 4925 834 4985; x_wconf 86' lang='lat' dir='ltr'>ll.</span> <span class='ocrx_word' id='word_1_339' title='bbox 867 4926 984 4986; x_wconf 88' lang='lat' dir='ltr'>mensis</span> <span class='ocrx_word' id='word_1_340' title='bbox 1016 4930 1117 4990; x_wconf 89' lang='lat' dir='ltr'>martii</span> <span class='ocrx_word' id='word_1_341' title='bbox 1149 4930 1179 4990; x_wconf 90' lang='lat' dir='ltr'>in</span> <span class='ocrx_word' id='word_1_342' title='bbox 1213 4950 1285 4992; x_wconf 90' lang='lat' dir='ltr'>arce</span> <span class='ocrx_word' id='word_1_343' title='bbox 1309 4934 1473 4995; x_wconf 86' lang='lat' dir='ltr'>Lucauecz</span> <span class='ocrx_word' id='word_1_344' title='bbox 1497 4937 1680 4999; x_wconf 89' lang='lat' dir='ltr'>celebratus.</span> 
     </span>
    </p>
   </div>
   <div class='ocr_carea' id='block_1_3' title="bbox 0 0 1973 5550">
    <p class='ocr_par' dir='ltr' id='par_1_7' title="bbox 0 0 1973 5550">
     <span class='ocr_line' id='line_1_43' title="bbox 0 0 1973 5550; baseline 0 0"><span class='ocrx_word' id='word_1_345' title='bbox 0 0 1973 5550; x_wconf 95' lang='lat' dir='ltr'> </span> 
     </span>
    </p>
   </div>
  </div>
 </body>
</html>
