3934 5550
423 396 489 459 550

535 611 580 669 ln
616 611 772 671 dorso:
811 645 833 654 -
881 610 919 673 N.
944 643 984 653 -
1018 607 1181 688 Originale
1219 606 1350 668 actionis
1385 606 1499 667 fiscalis
1534 615 1566 666 et
1601 606 1715 667 actoris

431 723 541 776 contra
572 724 604 776 et
636 717 789 777 adversus
821 716 1028 776 Catharinam
1059 717 1174 789 Koosz,
1197 715 1309 776 nobilis
1332 715 1406 776 olim
1429 715 1550 774 Nicolai
1574 714 1712 775 Czellich

428 822 567 883 relictam
591 822 728 900 viduam,
744 823 840 883 veluti
863 824 958 882 modo
970 822 1137 882 introserto
1154 841 1266 902 sagam
1292 829 1323 881 et
1351 821 1382 881 in
1399 839 1528 882 causam
1541 829 1715 882 attractam.

429 929 597 990 Terminus
631 931 790 1008 praefixus
813 931 844 990 in
869 931 998 990 castello
1021 930 1188 990 Lukauecz
1213 948 1269 1008 pro
1293 928 1343 988 die
1367 926 1418 989 23.
1443 929 1537 990 modo
1560 928 1713 988 currentis

430 1035 548 1098 mensis
570 1037 751 1098 novembris
778 1035 871 1099 1733.

1104 1146 1165 1205 Per
1189 1145 1322 1205 eundern
1347 1143 1547 1204 substitutum
1571 1163 1611 1203 m.
1637 1163 1665 1222 p.

996 1355 1144 1436 ***

536 1574 628 1635 Actio
652 1573 800 1654 generosi
823 1573 977 1633 Matthiae
1001 1572 1139 1646 Mudich‚
1163 1591 1225 1650 qua
1249 1573 1383 1648 inclytae
1404 1573 1573 1632 nobilitatis
1597 1571 1711 1649 Campi

431 1684 459 1743 T
461 1683 613 1761 uropolya
643 1681 759 1742 fiscalis
783 1689 815 1740 et
838 1679 961 1755 actoris,
989 1687 1097 1740 contra
1122 1686 1153 1739 et
1177 1680 1330 1739 adversus
1352 1681 1525 1740 Barbarum
1550 1679 1712 1739 Chumber

431 1791 521 1851 aliter
544 1789 696 1863 Czuetko,
721 1787 849 1865 Georgii
871 1787 1064 1847 Andrievich
1097 1787 1185 1847 aliter
1214 1787 1340 1864 Quinta.
1365 1789 1586 1862 conthoralem,
1617 1787 1713 1846 veluti

430 1898 611 1957 modalitate
643 1896 840 1974 infrascripta
872 1914 984 1974 sagam
1018 1903 1049 1955 et
1082 1895 1113 1954 in
1141 1914 1269 1955 causam
1294 1902 1468 1972 attractam,
1492 1895 1657 1955 occasione
1682 1900 1712 1952 et

431 2013 596 2084 praetextu
632 2003 826 2063 diversorum
851 2011 975 2063 actuum
1000 2002 1195 2082 magicorum
1231 2021 1289 2081 per
1320 2003 1452 2062 eandem
1486 2003 1615 2062 veroin
1640 2021 1711 2062 cau-

429 2134 497 2174 sam
522 2120 687 2173 attractam
711 2119 961 2190 perpetratorum
978 2118 1009 2170 et
1029 2110 1108 2170 infra
1133 2111 1258 2170 uberius
1290 2110 1545 2189 exponendorum
1569 2117 1654 2170 mota
1682 2116 1713 2168 et

433 2229 546 2281 erecta.
887 2231 889 2233 ’

538 2326 682 2404 Qualiter
705 2324 849 2384 nimirum
881 2325 1153 2403 praementionata
1177 2324 1207 2383 in
1232 2343 1360 2385 causam
1386 2333 1526 2401 attracta,
1551 2325 1712 2404 ignoratur

433 2436 516 2495 unde
541 2441 634 2508 mota,
658 2451 761 2512 quove
784 2432 939 2492 diabolico
964 2439 996 2491 et
1019 2433 1158 2511 maligno
1182 2431 1291 2512 spiritu
1317 2434 1356 2492 ad
1380 2433 1411 2492 id
1434 2433 1561 2493 inducta
1585 2439 1616 2492 et
1639 2450 1711 2491 con·

435 2543 539 2615 citata,
563 2541 736 2620 postposito
767 2540 818 2600 dei
853 2540 1076 2618 hominumque
1100 2539 1220 2611 timore,
1244 2539 1442 2619 iustitiaeque
1467 2559 1504 2600 ac
1527 2540 1632 2619 legum
1657 2558 1711 2616 pa-

430 2649 560 2712 triarum
574 2649 687 2728 rigore,
713 2666 876 2708 immemor
900 2646 1047 2726 imaginis
1071 2657 1102 2706 et
1125 2647 1244 2706 lormae
1269 2647 1402 2723 divinae,
1428 2648 1468 2707 ad
1492 2647 1579 2706 cuius
1604 2646 1708 2706 simili-

431 2757 571 2817 tudinem
606 2774 731 2834 quoque
763 2755 874 2815 eadem
905 2754 938 2813 in
969 2772 1098 2814 causam
1130 2762 1262 2814 attracta
1298 2761 1404 2815 creata
1436 2763 1528 2831 esset,
1560 2753 1712 2832 vilipenso

431 2863 653 2945 preciosissimi
692 2862 858 2923 salvatoris
889 2863 986 2922 nostri
1022 2863 1175 2942 sangvine
1209 2881 1265 2942 pro
1297 2864 1397 2923 salute
1433 2871 1463 2923 et
1495 2862 1708 2939 redemptione

430 2972 558 3031 humani
582 2971 708 3052 generis
732 2970 867 3049 profuso,
901 2969 1099 3047 loederisque
1123 2969 1155 3027 in
1180 2988 1269 3029 sacro
1294 2968 1493 3048 baptizntatis
1528 2972 1612 3028 ionte
1644 2987 1714 3027 curn

430 3088 571 3140 creatore
603 3098 660 3139 suo
689 3078 763 3150 initi,
791 3087 857 3136 tum
889 3096 970 3135 anno
1004 3077 1096 3136 modo
1122 3077 1256 3136 currenti
1280 3076 1485 3155 infrascripto,
1518 3096 1589 3135 cum
1614 3075 1708 3135 etiam

431 3188 570 3265 pluribus
594 3187 657 3246 iam
681 3185 813 3244 evolutis
846 3185 935 3243 annis
959 3194 991 3243 et
1013 3184 1215 3262 temporibus,
1241 3184 1334 3262 idque
1358 3184 1490 3243 diversis
1514 3183 1589 3244 locis
1614 3191 1646 3243 et
1668 3182 1712 3240 vi-

431 3295 527 3368 cibus,
558 3293 665 3354 relicto
699 3312 760 3352 uno
793 3311 868 3351 vero
898 3302 929 3350 et
962 3290 1152 3369 sempiterno
1184 3290 1253 3363 deo,
1287 3291 1388 3370 ipsum
1411 3291 1508 3351 filium
1532 3291 1638 3350 vivum
1663 3272 1717 3349 dei

433 3400 628 3481 unigenitum
663 3406 837 3459 memorata
869 3398 900 3457 in
931 3417 1061 3457 causam
1096 3406 1227 3457 attracta
1263 3400 1463 3478 abnegasset,
1495 3397 1600 3457 omnia
1624 3398 1712 3457 Chri-

431 3508 552 3591 stianae
583 3508 656 3566 fidei
680 3508 868 3567 documenta
891 3504 1090 3579 deseruisset,
1125 3512 1323 3566 sacramenta
1352 3504 1504 3566 ecclesiae
1527 3524 1584 3585 per
1607 3506 1708 3583 ipsum

434 3614 596 3675 Christum
619 3614 760 3673 instituta
789 3612 1011 3691 vilipendisset,
1043 3630 1158 3672 nornen
1190 3613 1250 3686 dei,
1280 3614 1316 3672 B.
1344 3614 1380 3672 V.
1413 3612 1542 3683 Mariae,
1574 3612 1637 3672 imo
1669 3614 1712 3691 ip·

433 3723 564 3783 siusmet
594 3721 812 3781 sanctissimae
842 3718 1004 3781 Trinitatis
1037 3739 1073 3779 ac
1106 3727 1285 3779 sanctorum
1317 3721 1368 3780 dei
1391 3721 1561 3780 blasfemiis
1586 3729 1617 3780 et
1640 3740 1712 3781 con·

433 3829 520 3889 viciis
542 3829 707 3891 horrendis
731 3829 911 3908 sprevisset,
926 3823 1060 3908 talisque
1084 3829 1233 3890 salvatori
1257 3848 1314 3889 suo
1339 3830 1463 3890 rebellis
1487 3832 1570 3891 lacta
1593 3830 1711 3907 luisset,

433 3955 548 4001 nomen
572 3955 664 3996 suum
689 3936 814 3996 demoni
838 3935 1056 4014 inscripsisset,
1086 3936 1250 4016 eidemque
1282 3945 1465 4015 perpetuam
1497 3938 1592 3998 fidem
1624 3956 1713 3997 suam

432 4044 575 4117 iurasset,
606 4044 669 4103 imo
702 4053 733 4104 et
764 4045 804 4104 ad
835 4043 1074 4103 contestandam
1108 4044 1210 4104 eidem
1241 4044 1423 4105 fidelitatem
1447 4044 1583 4125 sigillum
1607 4044 1712 4104 diabo-

434 4151 527 4211 licum
551 4151 674 4229 corpori
697 4172 754 4211 suo
778 4151 895 4230 imponi
920 4152 1106 4228 admisisset,
1131 4152 1238 4230 sicque
1262 4153 1388 4213 demoni
1410 4163 1596 4231 perpetuum
1621 4171 1711 4212 vasa-

434 4258 552 4339 logium
586 4259 802 4338 praestitisset,
834 4259 961 4337 saepius
992 4278 1117 4339 quoque
1149 4280 1219 4320 curn
1252 4262 1363 4321 eodem
1392 4261 1525 4320 demone
1549 4261 1714 4321 camaliter

435 4366 633 4441 convixisset,
666 4367 729 4426 imo
760 4386 832 4427 cum
864 4366 932 4427 aliis
964 4367 1166 4446 complicibus
1198 4368 1263 4427 suis
1292 4369 1332 4428 ad
1366 4367 1505 4427 eiusdem
1530 4368 1714 4427 detestantis

434 4474 561 4533 sceleris
592 4474 654 4534 reis
686 4474 744 4534 sibi
774 4472 948 4553 peroptime
982 4474 1072 4545 notis,
1097 4494 1134 4533 ac
1158 4493 1215 4534 suo
1239 4476 1317 4551 locu,
1350 4483 1491 4553 tempore
1516 4482 1547 4535 et
1571 4476 1622 4534 via
1645 4474 1711 4534 iure

434 4582 599 4661 superinde
623 4582 854 4656 conveniendis,
872 4582 1012 4642 adhibita
1028 4576 1169 4643 demonis
1193 4602 1253 4661 ope
1278 4603 1334 4661 per
1358 4590 1589 4658 aera,n10nte8,
1607 4583 1710 4658 colles,

435 4690 533 4748 valles
565 4696 597 4749 et
628 4691 754 4749 deserta
786 4690 923 4749 volasset
946 4698 978 4749 et
1003 4690 1201 4764 ambulasset,
1227 4690 1443 4770 eiusmodique
1468 4689 1622 4751 diabolica
1646 4698 1712 4750 arte

434 4803 647 4875 tempestates,
677 4796 819 4875 pruinam
845 4803 876 4855 et
899 4796 1086 4876 grandinem
1111 4817 1180 4857 cum
1205 4798 1407 4877 complicibus
1430 4798 1495 4859 suis
1519 4797 1713 4870 confecisset,

435 4902 554 4963 fructus
576 4912 679 4964 terrae
702 4905 873 4964 mandatos
905 4905 1140 4983 absumpsisset,
1163 4906 1327 4985 taliterque
1359 4906 1539 4965 modalitate
1571 4905 1714 4965 homines
