3934 5550
385 376 449 439 562

384 593 474 674 regni
497 603 528 653 et
551 592 708 653 communi
732 592 848 652 iustitia
872 593 917 650 sic
940 587 1213 670 praecipientibus.
1245 593 1359 652 [latum
1385 591 1460 653 hlso
1485 588 1660 666 Lukauecz,

384 700 434 760 die
458 701 566 779 quinta
590 700 707 759 mensis
730 698 909 758 novembris
938 697 1031 760 1733.

794 817 856 874 Per
879 835 929 874 me
953 815 1119 874 Matthiam
1154 817 1277 891 Mixich,
1302 819 1503 878 substitutum
1527 840 1566 880 m.
1592 841 1623 898 p.

490 954 534 1011 ln
570 954 723 1011 dorso:
829 952 867 1012 H.
900 986 942 994 -
977 950 1139 1030 Originale
1171 951 1300 1014 actionis
1336 952 1522 1030 introscriptl
1546 954 1662 1013 fiscalis

384 1069 415 1120 et
439 1059 561 1131 actoris,
586 1067 695 1118 contra
720 1068 751 1117 et
776 1059 928 1118 adversus
953 1059 1126 1117 Barbaram
1151 1059 1320 1132 Uukouich,
1339 1060 1469 1140 Georgii
1494 1061 1663 1120 Ladessicb

384 1169 473 1227 aliter
495 1167 612 1226 Mitucz
637 1174 824 1241 consortem,
841 1165 935 1225 veluti
959 1166 1053 1225 modo
1077 1167 1274 1244 introscripto
1289 1185 1401 1247 sagam
1425 1176 1456 1227 et
1480 1168 1510 1226 in
1535 1187 1664 1227 causam

384 1283 557 1334 attractam.
581 1273 748 1335 Terminus
762 1273 921 1350 praefixus
944 1273 976 1331 in
1000 1274 1129 1332 castello
1154 1273 1322 1336 Luhauecz
1346 1293 1402 1351 pro
1427 1275 1477 1332 die
1502 1273 1552 1333 23.
1570 1276 1664 1334 modo

383 1382 535 1440 currentis
558 1381 676 1440 mensis
700 1379 878 1440 novembris
912 1377 1004 1440 1733.

1059 1488 1117 1546 Per
1142 1489 1275 1546 eundem
1301 1489 1501 1548 substitutum
1525 1509 1564 1550 m.
1589 1510 1617 1567 p.

932 1668 947 1699 s
994 1709 1010 1745 ².
1057 1667 1071 1700 a

490 1849 581 1908 Actio
605 1845 752 1928 generosi
775 1846 928 1905 Matthiae
960 1847 1098 1921 Mudich,
1122 1866 1184 1926 qua
1216 1847 1383 1906 nobilitatis
1416 1847 1529 1926 Campi
1561 1847 1661 1910 Turo-

383 1955 477 2036 polya
511 1956 626 2016 fiscalis
662 1964 692 2014 et
728 1953 850 2027 actoris,
895 1962 1004 2014 contra
1043 1964 1073 2013 et
1110 1954 1261 2014 adversus
1302 1956 1473 2015 Barbaram
1514 1956 1664 2015 Mehano-

384 2065 455 2123 uich
485 2063 572 2123 aliter
604 2060 741 2132 Maidak,
774 2062 987 2120 conthoralem
1020 2081 1094 2120 vero
1131 2062 1222 2142 agilis
1255 2061 1379 2122 loannis
1412 2064 1579 2143 Mungyer,
1613 2081 1663 2122 ve-

383 2172 438 2231 luti
462 2169 642 2230 modalitate
674 2167 871 2245 infrascripta
894 2187 1006 2248 sagam
1031 2177 1062 2228 et
1086 2169 1117 2228 in
1141 2188 1269 2229 causam
1295 2177 1469 2243 attractam,
1497 2171 1663 2230 occasione

384 2286 415 2339 et
454 2284 618 2355 praetextu
654 2275 847 2334 diversorum
884 2284 1008 2335 actuum
1046 2277 1238 2358 magicorum
1275 2296 1330 2355 per
1362 2278 1494 2337 eandem
1527 2297 1603 2338 vero
1636 2277 1667 2336 in

383 2403 511 2447 causam
536 2390 700 2442 attractam
721 2392 968 2460 perpetratorum
995 2392 1026 2441 et
1049 2384 1128 2442 infra
1145 2385 1271 2443 uberius
1288 2385 1561 2463 exprimendorum
1578 2393 1664 2444 mota

384 2502 416 2554 et
439 2499 554 2553 erecta.

491 2597 632 2674 Qualiter
656 2595 799 2655 nimirum
824 2594 914 2655 annis
939 2606 969 2655 et
993 2597 1185 2674 temporibus
1210 2599 1322 2657 abhinc
1347 2599 1518 2675 retroactis
1551 2577 1666 2678 eadem¹

384 2709 414 2766 in
439 2725 566 2766 causam
591 2712 724 2764 attracta
755 2703 892 2761 nescitur
917 2722 979 2782 quo
1003 2703 1156 2764 diabolico
1187 2705 1399 2764 circumventa
1424 2706 1532 2785 spiritu
1556 2707 1664 2765 simul-

384 2835 443 2893 que
478 2832 638 2893 persvasa,
674 2810 921 2871 abrenuntiando
956 2810 1080 2889 ipsimet
1115 2813 1331 2873 sanctissimae
1368 2812 1520 2891 'l'rinitati,
1557 2816 1663 2893 sicque

384 2924 437 2982 uni
453 2941 528 2981 vero
545 2929 576 2980 et
592 2919 781 2998 sempiterno
798 2919 857 2978 deo
870 2936 928 2978 suo
940 2918 1074 2978 iuratam
1092 2921 1232 2997 perprius
1248 2922 1342 2980 fidem
1360 2940 1449 2980 suam
1467 2922 1664 3001 abnegando

384 3040 415 3090 et
438 3027 579 3089 infernali
603 3025 772 3087 vexillifero
797 3026 921 3086 diabolo
945 3034 1055 3103 sponte
1082 3027 1291 3099 adhaerendo
1316 3047 1352 3087 ac
1369 3028 1413 3087 ita
1430 3048 1448 3087 a
1464 3028 1663 3107 dogmatibus

384 3137 434 3197 dei
458 3145 489 3196 et
512 3136 663 3195 ecclesiae
690 3135 829 3194 eiusdem
844 3134 1030 3209 recedendo,
1048 3134 1146 3211 primo
1163 3135 1297 3215 sigillum
1315 3135 1429 3195 diaboli
1453 3138 1483 3195 in
1508 3144 1662 3197 contesta-

384 3245 499 3302 tionem
531 3242 577 3301 sui
610 3241 805 3319 mancipatus
829 3240 887 3299 sibi
911 3240 1045 3319 imprimi
1077 3240 1262 3316 admisisset,
1292 3243 1472 3322 cohortique
1497 3263 1661 3324 magorum

384 3361 414 3411 et
445 3370 593 3430 sagarum
626 3350 859 3427 earundemque
889 3348 1049 3408 sceleratis
1090 3358 1120 3409 et
1156 3348 1213 3409 toti
1246 3348 1473 3410 Christianitati
1510 3371 1661 3430 perquam

384 3459 502 3518 nocivis
534 3456 767 3537 operationibus
800 3456 1005 3533 adhaesisset,
1038 3465 1069 3517 et
1101 3458 1139 3517 ad
1172 3459 1300 3518 easdem
1324 3467 1513 3537 cooperante
1538 3459 1662 3520 diabolo

384 3575 495 3645 sponte
521 3565 639 3624 vicibus
663 3565 714 3622 vix
739 3564 949 3643 exprimendis
968 3564 1186 3639 concurrisset,
1210 3565 1373 3643 taliterque
1393 3567 1590 3627 manifestam
1615 3588 1662 3626 sa·

384 3694 458 3755 gam
472 3652 582 3732 ‘semet
606 3672 730 3731 efficere
756 3690 817 3730 non
840 3671 1049 3750 formidasset,
1070 3692 1172 3751 neque
1196 3691 1329 3750 poenam
1355 3674 1385 3731 in
1409 3675 1550 3754 generali
1573 3675 1663 3754 regni

384 3786 510 3842 decreto
545 3781 661 3859 passim
692 3780 764 3838 hinc
795 3780 866 3839 inde
900 3800 995 3858 super
1029 3780 1184 3840 talismodi
1216 3778 1342 3839 nefariis
1375 3780 1495 3840 actibus
1530 3781 1662 3861 magicis

386 3889 539 3949 sancitam
563 3888 721 3947 incurrere
745 3886 925 3948 horruisset.

491 3996 600 4055 Exeo
625 3995 718 4054 vellet
749 3995 903 4055 antelatus
934 3996 1048 4055 fiscalis
1072 4004 1104 4055 et
1127 4002 1222 4069 actor,
1247 3996 1356 4076 vigore
1382 3996 1582 4057 articulorum
1607 3997 1664 4057 Po·

387 4103 579 4164 souiensium
602 4102 707 4161 brevis
731 4121 898 4179 processus
924 4122 1019 4180 super
1043 4102 1196 4163 eiusmodi
1221 4104 1342 4163 actibus
1366 4104 1570 4179 conditorum,
1601 4122 1665 4162 me·

384 4220 537 4270 moratam
562 4211 592 4269 in
618 4228 747 4269 causam
772 4219 938 4270 attractam
962 4210 993 4269 in
1018 4211 1067 4270 ius
1084 4218 1115 4271 et
1131 4229 1261 4271 causam
1277 4211 1454 4285 convenire,
1470 4212 1665 4288 eandemque

385 4318 479 4377 veluti
508 4317 601 4375 modo
632 4317 761 4395 praevio
791 4306 912 4397 sagam,
945 4318 985 4377 ad
1018 4319 1213 4378 revellendos
1238 4318 1406 4396 complices
1430 4328 1461 4377 et
1485 4318 1664 4398 detegenda

384 4426 538 4484 scelerata
550 4444 607 4485 sua
620 4426 702 4485 facta
715 4425 814 4503 primo
827 4433 965 4485 torturae
982 4426 1101 4502 subiici,
1115 4436 1225 4505 expost
1235 4445 1309 4486 vero
1323 4428 1362 4486 ad
1373 4426 1517 4486 horribile
1534 4426 1662 4486 allorum

385 4534 559 4612 exemplum
577 4553 655 4614 rogo
671 4534 775 4594 vivam
793 4535 1063 4610 concremandam,
1088 4536 1138 4594 vel
1158 4542 1249 4614 prout
1272 4534 1330 4593 iuri
1355 4543 1385 4595 et
1410 4533 1544 4595 iustitiae
1563 4534 1661 4593 visum

383 4640 475 4700 luerit
498 4642 589 4700 morti
613 4641 792 4701 adiudicari.
816 4642 932 4701 Datum
956 4642 1032 4702 Also
1056 4643 1233 4715 Lukauecz,
1257 4640 1307 4699 die
1332 4642 1439 4719 quinta
1463 4640 1580 4701 mensis
1606 4660 1660 4700 no·

383 4746 530 4823 vembris,
556 4766 637 4807 anno
661 4748 778 4807 domini
807 4745 898 4809 1733.
1124 4726 1128 4743 ²

795 4892 855 4950 Per
878 4910 929 4951 me
953 4890 1119 4951 Matthiam
1144 4890 1268 4966 Mixich,
1293 4890 1490 4949 substitutum
1517 4912 1558 4949 m.
1586 4911 1614 4967 p,
