3934 5550
388 389 452 450 486

494 603 686 663 Conclusum
719 608 766 661 est
798 600 906 676 eciam,
937 601 1021 679 quod
1052 600 1078 659 si
1102 599 1153 679 qui
1177 599 1308 659 fratrum
1341 598 1488 659 nobilium
1512 600 1562 659 vel
1586 600 1668 657 colo·

384 730 495 771 norum
529 710 679 783 eiusdem,
709 709 861 787 premisse
895 707 1111 769 constitucioni
1150 717 1256 769 nostre
1287 707 1408 786 publice
1440 727 1512 768 sese
1547 715 1665 767 temere

387 838 545 897 opponere
577 818 810 897 presumpserit,
835 824 888 877 aut
920 824 1029 876 contra
1059 818 1185 897 logaros
1217 835 1274 875 seu
1304 817 1451 876 custodes
1484 815 1562 876 silve
1585 834 1668 875 com·

387 926 489 987 munis
513 935 544 986 et
567 926 750 1002 waywodas
780 925 974 1000 insutexerit,
999 933 1030 984 et
1053 943 1124 985 sese
1154 925 1264 1004 punire
1291 925 1385 984 modo
1408 923 1561 1002 premisso
1585 942 1669 983 com·

387 1044 475 1113 perta
507 1034 551 1093 rei
579 1033 711 1093 veritate
743 1053 805 1094 non
839 1033 1011 1107 admiserit,
1043 1040 1157 1093 extunc
1188 1052 1283 1111 super
1313 1032 1367 1092 tali
1399 1032 1429 1091 in
1460 1032 1561 1110 prima
1593 1032 1669 1091 sede

389 1141 512 1203 comitis
543 1142 699 1202 terrestris
722 1140 805 1204 lacto
830 1141 945 1202 iudicio
969 1140 1000 1200 in
1024 1141 1188 1201 duodecim
1218 1141 1344 1200 florenis
1367 1158 1424 1219 pro
1448 1139 1670 1199 communitate

389 1250 582 1329 applicandis
617 1250 778 1311 convictus
806 1250 875 1329 ipso
908 1251 992 1311 facto
1023 1248 1275 1310 irremissibiliter
1309 1248 1473 1328 exigendis
1496 1248 1669 1307 habebitur,

495 1357 685 1417 Conclusum
718 1358 818 1418 eciam
849 1365 906 1433 est,
938 1358 1022 1437 quod
1052 1357 1279 1437 quamplurime
1311 1374 1393 1415 nove
1426 1355 1615 1433 extirpature
1638 1354 1670 1414 in

388 1484 506 1545 magna
529 1465 608 1525 silva
630 1465 796 1537 communi,
821 1485 877 1544 per
900 1485 1116 1545 quoscumque
1140 1464 1261 1525 nobiles
1284 1463 1396 1524 iratres
1419 1464 1470 1523 vel
1493 1463 1592 1522 eciam
1618 1481 1668 1522 co·

387 1574 475 1633 lonos
499 1590 616 1647 eorum,
640 1581 711 1651 post
737 1572 940 1652 adepcionem
965 1582 997 1632 et
1013 1572 1254 1635 eliberacionem
1285 1572 1404 1631 castelli
1427 1571 1614 1630 kaawecz
1639 1569 1669 1627 in

382 1681 506 1755 Koche,
537 1680 568 1740 in
591 1682 824 1758 Rakythowecz
849 1689 880 1740 et
904 1682 1084 1740 Bwssewcz
1114 1681 1211 1740 multo
1242 1681 1415 1758 dampnose
1456 1677 1670 1738 communitati

387 1795 460 1847 sunt
483 1787 564 1848 facte
595 1807 652 1869 per
684 1788 802 1847 nobiles
834 1788 946 1849 fratres
980 1796 1104 1848 nostros
1128 1798 1159 1847 et
1183 1788 1283 1849 eciam
1307 1788 1434 1847 colonos
1459 1805 1575 1860 eorum,
1599 1785 1669 1844 ideo

387 1896 444 1955 iste
470 1896 511 1955 ad
533 1895 647 1955 festum
671 1896 771 1955 sancti
795 1895 1121 1975 Georgiivdeleantur,
1147 1905 1179 1955 et
1204 1896 1359 1973 deinceps!
1377 1893 1458 1953 nulle
1482 1895 1567 1967 fiant,
1591 1893 1658 1952 inse

388 2002 503 2062 minate
535 2020 611 2063 vero
646 2022 746 2082 usque
775 2004 817 2063 ad
852 1982 992 2063 messem
1018 2004 1062 2063 ita
1094 2013 1249 2075 maneant,
1273 2022 1335 2062 non
1360 1994 1530 2061 seminatas
1565 2010 1670 2060 autem

386 2111 487 2169 nullus
522 2110 561 2168 de
593 2118 697 2173 cetero
730 2110 919 2190 inseminare
953 2111 1076 2169 audeat.
1100 2110 1134 2169 ln
1159 2110 1309 2185 Lekenyk
1342 2102 1417 2168 vero
1450 2108 1563 2169 amodo
1588 2102 1669 2167 nulle

387 2236 511 2295 quoque
535 2214 723 2297 extirpature
747 2216 832 2280 fiant.
1254 2222 1258 2226 ’

419 2318 421 2325 χ
497 2320 546 2383 Ad
570 2308 701 2402 quaium
726 2325 852 2404 quidem
879 2324 1143 2402 extirpaticiarum
1166 2333 1320 2393 terrarum
1337 2323 1585 2397 destruccionem
1609 2332 1668 2381 ter-

388 2432 489 2491 minus
520 2432 657 2509 prelixus
688 2440 736 2491 est
767 2436 881 2491 lestum
913 2431 1013 2513 sancti
1038 2431 1185 2511 Gregorii
1209 2431 1349 2511 proxime
1374 2437 1538 2490 venturum
1563 2439 1594 2489 et
1619 2429 1668 2487 alii

388 2539 455 2601 dies
479 2540 520 2598 ad
544 2540 574 2598 id
599 2538 798 2601 sufficientes
847 2534 851 2547 ’

497 2646 588 2705 Fiant
612 2646 671 2706 iste
696 2645 913 2706 conclusiones
937 2646 968 2706 in
992 2646 1088 2706 literis
1112 2646 1169 2705 sub
1193 2646 1294 2725 sigillo
1318 2645 1439 2705 comitis
1463 2644 1625 2704 terrestris.

494 2752 597 2814 Litere
626 2754 847 2833 adopcionales
872 2764 902 2815 et
926 2752 1112 2840 obligatorie
1135 2753 1216 2814 inter
1241 2752 1495 2814 communitatem
1520 2752 1669 2813 nobilium

389 2908 582 2924 .......
607 2881 663 2940 per
687 2861 794 2922 omnia
817 2871 847 2922 et
871 2881 927 2941 per
952 2881 1062 2922 omnes
1085 2863 1198 2922 fratres
1222 2863 1369 2922 absentes
1393 2910 1400 2922 .
1424 2907 1432 2921 .
1456 2908 1462 2920 .
1487 2907 1493 2921 .
1518 2905 1525 2920 .

956 3076 972 3114 s
1019 3119 1038 3160 *
1083 3073 1101 3115 a

499 3274 591 3338 1572.
616 3275 735 3334 Eodem
759 3274 809 3334 die
834 3275 975 3353 deputati
999 3283 1072 3335 sunt
1096 3290 1274 3335 assessores
1297 3277 1382 3335 sedis
1406 3277 1566 3338 iudiciarie
1584 3297 1667 3336 eom-

388 3381 549 3441 munitatis
560 3402 565 3440 :

565 3508 603 3567 'l.
627 3507 805 3584 Stephanus
832 3509 1044 3579 LadomeriuS‚

571 3613 598 3676 2.
623 3615 756 3673 lacobus
780 3615 960 3694 Pogledych
986 3615 1025 3674 de
1049 3608 1263 3691 Korylotvcz³‚

571 3718 600 3783 3.
625 3721 813 3780 Benedictus
837 3721 1002 3781 Arbanasz
1027 3722 1084 3792 de..

570 3825 599 3888 4.
624 3828 763 3889 Thomas
787 3829 1013 3905 Laczkowych,

571 3933 600 3997 5.
624 3935 784 3994 Mattheus
808 3936 999 4016 Pogledych,

569 4039 599 4103 6.
623 4042 795 4123 Gregorius
819 4044 1049 4121 Laczkowych,

572 4148 601 4210 7.
626 4149 785 4210 Mattheus
809 4153 964 4232 Wagych,

570 4255 599 4317 8.
624 4258 785 4319 Mattheus
808 4259 1045 4338 Dyanlrowyclr,

494 4421 496 4424 .
570 4363 599 4424 9.
624 4367 747 4426 Blasius
771 4367 982 4445 Koskowych,

555 4470 600 4532 10.
625 4474 761 4534 Michael
785 4476 949 4548 Brwchsk‚

555 4579 601 4642 ll.
625 4581 775 4642 Matthias
798 4583 1015 4661 Kwssewych,

509 4693 522 4744 f
554 4683 601 4746 12.
626 4685 750 4766 Gaspar
774 4688 1066 4768 Cztvethkowych⁴‚

555 4791 601 4854 13.
625 4793 803 4871 Stephanus
829 4799 1066 4876 l.aczkowych,'

554 4897 601 4961 14.
625 4900 802 4980 Stephanus
827 4907 1033 4984 Lekthorych.
