3934 5550
1016 625 1143 727 aaa

553 854 646 912 Anno
674 849 766 912 1748.
791 851 821 912 5.
845 860 876 911 et
899 859 1040 931 sequent
1062 849 1183 911 mensis
1207 849 1342 930 augusti.
1365 848 1552 927 Zagrabiae.

478 1046 660 1111 Artiauus
682 1046 784 1133 regni
806 1046 847 1111 da
869 1046 1063 1133 regulando
1086 1043 1316 1111 universitate
1350 1042 1473 1129 &mpi
1500 1041 1695 1128 Turopolia.

554 1248 659 1309 Acta
695 1256 734 1309 et
769 1248 943 1308 articuli
974 1248 1215 1308 inclitorum
1250 1223 1508 1335 dominorum
1540 1252 1721 1305 statuum

445 1364 482 1414 et
505 1355 695 1417 ordinum
717 1374 939 1437 regnorum
971 1356 1224 1429 Dalmatiae,
1255 1354 1459 1442 Croatiae
1489 1362 1528 1413 et
1559 1353 1723 1440 Sclavo·

445 1462 548 1537 niae,
572 1463 611 1523 in
635 1463 830 1545 generali
855 1463 1087 1537 eorundem,
1111 1482 1157 1522 ex
1181 1462 1316 1523 edicto
1340 1470 1379 1521 et
1402 1460 1475 1522 sub
1507 1459 1724 1540 praesidio

445 1572 803 1632 excellentissimi
831 1582 868 1631 et
887 1570 1171 1633 illustrissimi
1195 1570 1350 1631 domini
1374 1569 1553 1645 comitis,
1576 1546 1729 1627 domini

445 1678 652 1739 Ludovici
678 1680 840 1757 Erdody
866 1680 912 1739 de
937 1679 1270 1755 Moniorolrerek,
1301 1678 1459 1739 Montis
1491 1677 1655 1766 Claudii
1689 1685 1728 1735 et

447 1786 669 1847 comitatus
702 1786 1008 1846 Varasdiensis
1031 1786 1227 1864 perpetui
1250 1786 1430 1859 comitis,
1461 1803 1609 1845 sacrae
1641 1802 1726 1843 cae·

446 1912 569 1954 sareo
593 1895 739 1975 regiae
762 1894 1003 1955 maiestatis
1028 1893 1215 1954 actualis
1239 1893 1372 1954 intimi
1396 1890 1646 1967 consiliarii,
1668 1910 1726 1950 ca·

445 2000 612 2062 merarii
635 2010 674 2063 et
697 2002 917 2062 eollunelli
944 2009 1001 2061 etc.
1018 2011 1075 2063 etc.
1092 2020 1170 2080 qua
1192 2001 1521 2061 locumtenentis
1545 1998 1727 2071 banalis,

445 2128 515 2187 pro
539 2108 689 2188 quinta
712 2117 750 2169 et
774 2110 1218 2188 sequentibusmensis
1243 2110 1417 2189 augusti
1440 2110 1597 2183 diebus,
1621 2127 1726 2168 anno

445 2216 597 2276 domini
626 2215 718 2278 1748.
749 2218 986 2297 Zagrabiae
1012 2217 1229 2277 celebrata
1262 2218 1602 2298 congregatione
1637 2236 1724 2275 con-

446 2324 561 2385 clusi.

926 2430 1060 2509 (ceteris
1081 2430 1247 2506 emissis).

910 2633 1130 2692 Articulus
1153 2632 1264 2695 XXIV.
1348 2702 1350 2706 7

554 2760 608 2821 De
645 2760 934 2820 universitate
970 2757 1172 2819 nobilium
1213 2757 1360 2839 Campi
1404 2759 1635 2838 Turopolia
1669 2740 1724 2820 re-

446 2868 638 2949 gulanda.

553 2977 638 3036 Bene
663 2995 818 3036 memores
835 2975 929 3035 incliti
946 2974 1063 3035 domini
1077 2983 1177 3036 status
1201 2984 1232 3035 et
1255 2975 1381 3036 ordines
1397 2984 1582 3036 statutorum
1604 2977 1723 3036 illorum

446 3102 528 3160 quae
552 3081 831 3142 excellentissimus
855 3091 886 3142 et
910 3083 1134 3142 illustrissimus
1166 3083 1239 3142 olim
1268 3083 1412 3142 dominus
1436 3102 1544 3143 comes
1574 3084 1724 3162 Iosephus

446 3191 621 3267 Esterhazy
645 3190 684 3249 de
708 3189 875 3266 Galantba,
900 3208 961 3268 qua
987 3199 1092 3250 cotum
1108 3209 1277 3270 regnorum
1301 3190 1422 3250 illorum
1445 3189 1556 3264 banus,
1578 3209 1636 3268 pro
1659 3210 1723 3250 me·

445 3297 512 3356 liori
536 3297 711 3357 inducendo
734 3296 852 3371 ordine,
886 3297 1016 3356 utilitate
1045 3305 1076 3356 et
1099 3299 1309 3358 emolumento
1341 3297 1483 3357 eiusdem
1513 3297 1724 3357 universitatis

445 3404 593 3463 nobilium
609 3403 722 3482 Campi
739 3404 908 3481 Turopolia
935 3412 1066 3482 paterne
1091 3423 1129 3464 ac
1153 3404 1276 3477 utiliter,
1300 3412 1425 3464 etcum
1448 3404 1624 3479 interventu
1639 3423 1723 3464 com·

445 3510 656 3573 membrorum
681 3510 821 3570 eiusdem
845 3511 1057 3571 universitatis
1081 3511 1228 3572 nobilium
1253 3511 1444 3586 condiderat,
1468 3511 1620 3571 hactenus
1648 3531 1724 3572 vero

445 3639 501 3698 per
517 3618 736 3698 quorumpiam
758 3618 889 3678 abusum
906 3619 1075 3678 observata
1097 3618 1128 3678 in
1152 3627 1218 3679 toto
1241 3638 1304 3678 non
1328 3618 1467 3693 luissent,
1490 3627 1525 3677 ut
1548 3637 1625 3699 ergo
1641 3619 1725 3678 dieta

445 3725 632 3786 universitas
648 3726 795 3785 nobilium
812 3725 842 3785 in
857 3725 974 3785 bonum
999 3735 1030 3786 et
1047 3727 1225 3801 salutarem,
1241 3745 1335 3805 quem
1353 3726 1456 3786 fidelia
1470 3745 1595 3805 quoque
1612 3745 1723 3786 eorun-

445 3834 517 3893 dem
541 3851 619 3912 erga
641 3852 730 3892 suam
754 3833 951 3893 maiestatem
975 3833 1219 3893 sacratissimam
1248 3834 1399 3913 praestita
1421 3833 1549 3894 servitia
1573 3852 1735 3912 exposce·¹

446 3948 523 4020 rent,
550 3941 710 4019 reguletur
733 3940 883 4016 ordinem,
907 3941 1060 4016 statuitur,
1084 3949 1118 4001 ut
1141 3942 1279 4002 antelata
1301 3942 1489 4002 universitas
1513 3941 1662 4001 nobilium
1683 3943 1724 4002 ad

445 4048 584 4126 proxime
607 4047 742 4108 futuram
766 4049 946 4127 generalem
970 4048 1060 4129 regni
1084 4050 1362 4130 congregationem
1394 4068 1466 4109 cum
1497 4049 1570 4124 suis,
1594 4049 1622 4109 si
1644 4069 1724 4129 quas

446 4155 548 4214 adhuc
571 4154 701 4214 haberet
724 4155 1003 4231 observationibus
1020 4156 1157 4218 antelata
1172 4164 1291 4218 statuta
1314 4157 1435 4218 adferat
1451 4166 1481 4216 et
1501 4165 1724 4235 repraesentet,

445 4281 577 4341 quorum
601 4261 684 4322 facta
707 4262 747 4322 de
771 4283 853 4324 novo
888 4263 1043 4324 revisione
1068 4274 1099 4325 et
1123 4265 1372 4344 applacidatione
1406 4265 1595 4343 disponetur,
1620 4273 1652 4324 ut
1676 4285 1724 4325 re-

446 4369 577 4448 quisitus
602 4378 633 4428 et
656 4371 801 4430 salutaris
825 4373 902 4432 ordo
931 4372 961 4431 in
997 4372 1109 4432 eadem
1140 4373 1344 4433 universitate
1381 4372 1554 4450 inducatur,
1588 4371 1724 4432 stabilia·

445 4486 566 4554 tuique,
589 4475 722 4536 interimi
746 4485 851 4538 tamen
875 4479 1003 4559 negotia
1027 4479 1147 4539 maiora
1183 4499 1253 4538 cum
1285 4480 1461 4539 interventu
1494 4479 1640 4557 plenioris
1671 4497 1724 4538 as·

446 4581 572 4643 sessorii
596 4591 726 4643 eatenus
749 4585 935 4663 tempestive
959 4587 1154 4646 convocandi
1178 4587 1343 4647 tractanda
1367 4586 1502 4648 habebit.

929 4708 1067 4788 (celeris
1088 4708 1245 4787 emissis).

682 4854 778 4914 Lecta
802 4863 832 4913 et
856 4854 1013 4932 publicata
1037 4872 1092 4933 per
1118 4875 1168 4914 me
1192 4855 1376 4934 magistrum
1402 4856 1559 4913 Adamum
1584 4855 1721 4926 Naisicb,

789 4961 999 5038 praelatorum
1023 4979 1193 5040 regnorum
1216 4961 1484 5039 prothonotarium
1510 4981 1549 5020 m.
1572 4981 1602 5039 p.
