3934 5550
1481 398 1546 471 363

262 643 376 715 portas
401 633 478 695 Item
502 632 643 694 harnlam
667 630 709 692 ad
732 631 811 691 duos
836 631 998 690 clausuras
1022 628 1183 708 antiquam
1213 627 1246 687 in
1277 625 1427 688 mediocri
1459 633 1541 685 statu

263 743 443 823 pavimento
467 739 605 801 inferiori
627 758 718 799 secus
737 737 939 818 indigentem,
961 736 1122 796 fornacem
1145 736 1316 816 pistoream
1341 734 1539 806 mediocrem,

265 869 389 911 asseres
413 849 508 910 habet
532 846 605 908 250.

366 973 417 1035 27.
442 974 577 1034 Michael
601 972 810 1032 Millichevich
834 971 930 1031 habet
954 971 1081 1030 domum
1109 989 1147 1029 ex
1164 969 1272 1029 solidis
1284 967 1450 1028 roboribus
1466 986 1540 1026 con·

262 1090 412 1143 structam
436 1100 560 1154 novam,
585 1080 744 1159 antiquam
768 1079 908 1139 vendidit
931 1087 1081 1137 extraneo
1105 1097 1176 1137 curn
1200 1076 1325 1136 licentia
1357 1075 1412 1151 (uti
1435 1075 1539 1134 fassus

261 1196 320 1266 est)
345 1189 527 1268 perillustris
550 1187 667 1247 domini
683 1186 874 1266 perceptoris
897 1185 1034 1260 Modich,
1059 1204 1097 1244 ex
1121 1203 1184 1262 qua
1207 1185 1301 1244 haras
1316 1182 1469 1262 potuisset
1493 1201 1539 1240 re·

262 1317 383 1379 parare,
399 1315 481 1376 quae
505 1295 647 1375 indigent
670 1294 876 1372 reparatione,
901 1293 1047 1352 horreum
1064 1294 1226 1371 antiquum
1241 1290 1371 1351 basibus
1385 1290 1541 1368 indigens,

262 1423 419 1464 cameram
444 1403 589 1462 frumenti
613 1403 728 1461 bonam
751 1418 865 1460 novam
891 1399 1040 1459 assericio
1063 1408 1146 1458 tecto
1169 1400 1252 1458 bono
1282 1396 1450 1477 provisam,
1481 1395 1542 1454 for·

260 1531 371 1571 nacem
395 1511 563 1589 pistoream
587 1529 642 1588 per
667 1509 823 1589 pigritiam
840 1525 901 1566 non
919 1507 1002 1566 bono
1016 1515 1100 1566 tecto
1116 1515 1284 1578 carentem,
1301 1523 1425 1564 asseres
1441 1504 1544 1576 habet,

259 1619 299 1678 ad
327 1615 397 1694 150,
421 1637 500 1695 quos
523 1617 686 1678 restituere
711 1617 803 1676 debet
837 1615 965 1688 Koosio,
995 1615 1091 1674 habet
1123 1616 1237 1674 robora
1267 1609 1288 1672 6
1319 1631 1340 1671 a
1371 1612 1465 1671 domo
1496 1629 1543 1668 re·

262 1744 381 1785 mansa.

369 1830 421 1897 28.
444 1833 622 1912 Stephanus
647 1830 812 1891 Krisanich
836 1830 931 1889 habet
954 1829 1083 1888 domum
1106 1828 1183 1888 satis
1216 1828 1341 1905 bonam,
1371 1826 1429 1886 sed
1459 1833 1543 1885 tecto

260 1941 343 1998 bono
380 1958 441 1998 non
477 1939 644 2017 provisam,
680 1939 825 1997 horreum
862 1937 892 1996 in
928 1937 1079 1996 columnis
1115 1935 1273 1996 asseribus
1297 1934 1542 1994 circumductum

262 2045 388 2120 bonum,
411 2047 505 2105 haras
540 2046 579 2105 ad
613 2047 774 2105 clausuras
808 2042 830 2103 4
866 2043 1062 2122 reparatione
1094 2042 1271 2122 indigentes
1302 2041 1456 2120 antiquas,
1488 2041 1542 2098 do·

262 2172 347 2212 mum
371 2151 511 2213 fabrilem
542 2152 740 2228 mediocrem,
763 2151 922 2211 fornacem
947 2151 1116 2228 pistoream
1141 2149 1339 2209 mediocrem.

367 2275 420 2340 29.
443 2278 582 2336 Thomas
607 2277 776 2336 Krisanich
798 2277 895 2336 habet
929 2277 1056 2334 domum
1085 2277 1210 2352 bonam,
1242 2283 1326 2336 tecto
1357 2293 1413 2352 per
1444 2273 1542 2350 negli-

262 2385 401 2465 gentiam
437 2393 467 2444 et
491 2385 678 2444 discordiam
702 2384 832 2443 fratrum
856 2401 918 2442 non
943 2385 1025 2443 bono
1039 2385 1207 2462 provisam,
1222 2383 1368 2442 horreum
1382 2382 1542 2459 antiquum

261 2493 389 2552 basibus
425 2491 578 2571 indigens,
612 2493 707 2552 haras
732 2491 884 2570 antiquas
918 2491 1007 2549 novis
1039 2490 1166 2570 indiget,
1197 2508 1254 2569 pro
1287 2488 1399 2567 quibus
1430 2489 1543 2547 robora

261 2599 356 2658 habet
380 2599 431 2657 vix
455 2618 517 2658 non
535 2598 729 2676 sufficientia,
753 2616 911 2658 cameram
936 2597 1094 2676 antiquam
1111 2597 1224 2656 nullius
1247 2596 1371 2672 valoris,
1386 2597 1543 2655 camerula

262 2707 394 2785 parvula
417 2707 613 2786 reparatione
651 2705 778 2787 indiget,
815 2705 974 2766 fornacem
998 2705 1168 2785 pistoream
1193 2704 1391 2779 mediocrem,
1415 2704 1543 2763 domum

263 2816 406 2875 fabrilem
431 2816 620 2875 mediocrem
654 2816 738 2875 bono
761 2824 844 2875 tecto
868 2836 929 2876 non
954 2816 1122 2895 provisam.

829 3044 981 3130 ※**

372 3209 449 3269 Item
472 3208 523 3267 die
551 3205 598 3270 12.
623 3207 769 3267 februarii
798 3205 888 3266 1796.
913 3208 1094 3268 continuata
1117 3208 1304 3288 conscriptio
1328 3208 1541 3267 aedificiorum

264 3318 472 3396 sequentium.

370 3421 421 3484 30.
446 3422 603 3502 Georgius
626 3423 792 3483 Krisanich
816 3423 910 3483 habet
933 3424 1062 3483 domum
1086 3424 1246 3502 antiquam
1270 3423 1469 3502 reparatione
1494 3423 1538 3481 in·

264 3528 433 3609 digentem,
457 3530 602 3589 horreum
629 3531 789 3610 antiquum
813 3549 905 3591 secus
940 3532 1067 3605 bonum,
1090 3532 1216 3591 harulas
1252 3532 1292 3591 ad
1329 3530 1348 3589 2
1380 3533 1542 3590 clausuras

263 3638 407 3717 antiquas
432 3656 549 3717 magna
573 3640 770 3716 reparatione
794 3640 998 3714 necessarias,
1016 3640 1142 3699 domurn
1165 3639 1307 3699 fabrilem
1324 3639 1487 3718 antiquam
1509 3639 1540 3698 in

263 3746 377 3807 misero
408 3754 500 3821 statu,
525 3744 683 3805 fornacem
716 3746 884 3824 pistoream
909 3748 1069 3826 antiquam
1093 3765 1149 3826 per
1172 3747 1323 3807 incuriam
1354 3748 1437 3805 bono
1460 3754 1543 3805 tecto

263 3873 324 3914 non
349 3854 515 3933 provisam.

369 3959 421 4021 31.
446 3962 586 4023 Thomas
610 3960 820 4037 Fabjanchich
845 3969 876 4022 et
907 3963 1023 4021 Paulus
1055 3962 1141 4021 Koos
1173 3962 1268 4021 habet
1304 3963 1431 4022 domum
1466 3962 1543 4021 anti·

266 4088 360 4147 quam
385 4088 447 4128 non
471 4069 501 4128 in
534 4068 617 4129 bono
653 4076 745 4143 statu,
775 4070 827 4149 qui
860 4068 978 4129 curiam
1003 4070 1155 4147 potuisset
1180 4070 1340 4147 hucusque
1364 4069 1546 4143 ellaborare,

265 4194 342 4254 ergo
366 4195 422 4254 per
444 4176 670 4256 negligentiam
694 4176 789 4236 habet
812 4176 940 4235 domum
964 4176 997 4235 in
1020 4176 1135 4236 misero
1169 4184 1261 4237 statu.
1297 4178 1453 4235 Horreum
1489 4196 1540 4235 an·

264 4280 385 4359 tiquum
410 4282 607 4361 reparatione
631 4284 759 4362 indiget,
782 4284 876 4343 haras
901 4282 1081 4344 animalium
1120 4285 1160 4343 ad
1185 4281 1204 4342 3
1237 4284 1397 4342 clausuras
1432 4284 1542 4357 bonas,

266 4407 424 4447 cameram
448 4388 593 4449 frumenti
617 4391 657 4451 ad
681 4391 760 4457 duas
785 4399 891 4469 portas
914 4390 1113 4463 mediocrem,
1148 4391 1277 4451 domurn
1308 4390 1449 4449 fabrilem
1485 4409 1537 4448 an·

264 4496 382 4575 tiquam
406 4498 611 4573 mediocrem3
635 4498 710 4559 item
741 4518 902 4559 cameram
931 4498 971 4557 ad
1004 4518 1099 4559 unam
1129 4500 1308 4557 clausuram
1340 4507 1389 4558 sat
1421 4499 1545 4573 bonam,

264 4602 423 4664 fornacem
446 4604 616 4682 pistoream
639 4623 754 4665 novam
777 4605 902 4681 bonam,
930 4605 1025 4664 haras
1049 4604 1206 4665 maialium
1230 4606 1271 4664 ad
1287 4605 1366 4663 duas
1383 4604 1544 4663 clausuras

264 4710 393 4771 basibus
415 4710 600 4791 indigentes.

371 4815 422 4879 32.
446 4819 596 4897 Iosephus
621 4818 796 4898 Angustich
820 4817 916 4879 habet
940 4820 1067 4878 domum
1091 4837 1206 4879 novam
1224 4819 1368 4878 omnibus
1385 4817 1542 4895 provisam

268 4924 464 4999 necessariis,
501 4927 645 4986 horreum
672 4926 832 5004 antiquum
857 4925 984 4985 basibus
1001 4926 1156 5006 indigens,
1178 4927 1272 4985 haras
1291 4926 1435 5003 antiquas
1461 4925 1546 4984 bian-
