3934 5550
1514 460 1578 524 385

299 679 392 738 haras
417 679 457 737 ad
481 678 559 736 duas
591 677 751 736 clausuras
780 677 923 755 antiquas
947 676 1075 736 basibus
1099 676 1259 757 indigebit,
1283 685 1374 757 prout
1398 679 1575 738 camerulae

299 793 371 844 sunt
394 785 488 844 bases
512 785 719 858 necessariae,
751 783 910 844 fornacem
937 784 1107 862 pistoream
1142 785 1271 864 perpluo
1294 794 1376 844 tecto
1411 785 1577 863 provisam.

410 891 457 955 l7.
480 892 633 951 Providus
649 893 782 951 loannes
799 892 920 971 Evang.
933 891 1113 965 Koterman,
1125 893 1378 953 colonusdomiui
1395 894 1577 972 perillustrls

299 999 423 1060 Ioannis
453 999 706 1074 Szmendrovich,
731 1000 909 1076 assessoris,
932 1000 1027 1059 habet
1050 1000 1178 1060 domum
1201 1001 1231 1060 in
1256 1000 1370 1061 misero
1393 1010 1485 1072 statu,
1506 1002 1576 1061 hor·

298 1127 386 1167 reum
409 1109 534 1182 bonum,
564 1108 658 1166 haras
690 1108 730 1167 ad
761 1106 967 1167 lelausuras
993 1108 1102 1179 bonas,
1137 1107 1193 1167 sed
1223 1108 1359 1169 inferiori
1395 1109 1574 1186 pavimento

300 1215 484 1296 indigentes,
509 1215 666 1274 fornacem
690 1215 859 1292 pistoream
884 1215 1082 1276 mediocrem.

409 1320 457 1382 18.
481 1321 600 1381 Nobilis
631 1322 770 1400 Ignatius
801 1322 951 1381 Klasniclr
982 1323 1078 1382 habet
1109 1324 1235 1382 domum
1261 1341 1376 1382 novam
1399 1322 1514 1380 bonam
1538 1340 1577 1381 ex

299 1429 405 1489 solidis
428 1429 590 1489 roboribus
615 1438 794 1503 extructam,
819 1439 850 1490 et
873 1429 1018 1489 omnibus
1042 1430 1227 1490 necessariis
1246 1429 1414 1509 provisam,
1429 1431 1576 1490 horreum

298 1537 467 1616 antiquum,
503 1555 585 1596 novo
616 1537 776 1616 indigebit,
807 1539 901 1597 haras
933 1537 1134 1618 biangulares
1167 1538 1267 1597 bonas
1301 1539 1341 1597 ad
1369 1540 1529 1598 clausuras
1555 1537 1575 1596 5

297 1663 358 1703 non
382 1644 465 1703 bono
489 1643 668 1722 pavimento
691 1645 843 1722 provisas,
868 1647 1058 1704 camerulam
1086 1645 1246 1724 antiquam
1277 1645 1405 1706 basibus
1428 1652 1520 1724 prout
1544 1654 1575 1705 et

296 1753 422 1812 harulas
446 1752 551 1811 ovium
574 1752 759 1832 indigentes
783 1751 893 1811 fornax
917 1753 1055 1830 pistorea
1076 1773 1138 1814 non
1161 1754 1245 1813 bono
1268 1762 1351 1814 tecto
1375 1753 1510 1832 provisa.

408 1856 455 1920 19.
479 1859 632 1918 Providus
655 1859 803 1919 Nicolaus
827 1860 959 1935 lurman,
975 1860 1091 1920 domini
1114 1861 1226 1921 notarii
1242 1861 1421 1920 Gerdenich
1436 1861 1576 1934 colonus,

296 1969 422 2028 domum
447 1967 605 2045 antiquam
630 1975 807 2046 angustum.
831 1985 914 2026 nova
938 1967 1098 2047 indigebit,
1130 1987 1167 2027 ex
1196 1968 1324 2048 antiqua
1347 1967 1465 2048 aliquot
1490 1970 1574 2029 aliud

295 2075 458 2155 parvulum
483 2074 541 2134 sibi
571 2074 783 2134 necessarlum
808 2074 984 2134 aedificium
1010 2083 1114 2152 potest
1136 2075 1250 2150 facere,
1274 2076 1421 2135 horreum
1444 2077 1572 2150 bonum,

296 2201 455 2270 cameram
478 2201 593 2242 novam
616 2181 740 2255 bonam,
773 2183 867 2241 haras
892 2182 932 2241 ad
956 2183 1117 2241 clausuras
1141 2180 1161 2240 3
1185 2183 1293 2257 bonas,
1318 2183 1497 2261 pavimento
1529 2184 1574 2244 in-

293 2289 398 2350 feriori
422 2289 581 2369 indigebit,
605 2289 763 2349 fornacem
787 2288 956 2367 pistoream
982 2289 1142 2368 antiquam
1165 2291 1278 2350 nullius
1301 2291 1426 2355 valoris.

402 2396 453 2460 20.
466 2398 620 2457 Providus
633 2397 769 2456 Mathias
783 2396 987 2471 Frankovich‚
998 2397 1127 2456 colonus
1140 2398 1255 2456 domini
1268 2399 1449 2476 perillustris
1462 2401 1575 2460 notarii

294 2506 480 2580 Gerdenicb,
505 2506 599 2566 habet
623 2506 750 2564 domurn
782 2505 941 2583 antiquam
966 2505 1084 2564 nonin
1108 2506 1190 2565 bono
1214 2506 1294 2565 adeo
1318 2513 1410 2583 statu,
1427 2507 1572 2568 horreum

294 2613 456 2693 antiquum
490 2613 688 2692 reparatione
713 2622 743 2673 et
766 2612 894 2672 basibus
927 2612 1081 2693 indigens,
1110 2614 1202 2672 haras
1237 2614 1337 2674 bonas
1372 2615 1413 2674 ad
1445 2614 1465 2674 4
1490 2616 1572 2675 clau·

293 2741 383 2783 suras
416 2741 478 2783 non
509 2721 591 2782 bono
621 2721 801 2803 pavimento
833 2717 988 2800 provisas
1020 2721 1114 2781 haras
1146 2720 1305 2781 maialium
1338 2721 1490 2802 antiquas,
1514 2743 1571 2803 pro

291 2830 403 2909 quibus
426 2831 489 2890 iarn
520 2830 615 2890 habet
638 2829 732 2889 bases
756 2830 847 2889 novis
873 2828 1057 2911 errigendis‚
1083 2848 1241 2889 cameram
1265 2830 1389 2904 bonam,
1413 2830 1572 2892 fornacem

293 2938 462 3015 pistoream
487 2957 549 2997 non
572 2938 654 2997 bono
678 2945 761 2996 tecto
789 2938 955 3015 provisam.
987 2938 1063 2996 Item
1095 2938 1239 2997 dominus
1274 2939 1413 2998 notarius
1445 2942 1573 3021 antiqua

292 3045 404 3105 robora
436 3044 537 3104 eidem
570 3044 654 3104 dedit
686 3063 742 3121 pro
778 3062 903 3103 camera
931 3044 992 3103 alia
1016 3043 1191 3125 errigenda,
1227 3045 1279 3104 ubi
1313 3045 1441 3105 basibus
1476 3049 1566 3108 novis

292 3152 451 3232 indigebit.

398 3258 449 3318 21.
481 3258 634 3319 Providus
669 3259 818 3319 Nicolaus
852 3258 1035 3335 Koterman,
1071 3262 1199 3320 colonus
1238 3261 1355 3321 domini
1393 3262 1571 3342 spectabilis

292 3367 461 3427 assessoris
485 3367 609 3426 loannis
634 3367 799 3446 Plepelich,
826 3366 920 3426 habet
944 3367 1071 3427 domum
1095 3368 1210 3427 bonam
1234 3370 1374 3443 solidam,
1399 3370 1428 3430 in
1454 3370 1570 3429 ambitu

290 3494 353 3534 non
376 3475 458 3534 bono
483 3482 565 3533 tecto
583 3474 757 3552 provisam;
781 3474 855 3534 item
879 3475 1025 3535 horreum
1049 3477 1164 3535 bonum
1182 3478 1343 3556 antiquum
1365 3490 1439 3557 post·
1454 3479 1570 3557 aliquot

290 3601 388 3641 annos
412 3582 539 3641 basibus
563 3581 731 3660 indigebit,
754 3582 828 3641 item
851 3582 945 3641 haras
961 3582 1163 3662 blangulares
1180 3583 1280 3645 bonas
1296 3585 1336 3643 ad
1353 3586 1515 3645 clausuras
1536 3584 1565 3658 3,

290 3689 383 3749 etiarn
407 3697 499 3767 prout
522 3698 553 3748 et
576 3707 718 3748 cameras
742 3690 821 3749 duas
845 3689 999 3768 antiquae,
1027 3691 1133 3750 omnia
1147 3691 1208 3750 tria
1230 3692 1359 3751 basibus
1383 3692 1564 3769 indigentia,

288 3798 383 3856 haras
406 3796 501 3856 babet
520 3796 679 3856 maialium
704 3797 857 3875 antiquas,
881 3797 1062 3874 pavimento
1085 3798 1253 3877 indigebit3
1277 3799 1350 3858 item
1377 3802 1567 3859 camerulam

289 3904 329 3964 ad
354 3904 432 3964 duas
465 3912 580 3982 portas
612 3903 792 3981 pavimento
823 3904 960 3963 inferiori
995 3913 1090 3980 caret,
1122 3906 1232 3964 fornax
1265 3904 1402 3983 pistorea
1436 3907 1566 3984 perpluo

289 4020 372 4072 tecto
396 4011 530 4091 provisa,
554 4011 675 4091 indiget
691 4011 784 4071 etiarn
801 4012 946 4071 columna
962 4019 994 4071 et
1010 4012 1101 4092 virga
1128 4012 1211 4072 dicta
1228 4014 1312 4091 apud
1334 4021 1462 4091 puteum
1477 4032 1568 4075 nova.

396 4118 447 4179 22.
471 4118 590 4179 Nobilis
614 4119 764 4198 Iosephus
788 4119 944 4197 Plepelieh
968 4119 1064 4178 habet
1087 4120 1214 4179 domum
1230 4121 1346 4179 bonam
1369 4120 1400 4179 in
1423 4120 1568 4180 omnibus

288 4227 474 4287 necessariis
504 4226 678 4305 provisam;
702 4226 776 4286 item
807 4227 953 4286 horreum
976 4247 1093 4287 novum
1124 4227 1255 4301 bonum3
1279 4227 1353 4287 item
1378 4228 1462 4287 aliud
1486 4229 1562 4288 anti·

288 4356 383 4413 qutun
418 4336 546 4395 basibus
577 4335 739 4415 indigens3
774 4336 846 4395 item
880 4354 1038 4395 cameram
1069 4335 1215 4395 frumenti
1253 4336 1367 4395 bonam
1400 4344 1471 4414 post
1503 4345 1567 4396 tres

287 4452 340 4502 aut
363 4442 384 4502 4
409 4462 507 4503 annos
545 4443 673 4503 basibus
704 4442 864 4523 indigebit,
900 4444 971 4503 item
1003 4444 1097 4503 haras
1121 4443 1322 4523 biangulares
1357 4444 1457 4504 bonas
1481 4444 1565 4504 ad5

287 4549 447 4609 clausuras
479 4549 570 4608 simul
601 4568 672 4609 cum
703 4550 834 4623 stabulO,
866 4550 960 4609 haras
992 4549 1149 4609 maialium
1180 4568 1243 4609 non
1274 4549 1386 4625 habet3
1409 4550 1483 4610 item
1507 4550 1565 4609 Mi-

287 4654 405 4715 chaelis
437 4674 563 4715 camera
593 4664 699 4733 empta
730 4675 749 4715 a
783 4656 926 4715 Mirinich
959 4656 999 4715 ad
1030 4658 1110 4716 duas
1147 4657 1309 4715 clausuras
1343 4664 1414 4735 post
1449 4656 1565 4735 aliquot

251 4794 254 4801 ·
288 4782 386 4822 annos
403 4763 531 4822 basibus
548 4763 707 4842 indigebit,
724 4763 799 4823 item
813 4763 1010 4841 pavimento;
1034 4778 1131 4841 penes
1146 4764 1305 4823 camerula
1321 4764 1433 4824 Annae
1450 4763 1564 4824 viduae

285 4870 315 4929 in
349 4870 497 4929 mediocri
529 4877 628 4944 statu,
665 4870 737 4929 item
770 4888 867 4948 penes
899 4870 1022 4948 losephi
1053 4870 1205 4947 privativa
1243 4870 1371 4950 antiqua
1405 4879 1510 4949 empta
1546 4890 1564 4929 a

283 4978 402 5038 Rebich
418 4998 455 5037 ex
473 4976 684 5057 promontorio
704 4978 963 5055 Kosztanyevecz
980 4979 1123 5053 advecta,
1146 4979 1305 5038 camerula
1321 4979 1442 5039 Nicolai
1458 4978 1559 5057 priva·

1460 5101 1495 5156 25
