3934 5550
707 1594 867 1694 Anno.
894 1589 1185 1695 MDLXXI.

391 1858 482 1923 1571.
504 1860 530 1919 F
532 1860 597 1920 eria
617 1861 764 1935 secunda,
788 1861 819 1919 in
841 1861 922 1939 testo
937 1856 1028 1921 beati
1038 1859 1184 1941 Gregorii
1201 1881 1282 1940 pape
1290 1857 1306 1937 ¹,
1322 1864 1444 1946 nobiles
1460 1865 1573 1925 Petrus

298 1978 330 2028 et
352 1969 467 2027 Michal
491 1968 681 2029 Bussewecz
698 1968 736 2027 de
752 1969 941 2045 Bwssewcz,
957 1966 1166 2051 Lucasidem
1189 1969 1230 2028 de
1254 1970 1375 2045 eadem,
1398 1972 1579 2049 Stephanus

297 2077 380 2136 idem
412 2077 451 2135 de
484 2075 612 2150 eadem,
644 2074 789 2135 Andreas
820 2076 933 2135 Novak
957 2075 1106 2152 'similiter
1136 2077 1344 2151 Bwssewecz,
1380 2098 1418 2137 ae
1453 2080 1580 2140 domina

296 2184 455 2243 Dorothea
488 2202 616 2244 consors
648 2183 797 2257 eiusdem,
821 2182 885 2243 filia
907 2200 984 2242 vero
1009 2182 1145 2242 condam
1175 2182 1348 2244 Clementis
1377 2183 1576 2247 Bwssewecz

295 2294 335 2351 de
359 2292 480 2380 eadem,
509 2298 541 2349 et
571 2290 720 2368 Quirinus
755 2299 785 2349 et
817 2290 953 2349 Michaei
970 2274 1039 2351 ¹iiiii
1062 2290 1212 2365 eiusdem,
1236 2291 1313 2352 fassi
1336 2301 1409 2353 sunt
1432 2314 1577 2373 procura-

293 2408 377 2459 tores
400 2399 560 2458 Simonem
584 2397 733 2476 Krwpich
757 2386 788 2457 et
810 2398 1005 2475 Stephanum
1029 2374 1268 2475 Benchechych,
1291 2400 1485 2479 Stephanum
1509 2402 1576 2462 lite·

295 2502 395 2566 ratum
421 2504 651 2566 Ladomerium.
873 2506 876 2513 ’

399 2592 520 2675 Eodem
544 2614 594 2674 die
618 2614 708 2673 electi
732 2610 804 2672 sunt
827 2632 883 2691 per
906 2613 1144 2675 universitatem·
1161 2630 1339 2674 assessores
1363 2616 1448 2675 sedis
1465 2634 1573 2677 eorum

292 2722 461 2796 iudiciarie,
486 2720 631 2782 videlicet
688 2722 691 2729 “
1101 2712 1105 2717 ’
1191 2730 1196 2739 ’

424 2829 449 2889 l.
473 2829 596 2889 Blasius
627 2828 799 2909 Pogiedich
830 2829 868 2889 de
904 2828 1092 2906 Korylowcz
1123 2829 1234 2905 dictus,
1270 2830 1419 2891 thallerus
1458 2831 1482 2904 l,
1519 2833 1572 2893 de-

291 2937 370 2996 narii
399 2932 469 3018 ¹¹!2·

422 3042 450 3105 2.
474 3042 647 3124 Gregorius
672 3043 889 3120 Laczkowych
913 3043 951 3104 de
977 3043 1178 3125 Naghmiaka
1208 3045 1358 3105 thalierus
1387 3045 1411 3119 i,

420 3148 450 3213 3.
473 3149 661 3210 Benedictus
676 3149 824 3209 Arbanaz
872 3197 878 3211 .
926 3197 932 3210 .
982 3197 988 3210 .
1035 3197 1041 3210 .
1089 3197 1095 3210 .
1142 3198 1149 3212 .
1277 3178 1289 3204 »
1390 3155 1416 3227 i,

419 3256 449 3318 4.
472 3257 651 3336 Stephanus
674 3257 893 3334 Benchechich
930 3307 935 3320 .
983 3305 989 3318 .
1037 3303 1043 3316 .
1090 3303 1097 3316 .
1143 3306 1151 3320 ,
1278 3284 1290 3311 »

420 3364 449 3429 5.
473 3365 612 3426 Thomas
636 3365 881 3441 Laczkowych.
929 3415 934 3427 .
982 3411 989 3424 .
1037 3411 1043 3422 .
1091 3412 1096 3424 .
1144 3411 1151 3424 .
1279 3392 1290 3419 »
1390 3366 1415 3440 l,

419 3471 448 3533 6.
473 3472 622 3532 Matthias
647 3473 873 3549 Dyankowych
921 3519 1142 3534 .....
1273 3499 1284 3524 r
1385 3472 1410 3546 l,
1433 3472 1519 3534 idem
1532 3474 1572 3534 de

289 3581 367 3640 meis
391 3579 500 3640 habuit
522 3579 658 3639 florenos
683 3579 732 3638 III.

418 3685 447 3751 7.
472 3685 620 3746 Matthias
644 3686 792 3765 Wagych
799 3729 1146 3746 ........
1276 3712 1286 3739 »
1387 3686 1412 3760 i,

419 3791 448 3855 8.
472 3793 626 3852 Martinus
656 3791 860 3870 Chwnchych
927 3839 1147 3855 .....
1276 3819 1287 3844 »
1389 3792 1412 3867 Ι,

418 3900 447 3964 9.
471 3899 621 3961 Matthias
644 3899 848 3976 Zthanchych
867 3945 1146 3962 ......
1275 3925 1285 3952 »
1387 3900 1412 3975 l,

400 4008 446 4070 10.
469 4009 594 4088 Gaspar
617 4007 884 4084 Czwethkowych
922 4053 1144 4068 .....
1274 4033 1284 4058 »
1385 4006 1409 4080 l,

400 4118 446 4180 ll.
471 4117 607 4177 Michaei
632 4115 796 4191 Brwchek,
820 4124 895 4194 aput
919 4115 1093 4174 Czwethko
1137 4164 1143 4176 .

399 4225 444 4288 12.
469 4226 628 4289 Mattheus
653 4218 885 4301 Kwssewych,²

397 4332 444 4396 13.
468 4333 644 4393 Anthonius
668 4331 840 4409 Sobarych.

391 4441 513 4518 Quibus
544 4439 674 4520 singulis
707 4439 747 4499 ad
781 4438 854 4498 anni
885 4438 1036 4498 circulum
1067 4438 1223 4498 dabantur
1251 4457 1306 4516 per
1319 4437 1565 4498 ‘universitatem

284 4549 393 4610 floreni
417 4557 573 4630 quattuor,
607 4547 649 4610 ita
681 4548 765 4628 quod
793 4545 883 4606 unius
907 4547 956 4606 vei
980 4546 1114 4606 duorum
1138 4557 1192 4606 aut
1216 4545 1310 4605 etiam
1334 4545 1426 4604 trium
1451 4555 1563 4605 absen-

285 4658 333 4717 cia
356 4676 419 4717 non
442 4656 594 4731 obstante,
616 4653 730 4715 iudicia
753 4674 816 4714 non
840 4647 1107 4713 intermittanturi.

391 4764 512 4824 Eodem
545 4763 596 4823 die
631 4762 792 4823 decretum
826 4768 882 4832 est,
918 4771 952 4819 ut
987 4761 1163 4820 clausuram
1199 4758 1332 4838 piscium
1367 4777 1565 4818 communem

283 4871 399 4932 domini
430 4873 541 4952 iogary
572 4890 644 4930 cum
674 4869 847 4946 waywodis
879 4886 1004 4946 semper
1027 4876 1168 4945 tempore
1193 4885 1250 4925 suo
1274 4866 1437 4926 recludant
1461 4873 1493 4925 et
1516 4885 1567 4924 ex·

281 4980 448 5058 piscantur,
482 4999 518 5038 ac
549 4978 677 5038 tandem
708 4977 810 5056 pisces
837 4977 878 5038 ad
903 4976 992 5038 villas
1015 4975 1101 5034 iuxta
1124 4974 1332 5054 quantitatem
1354 4973 1485 5034 fratrum
1508 4991 1565 5050 per
