3934 5550
1495 471 1561 546 593

381 684 474 753 Anno
507 684 624 753 domini
652 680 745 752 1734.
777 686 827 752 die
852 682 904 752 26.
927 687 1045 754 mensis
1077 693 1208 753 ianuarii
1232 696 1262 753 in
1287 713 1359 753 arce
1393 696 1559 754 Lulravecz

274 798 483 860 universitatis
515 798 663 859 nobilium
696 799 810 880 Campi
841 801 1032 877 Turopolya,
1057 799 1184 859 omnino
1216 801 1246 860 in
1279 800 1419 860 districtu
1444 801 1555 860 eodem

274 915 305 972 et
328 907 476 968 comitatu
499 907 705 986 Zagrabiensi
733 906 878 966 existenti
902 907 1018 980 hahita,
1043 908 1208 966 occasione
1233 907 1451 968 celebrationis
1476 909 1553 968 iudi-

271 1013 390 1073 ciorum
414 1012 546 1091 praelati
569 1012 683 1090 Campi
707 1013 891 1090 spanalium.

377 1121 497 1179 Levata
531 1139 628 1179 causa
662 1138 718 1179 seu
754 1120 836 1180 actio
868 1121 990 1199 egregii
1024 1129 1054 1179 et
1087 1120 1199 1179 nobilis
1232 1121 1384 1182 Matthiae
1417 1123 1555 1195 Mudich,

272 1227 432 1304 praefatae
467 1226 677 1287 universitatis
711 1226 861 1286 nobilium
897 1226 1009 1305 Campi
1047 1229 1228 1305 Turopolya
1265 1228 1332 1287 fisci
1368 1239 1399 1288 et
1431 1231 1555 1302 actoriS,

271 1343 378 1394 contra
403 1342 433 1393 et
458 1334 610 1404 adversus
625 1334 790 1393 Nicolaum
812 1334 1018 1408 Davutovich,
1037 1353 1174 1414 magum,
1193 1336 1431 1414 Margaretham
1450 1338 1551 1397 Millos

272 1441 360 1500 aliter
373 1439 528 1513 Kiszelalr,
546 1440 708 1500 Michaelis
732 1440 863 1500 senioris
878 1440 986 1515 Sussa,
1005 1441 1241 1520 Margaretham
1257 1441 1408 1520 Stephani
1425 1443 1555 1504 Kosko-

211 1582 215 1589 ·
272 1547 342 1607 vich
361 1548 488 1608 uberius
513 1549 678 1608 denotatas
694 1557 808 1627 partes,
823 1549 1061 1628 Margaretham
1074 1549 1223 1625 Vuchlch,
1240 1549 1370 1626 Georgii
1384 1551 1552 1627 Szlrvorcz,

272 1655 441 1715 Barbaram
466 1655 717 1715 Czundrikovich
742 1655 830 1714 aliter
852 1654 1004 1728 Czuinak,
1028 1655 1181 1715 Helenam
1202 1657 1335 1716 lurinlch
1364 1657 1453 1716 aliter
1470 1657 1548 1717 Ker-

271 1763 364 1839 nyak,
387 1763 538 1842 Stephani
561 1762 709 1821 Arbanaz
726 1762 815 1821 aliter
830 1763 941 1822 Boltelr
958 1763 1165 1836 conthorales,
1182 1771 1213 1821 et
1231 1763 1422 1824 Dorotheam
1439 1766 1552 1823 Trum-

271 1869 369 1946 betaS,
393 1869 523 1948 Georgii
547 1868 674 1928 Mudich
706 1869 845 1928 relictam
873 1868 1011 1942 viduam,
1035 1869 1130 1928 veluti
1155 1869 1335 1930 modalitate
1366 1871 1446 1932 inlra
1483 1891 1553 1950 pro-

270 1977 420 2036 ducendis
451 1975 625 2036 actionibus
657 1975 784 2035 uberius
815 1975 982 2036 denotatas
1007 1989 1103 2055 sagas
1128 1985 1158 2034 et
1183 1977 1213 2034 in
1237 1995 1365 2036 causam
1391 1987 1550 2038 attractae.

377 2084 438 2143 Pro
469 2092 574 2142 actore
605 2082 754 2163 egregius
785 2083 937 2160 Iosephus
970 2083 1120 2161 Magdich
1153 2102 1223 2141 cum
1256 2083 1379 2158 nostrie,
1411 2086 1553 2163 adeoque

270 2191 494 2250 sufficientibus
526 2191 600 2249 iuris
632 2199 663 2250 et
695 2189 942 2249 mandatariatus
980 2190 1135 2268 requisitis
1168 2191 1337 2250 instructus
1360 2201 1552 2269 procurator,

270 2297 411 2376 producit
434 2297 598 2376 originalia
622 2297 778 2356 actionum
802 2305 910 2356 contra
934 2297 1162 2376 suprascriptas
1187 2299 1217 2357 in
1242 2309 1545 2360 causam-attractas

270 2411 461 2478 erectarum,
501 2413 532 2463 et
562 2423 632 2462 curn
663 2403 774 2463 iisdem
805 2403 837 2464 in
872 2404 998 2480 paribus
1027 2405 1212 2465 authenticis
1247 2407 1548 2466 communicatarum

268 2511 376 2571 litteris
400 2511 446 2587 A,
470 2513 514 2588 B,
537 2509 583 2585 C,
607 2511 653 2585 D,
677 2511 722 2585 E,
746 2511 788 2584 F,
812 2510 859 2584 G,
892 2529 930 2569 ac
953 2512 994 2570 ad
1017 2511 1098 2570 latus
1126 2513 1296 2571 earundem
1321 2514 1548 2590 proiniorma·

268 2619 352 2678 tione
376 2595 460 2678 sedis
483 2618 697 2697 inquisitiones
714 2626 745 2676 et
759 2616 920 2676 torturalia
937 2618 1081 2677 examina
1105 2617 1136 2677 in
1160 2618 1310 2678 fasciculo
1333 2621 1488 2700 colligata,
1514 2630 1545 2680 et

269 2728 326 2787 sub
342 2727 443 2787 littera
463 2728 501 2788 H.
525 2727 557 2785 in
579 2725 685 2786 imstis
701 2726 812 2786 decem
828 2726 1063 2804 comprehensa,
1093 2727 1203 2806 vigore
1227 2745 1359 2807 quorum
1376 2727 1415 2787 de
1432 2728 1542 2793 iisdem

269 2836 298 2893 in
323 2854 450 2895 causam
476 2834 615 2894 attractis
631 2833 779 2893 iudicium
802 2843 834 2893 et
856 2832 1015 2907 iustitiam,
1032 2834 1233 2912 debitumque
1257 2834 1332 2894 iuris
1356 2842 1388 2894 et
1411 2834 1545 2896 iustitiae

269 2942 529 3020 complementum
553 2942 630 3022 petit
653 2950 684 3001 et
707 2949 856 3014 reservat,
881 2960 962 3019 quae
988 2960 1065 3021 erga
1087 2942 1338 3020 casdem-partes
1363 2943 1394 3001 in
1417 2961 1545 3003 causam

268 3056 417 3108 attractas
440 3048 596 3127 praemitti
619 3048 792 3107 debuerant
815 3047 996 3125 praemissis
1021 3048 1234 3109 existentibus

374 3158 435 3215 Pro
468 3154 686 3234 suprascriptis
717 3155 848 3215 Nicolao
873 3155 1069 3215 Dauutovich
1077 3151 1093 3230 ¹,
1118 3156 1321 3236 Margaretha
1338 3157 1440 3215 Millos
1458 3158 1546 3217 aliter

267 3258 448 3336 Kiszeliak'2,
479 3263 577 3322 altera
608 3262 814 3341 Margaretha
841 3262 994 3339 Stephani
1028 3262 1217 3339 Koskovich,
1250 3264 1454 3344 Margaretha
1480 3266 1544 3325 Uu-

267 3366 380 3444 chichi,
404 3371 608 3450 Margaretha
631 3364 905 3429 Czandrekovich⁴
930 3370 1020 3429 aliter
1043 3366 1387 3443 Czuinek⁵,-Helenam
1411 3373 1544 3431 Iurinich

267 3486 298 3536 et
321 3478 513 3537 Dorotheam
537 3477 734 3552 Trumbetas,
756 3484 905 3554 tanquam
929 3477 1023 3535 modo
1047 3478 1176 3554 praevio
1199 3478 1384 3554 praetensis,
1402 3480 1544 3557 adeoque

266 3586 443 3645 solemniter
466 3584 710 3666 protestantibus
725 3590 757 3643 et
772 3582 804 3642 in
820 3591 923 3642 aresto
939 3583 1082 3657 detentis,
1099 3585 1248 3663 egregius
1264 3585 1427 3645 Ladislaus
1450 3586 1541 3647 Szale

266 3712 335 3752 cum
360 3693 482 3767 nostrie,
514 3694 655 3771 adeoque
688 3691 852 3751 sufficienti
878 3691 1007 3751 iuridica
1031 3691 1178 3751 facultate
1204 3690 1372 3751 instructus
1396 3702 1427 3751 et
1451 3713 1541 3771 prae·

263 3801 399 3860 munitus
423 3808 613 3879 procurator,
639 3799 792 3859 universis
816 3809 847 3859 et
871 3798 1002 3877 singulis
1026 3806 1174 3857 contextu
1197 3800 1370 3876 praesentis
1386 3802 1543 3878 praetensi

266 3926 432 3985 processus
456 3908 600 3968 antelatis
623 3906 655 3965 in
678 3924 807 3966 causam
837 3906 976 3965 attractis
1002 3906 1251 3965 deservientibus
1275 3907 1349 3966 iuris
1373 3909 1542 3983 beneficiis

266 4016 415 4091 castellis,
449 4016 523 4075 item
547 4025 578 4075 et
600 4014 735 4074 reservis
766 4011 948 4091 praemissis
971 4019 1002 4071 et
1025 4013 1215 4091 interpositis
1246 4013 1369 4090 habitis,
1401 4016 1541 4075 interiec-

264 4122 366 4201 tisque
390 4123 580 4183 solemnibus
594 4120 869 4201 protestationibus
893 4139 949 4198 pro
970 4128 1081 4179 tenore
1106 4128 1137 4179 et
1161 4120 1319 4200 exigentia
1344 4122 1465 4181 articuli
1489 4121 1540 4182 32.

267 4227 358 4290 1723.
391 4250 584 4309 comparens,
618 4239 787 4308 antequam
818 4230 858 4288 ad
890 4228 1037 4287 ulteriora
1066 4247 1194 4305 passum
1218 4228 1321 4302 faciat,
1350 4230 1426 4307 petit
1450 4249 1540 4307 prae·

262 4348 352 4398 tensa
386 4340 443 4398 sub
475 4340 512 4402 H.
542 4339 693 4417 producta
724 4337 802 4396 citra
825 4336 855 4395 in
880 4336 992 4395 eadem
1026 4354 1213 4397 consensum
1238 4354 1345 4394 secum
1369 4336 1541 4394 communi-

262 4446 334 4523 cari,
359 4458 389 4506 et
411 4455 478 4506 tum
503 4466 541 4505 ea
565 4465 603 4505 ex
627 4446 755 4519 ratione,
788 4446 872 4523 quod
904 4444 1015 4504 eadem
1047 4452 1215 4521 praetensa
1247 4442 1398 4521 producta
1421 4442 1451 4501 in
1476 4444 1540 4521 plu-

260 4554 347 4613 ribus
364 4553 563 4632 praetensive
580 4552 764 4629 conscriptis
782 4551 953 4610 consistant
969 4550 1073 4623 fileris,
1089 4551 1231 4628 adeoque
1248 4548 1424 4609 notabiliori
1447 4551 1540 4610 ctiam

264 4660 744 4741 communicandae*relectionis
768 4677 858 4718 mora
872 4657 1044 4737 indigeant,
1067 4665 1132 4716 tum
1158 4656 1251 4716 etiam
1276 4675 1313 4715 ex
1337 4655 1540 4717 fundamento

260 4769 444 4846 praeinserti
469 4767 596 4840 articuli,
620 4786 692 4825 cum
716 4766 810 4826 etiam
834 4764 921 4842 praxi
936 4773 967 4823 et
983 4764 1131 4823 methodo
1153 4742 1349 4841 processuali
1364 4763 1422 4821 hoc
1438 4763 1538 4840 ipsum

261 4878 407 4956 exigente
431 4876 515 4936 circa
538 4875 685 4935 universa
709 4883 740 4933 et
764 4873 889 4951 singula
913 4873 952 4931 ab
978 4873 1111 4931 adverso
1135 4879 1303 4950 praetensa
1323 4870 1538 4930 incrastinum

264 4986 379 5060 agendi
403 4985 583 5044 laenitatem
608 4990 748 5042 reservat
772 4982 960 5062 generaliter
984 4980 1183 5039 reservanda.

1397 5100 1434 5155 38
