3934 5550
372 411 437 475 566

372 628 577 690 Ladissiehka
602 625 708 701 vszakj
734 627 795 686 den
818 628 839 685 k
860 627 1020 686 szuedolru
1045 630 1073 685 ie
1095 626 1242 703 ‹lohajala
1256 647 1275 702 y
1293 628 1397 687 sesztb
1413 629 1496 704 koyn
1514 629 1649 688 clrerneh

371 731 800 814 dovajala,nagovarjajucb,
823 733 863 793 da
886 733 939 792 bib
963 753 1005 792 na
1029 735 1091 809 nylr
1117 733 1228 808 iahala,
1245 735 1363 813 potlam
1387 735 1469 794 kada
1494 735 1522 794 ie
1548 735 1649 795 videla

370 842 584 914 Ladissichlra,
620 841 661 900 da
696 841 836 900 szuedok
870 843 1024 919 premoliti
1058 861 1110 900 sze
1143 842 1233 916 neda,
1268 843 1352 900 onda
1384 864 1400 902 z
1432 842 1535 900 onemi
1567 844 1649 918 kony

367 950 529 1011 szuedolra
552 949 682 1008 zachela
705 947 809 1029 gaziti,
835 949 888 1006 tal<
912 949 951 1007 da
976 949 1005 1006 ie
1031 969 1087 1007 vsa
1111 949 1227 1008 cherua
1251 949 1321 1022 bila,
1345 970 1365 1025 y
1390 951 1469 1008 vech
1493 951 1583 1008 krath
1609 970 1649 1009 na

367 1059 417 1134 nje
450 1057 551 1135 perszi
583 1057 676 1130 szela,
710 1075 728 1115 a
758 1075 799 1114 vu
833 1055 978 1133 posirake
1012 1077 1094 1135 noge
1125 1057 1154 1116 ie
1186 1057 1347 1116 szuedolru
1379 1058 1507 1134 upirala,
1532 1059 1573 1116 da
1597 1059 1648 1116 bib

367 1166 515 1225 milosche
546 1163 644 1239 bosje‚
675 1185 696 1240 y
728 1164 832 1223 maike
855 1163 945 1239 bosje
970 1165 1071 1222 velike
1097 1185 1135 1222 ne
1159 1165 1229 1235 bilo,
1259 1165 1418 1224 szuedolra
1444 1165 1650 1226 Ladissichlra

370 1275 422 1333 bilr
448 1273 578 1332 vmorila
602 1271 672 1346 bila,
696 1279 798 1330 zatem
823 1271 983 1330 szuedolra
1000 1290 1163 1350 goszponu
1189 1273 1216 1331 ie
1237 1272 1289 1347 nje
1314 1274 1491 1350 goszpodar
1507 1273 1650 1351 pouedal‚

371 1383 433 1456 κο)1
451 1399 592 1460 goszpon
609 1378 812 1438 Ladissichlre
836 1379 864 1437 ie
890 1398 942 1436 sze
964 1378 1117 1457 zagrozil,
1140 1399 1160 1454 y
1189 1380 1305 1457 potlam
1330 1399 1367 1438 ne
1386 1379 1500 1440 banthe
1525 1381 1565 1438 od
1590 1401 1649 1456 nye

370 1489 512 1548 szuedok
536 1487 649 1568 nigdar
681 1487 782 1559 imala,
807 1488 879 1546 med
903 1487 1006 1546 koiem
1031 1507 1211 1546 vremeuom
1242 1489 1378 1547 szuedek
1410 1489 1437 1546 ie
1472 1507 1525 1547 sze
1555 1508 1649 1568 zago-

374 1596 492 1671 varjala
526 1596 742 1674 kszvethoga
769 1593 956 1653 'l‘roiszthva
979 1595 1104 1674 czirque
1137 1597 1265 1654 szuethe
1304 1595 1435 1671 Nedelje
1458 1616 1478 1672 y
1504 1597 1522 1653 k
1548 1597 1650 1654 mailro

369 1703 458 1778 bosje
481 1722 522 1762 na
546 1702 687 1778 Volauje,
711 1723 731 1778 y
756 1702 879 1760 zathem
899 1702 1104 1762 Ladissicbka
1128 1704 1148 1760 k
1177 1703 1337 1761 szuedoku
1361 1703 1449 1762 dosla
1473 1703 1502 1761 ie
1526 1723 1545 1778 y
1570 1705 1651 1762 oncle

369 1812 529 1870 blazneszt
561 1809 699 1888 szuproti
732 1810 917 1868 szuctboum
941 1809 1107 1868 Troisztvu
1140 1810 1291 1889 govorila,
1314 1810 1386 1869 koia
1411 1830 1449 1868 ne
1474 1810 1582 1868 szmeti
1607 1811 1651 1888 pi-

369 1920 446 1980 szati
481 1918 537 1977 niti
572 1918 734 1997 zgovoriti,
765 1938 785 1994 y
816 1936 920 1996 vnoga
956 1918 1058 1997 druga
1094 1919 1233 1977 szuedok
1264 1919 1292 1976 ie
1325 1919 1478 1992 raluvala,
1513 1919 1576 1977 irak
1611 1939 1650 1976 vu

370 2046 466 2086 onem
490 2045 653 2086 meszecza
677 2027 781 2084 dnevu
798 2025 1005 2084 Ladissicblra
1029 2026 1056 2084 ie
1080 2045 1207 2102 znyum
1230 2026 1342 2086 hodila.
1368 2027 1481 2085 Datum
1499 2035 1651 2103 utsupra.

675 2154 736 2213 Per
759 2173 808 2212 me
833 2153 1006 2232 Georgium
1030 2153 1283 2228 Samendroyieh,
1309 2155 1469 2232 praelibati
1494 2153 1605 2230 (lampi

748 2261 881 2319 iuratum
906 2268 964 2322 etc.
989 2261 1073 2320 ldern
1099 2281 1137 2320 m.
1162 2281 1190 2338 p.

477 2407 521 2464 lu
557 2406 712 2464 dorso:
742 2440 779 2450 -
803 2403 834 2467 6.
861 2439 899 2448 -
934 2405 1095 2482 Inquisitio
1131 2413 1238 2464 contra
1275 2405 1445 2465 Barbaram
1480 2406 1651 2482 Vulrovielr,

373 2513 503 2592 Georgii
526 2512 691 2572 Ladissich
715 2521 902 2574 consortem.

940 2599 956 2634 *
1064 2599 1080 2634 *

1000 2649 1017 2685 *

479 2765 571 2825 Anno
596 2761 824 2824 110311ῑηί1733.
849 2765 898 2823 die
924 2761 974 2825 23.
1000 2765 1115 2824 mensis
1133 2764 1310 2824 novembris
1335 2765 1364 2825 in
1391 2786 1461 2825 arce
1478 2767 1652 2841 Lulrarecz‚

372 2874 581 2934 universitatis
613 2872 760 2933 nobilium
793 2873 904 2950 Campi
937 2874 1126 2950 'l'uropolya‚
1158 2872 1283 2933 omniuo
1315 2874 1346 2931 iu
1374 2874 1514 2934 districtu
1539 2875 1650 2933 eodem

372 2994 403 3043 et
427 2981 575 3042 comitatu
598 2980 805 3059 Zagrabiensi
841 2981 986 3040 existenti
1009 2990 1040 3039 et
1064 2981 1178 3054 habita,
1211 3001 1267 3059 per·
1299 3002 1356 3040 nos
1388 2982 1560 3060 Georgium
1594 2983 1651 3039 l’o-

372 3089 505 3169 gledich,
521 3090 681 3168 praelatae
700 3089 910 3147 universitatis
934 3098 965 3147 et
989 3088 1102 3166 Campi
1123 3091 1278 3148 actualem
1295 3089 1440 3149 comitem
1464 3098 1652 3161 terrestrem,

373 3206 577 3275 caeterosque
602 3197 720 3255 iuratos
745 3215 924 3256 assessores
949 3198 1032 3257 lacta
1055 3206 1127 3256 sunt
1151 3197 1346 3275 infrascripta
1371 3197 1492 3256 iudicia.

480 3306 600 3363 Levata
631 3322 728 3362 causa
760 3322 815 3362 seu
839 3303 921 3363 actio
949 3306 1096 3383 generosi
1121 3305 1237 3363 domini
1261 3304 1412 3365 Matthiae
1438 3304 1574 3375 Modica
1591 3322 1653 3381 qua

374 3412 508 3488 inclytae
544 3410 711 3471 nobilitatis
747 3411 860 3487 (Iarnpi
896 3412 1076 3488 'l'uropolya
1111 3413 1226 3472 fiscalis
1261 3420 1291 3471 et
1327 3414 1448 3488 actoris,
1484 3422 1591 3471 contra
1623 3420 1654 3469 et

375 3520 527 3579 adversus
559 3518 730 3577 barbaram
755 3520 879 3578 loannis
911 3521 1053 3597 bogdan,
1085 3530 1115 3579 et
1148 3520 1241 3579 aliam
1276 3522 1448 3580 Barbaram
1483 3520 1653 3589 Uulroviclr,

375 3626 506 3706 Georgii
530 3626 701 3700 Ladissich,
726 3627 769 3685 sic
795 3637 825 3685 ct
851 3627 972 3686 tertiam
997 3629 1170 3688 Barbaram
1188 3630 1405 3703 blebanoviclr,
1423 3629 1545 3688 loannis
1562 3630 1650 3687 Mun·

376 3754 463 3814 gyer‚
489 3754 526 3793 ac
550 3734 787 3813 Margaretbam
816 3735 984 3806 liorenilra,
1011 3737 1162 3797 Matthiae
1187 3738 1404 3797 Bartholehicb
1430 3747 1598 3811 consortes
1623 3748 1652 3795 et

376 3843 501 3902 demum
527 3842 697 3901 Barbaram
724 3843 846 3901 loannis
869 3843 1064 3902 Rudiuovich
1081 3845 1228 3919 relictam,
1252 3854 1400 3923 tanquam
1426 3846 1456 3904 in
1481 3846 1653 3905 actionibus

376 3950 455 4008 inira
492 3948 701 4026 producendis
736 3948 994 4028 circumscriptas,
1025 3951 1185 4029 fusiusque
1226 3954 1390 4012 denotatas
1426 3972 1521 4032 sagas
1557 3962 1588 4012 et
1624 3954 1653 4012 in

377 4074 506 4116 causam
531 4064 689 4116 attractas.

483 4164 544 4223 Pro
576 4172 681 4224 actore
713 4166 862 4245 egregius
897 4167 1047 4244 Iosephus
1078 4168 1237 4248 ,trag-dieu,
1270 4171 1411 4249 adeoque
1435 4169 1598 4229 sufficienti
1624 4177 1654 4227 et

377 4270 506 4330 iuridica
530 4280 561 4329 et
586 4272 800 4349 procuratoria
823 4273 969 4333 facultate
988 4275 1154 4334 instructus
1179 4287 1369 4353 procurator,
1395 4278 1536 4353 producit
1560 4277 1653 4352 origi·

377 4377 460 4437 nalia
477 4376 606 4437 actionis
623 4379 681 4438 sub
704 4378 812 4438 litteris
836 4380 870 4438 F.
897 4382 927 4438 κ’.
952 4382 989 4441 G.
1014 4382 1052 4443 H.
1077 4392 1107 4441 et
1131 4384 1160 4457 l.,
1178 4402 1214 4441 ac
1239 4383 1278 4441 ad
1302 4385 1382 4443 latus
1408 4385 1575 4443 earundem
1599 4404 1654 4462 pro

377 4486 593 4545 intormatione
625 4486 757 4563 inclytae
791 4488 874 4547 sedis
898 4490 988 4548 binas
1012 4489 1226 4568 inquisitiones
1251 4492 1307 4549 sub
1333 4492 1469 4551 numeris
1493 4492 1600 4571 quinto
1625 4503 1655 4551 et

378 4602 474 4668 sext0‚
491 4594 726 4674 Margaretlram
752 4596 909 4654 Korenilra
925 4605 955 4655 et
971 4598 1142 4657 Barbaram
1161 4598 1321 4657 Uukovielr
1340 4609 1515 4678 tangentes,
1533 4620 1654 4661 necnon

377 4702 449 4761 bina
481 4701 640 4762 torturalia
672 4703 816 4762 examina
848 4704 986 4763 numeris
1017 4704 1045 4765 7.
1078 4714 1107 4763 et
1132 4703 1160 4765 8,
1186 4715 1303 4779 notata,
1329 4706 1436 4785 vigore
1469 4727 1600 4784 quorum
1625 4708 1654 4767 in

378 4811 592 4868 conlormitate
629 4820 878 4888 praeerectarum
916 4814 1073 4869 actionum
1112 4822 1230 4891 peteret
1265 4814 1419 4883 iudicium
1444 4826 1474 4876 et
1508 4814 1654 4877 iustitiam

378 4916 436 4977 sibi
461 4918 596 4996 impendi
620 4930 650 4977 et
675 4917 892 4983 administrari.
