3934 5550
1508 447 1573 512 397

296 665 393 723 haras
425 664 465 722 ad
498 663 575 724 duas
609 664 769 723 clausuras
794 664 938 742 antiquas
963 663 993 722 in
1019 665 1132 723 misero
1156 672 1247 739 statu,
1278 666 1405 725 domum
1435 665 1577 725 fabrilem

296 772 412 830 bonam
437 771 585 830 mediocri
610 779 692 829 tecto
716 771 883 848 provisam,
912 771 1071 834 fornacem
1103 771 1272 849 pistoream
1301 773 1368 832 sine
1400 781 1491 848 tecto,
1521 793 1576 852 pu·

296 887 381 938 teum
406 879 530 938 bonum,
615 929 616 932 ,

410 984 457 1046 12.
492 986 649 1066 Georgius
687 985 867 1060 Szallarich‚
904 987 1065 1046 libertinus
1089 987 1289 1059 civitatensis,
1321 987 1448 1046 domum
1483 986 1578 1045 habet

299 1094 422 1168 bonam,
448 1093 582 1153 ambitus
613 1093 734 1174 indiget
757 1100 840 1153 tectu
865 1094 1031 1166 assericeo,
1055 1095 1201 1154 horreum
1228 1095 1343 1152 bonum
1368 1103 1439 1172 post
1463 1094 1578 1172 aliquot

294 1219 393 1260 arinos
417 1200 549 1260 basibus
582 1201 736 1280 indigens,
767 1201 861 1259 haras
893 1201 1095 1282 biangulares
1118 1202 1159 1261 ad
1194 1200 1215 1260 4
1239 1202 1400 1260 clausuras
1432 1201 1463 1260 in
1494 1202 1577 1260 bono

296 1317 396 1382 statu3
420 1309 493 1367 item
519 1309 613 1367 haras
637 1308 795 1367 maialium
820 1307 1012 1383 mediocres;
1036 1308 1110 1368 item
1135 1309 1324 1369 camerulam
1349 1328 1410 1368 non
1436 1329 1492 1387 pro
1517 1309 1578 1369 alio

296 1435 354 1474 usu
387 1435 481 1494 quam
514 1434 570 1493 pro
601 1394 686 1473 haris
717 1415 877 1492 alatilium,
909 1414 983 1494 quia
1012 1425 1115 1475 autem
1146 1434 1304 1476 cameram
1339 1417 1485 1476 frumenti
1515 1435 1578 1476 non

297 1524 436 1597 haberet,
468 1511 554 1582 ideo*
574 1522 632 1583 sibi
664 1542 776 1582 novam
810 1523 935 1603 erriget,
962 1543 1019 1602 pro
1042 1523 1097 1583 tali
1121 1523 1288 1601 errigenda
1311 1524 1373 1582 iam
1401 1523 1440 1582 12
1465 1525 1578 1583 robora

255 1709 260 1715 Ι
296 1632 391 1691 habet
426 1639 546 1710 parata,
581 1639 693 1709 puteus
728 1630 803 1690 nibil
837 1632 928 1704 valet,
960 1632 1070 1691 fornax
1093 1633 1231 1711 pistorea
1254 1632 1427 1706 mediocris
1451 1633 1578 1691 domum

295 1739 436 1799 fabrilem
461 1738 650 1800 mediocrem
675 1747 758 1798 tecto
782 1739 865 1798 bono
888 1757 950 1798 non
974 1739 1142 1818 provisam.

405 1844 452 1908 13.
477 1847 527 1906 No
553 1847 601 1906 ilis
627 1847 763 1906 Mathias
787 1846 980 1922 Chunchich,
1003 1847 1173 1920 libertinus,
1197 1847 1292 1906 habet
1321 1847 1448 1906 domum
1473 1845 1580 1905 ruinae

295 1954 477 2032 proximam,
501 1955 648 2014 horreum
684 1953 844 2032 antiquum
867 1974 929 2014 non
954 1956 1034 2015 adeo
1057 1956 1183 2029 bonum,
1217 1956 1313 2014 haras
1345 1953 1523 2013 animalium
1548 1962 1579 2013 et

295 2061 456 2122 maialium
486 2061 517 2120 in
550 2062 632 2121 bono
664 2069 762 2136 statu;
795 2061 869 2121 item
903 2080 1060 2122 cameram
1094 2063 1134 2122 ad
1167 2063 1245 2121 duas
1270 2062 1429 2121 clausuras
1453 2062 1577 2136 bonam,

295 2169 405 2228 fornax
429 2169 566 2247 pistorea
591 2169 621 2228 in
645 2170 728 2229 bono
752 2177 843 2228 statu.

408 2275 454 2336 14.
478 2277 616 2338 Mathias
646 2277 821 2337 Saffranich
854 2279 1007 2358 Loparich
1038 2279 1149 2352 dictus,
1172 2279 1267 2338 habet
1298 2279 1424 2338 domum
1458 2277 1573 2336 bonam

295 2384 464 2463 antiquam,
488 2386 634 2445 horreum
667 2405 799 2463 parvum
822 2387 939 2446 bonum
967 2405 1093 2462 novum,
1123 2387 1244 2467 indiget
1275 2385 1450 2465 foenilegiO,
1479 2385 1574 2444 haras

295 2491 473 2551 animalium
499 2501 529 2552 et
553 2492 711 2552 maialium
736 2494 776 2552 ad
800 2490 819 2552 3
844 2495 1006 2554 clausuras
1032 2494 1149 2566 bonas;
1173 2495 1247 2553 item
1277 2495 1371 2553 haras
1394 2511 1450 2573 pro
1474 2493 1574 2555 bobus

294 2607 325 2658 et
349 2599 439 2677 equis
462 2600 606 2678 antiquas
638 2599 767 2660 basibus
798 2601 1009 2680 superioribus
1033 2609 1065 2660 et
1087 2601 1283 2662 inferioribus
1307 2600 1491 2680 indigentes
1523 2617 1573 2657 ca·

294 2725 412 2765 meram
442 2707 588 2766 immenti
620 2707 660 2766 ad
695 2705 716 2766 3
748 2718 855 2787 portas
887 2709 917 2768 in
950 2709 1034 2768 bono
1058 2717 1157 2783 statu;
1193 2708 1266 2767 item
1290 2707 1479 2768 camerulam
1503 2712 1575 2785 post

294 2813 421 2873 domum
453 2815 483 2874 in
516 2822 600 2873 statu
631 2814 722 2888 bono,
754 2815 913 2875 fornacem
941 2817 1111 2895 pistoream
1135 2815 1201 2875 siue
1225 2816 1308 2875 bono
1331 2823 1423 2889 tecto,
1446 2821 1574 2893 puteum

293 2940 363 2979 cum
388 2921 571 2980 Chunchich
595 2922 690 2981 habet
713 2920 837 2982 bonum.

405 3027 451 3087 15.
489 3028 621 3087 loannes
655 3028 777 3109 Evang.
814 3029 896 3088 Czar
931 3031 1028 3089 habet
1062 3030 1188 3089 domum
1223 3029 1370 3089 miseram
1406 3026 1573 3105 antiquam,

296 3135 442 3194 horreum
466 3136 591 3209 bonum,
614 3144 686 3214 post
711 3137 827 3215 aliquot
851 3157 950 3197 annos
974 3137 1102 3198 basibus
1126 3138 1285 3218 indigebit,
1314 3137 1407 3196 haras
1432 3135 1575 3213 antiquas

295 3243 335 3302 ad
359 3243 439 3302 duas
463 3244 633 3316 clausuras,
657 3252 749 3323 prout
772 3252 803 3304 et
825 3264 924 3324 penes
951 3246 1070 3305 ittidem
1100 3246 1243 3325 antiquas
1263 3246 1357 3304 haras
1382 3245 1422 3304 ad
1446 3241 1466 3302 3
1490 3243 1572 3301 clau·

293 3370 383 3411 suras
419 3370 530 3411 omnes
567 3352 763 3429 reparatione
795 3352 989 3433 indigentes;
1022 3354 1096 3413 item
1128 3373 1286 3415 cameram
1316 3351 1462 3411 frumenti
1492 3369 1573 3429 quae

291 3467 360 3518 erat
391 3457 476 3535 prius
509 3459 620 3519 domus
652 3459 748 3537 patris
780 3460 868 3521 Mulii
901 3461 932 3519 in
965 3461 1048 3521 bono
1072 3469 1172 3534 statu,
1197 3462 1270 3521 item
1295 3460 1469 3520 camerulas
1494 3458 1572 3516 duas

294 3566 460 3639 seorsivas,
485 3566 632 3625 seorsivis
649 3566 745 3644 portis
769 3568 911 3646 provisas
928 3568 959 3628 in
976 3576 1058 3627 statu
1075 3569 1232 3643 mediocri,
1256 3568 1390 3628 culinam
1415 3565 1572 3643 antiquam

291 3694 362 3733 cum
393 3673 520 3732 fornace
551 3673 689 3752 pistorea
718 3676 882 3753 perpluum
912 3683 1028 3735 tectum
1060 3677 1238 3752 habentem,
1261 3695 1317 3754 pro
1342 3694 1404 3753 qua
1434 3672 1573 3753 tegenda

289 3781 383 3840 habet
407 3799 531 3839 asseres
554 3778 629 3854 600,
653 3780 772 3861 indiget
796 3783 940 3842 columna
963 3802 1020 3860 pro
1043 3791 1147 3862 puteo.

401 3885 447 3947 16.
473 3888 595 3948 Nobilis
617 3890 750 3948 Ioannes
766 3890 887 3971 Evang.
912 3891 1077 3950 Arbanasz
1094 3891 1189 3950 Laich
1207 3890 1316 3964 dictus,
1333 3890 1427 3948 habet
1444 3890 1571 3948 domum

290 3994 415 4069 bonam,
440 3995 576 4053 ambitus
609 3996 692 4055 bono
724 4003 806 4056 tecto
830 4016 893 4056 non
917 3998 1069 4075 provisus,
1094 3997 1187 4057 etiam
1211 3997 1339 4056 basibus
1363 3994 1573 4074 superioribus

291 4108 323 4158 et
345 4100 541 4161 inferioribus
566 4102 693 4182 indiget,
718 4104 863 4163 horreum
886 4124 982 4163 unum
1006 4104 1122 4162 bonum
1148 4123 1272 4177 novum,
1297 4103 1380 4162 aliud
1404 4100 1573 4179 antiquum,

291 4206 383 4264 haras
418 4205 597 4266 animalium
629 4209 670 4267 ad
702 4210 780 4268 duas
812 4211 973 4269 clausuras
1004 4210 1103 4269 bonas
1135 4210 1262 4269 basibus
1296 4209 1481 4288 indigentes
1516 4228 1572 4285 pro

291 4311 402 4389 quibus
434 4312 495 4371 iam
527 4314 623 4373 habet
654 4315 812 4395 longiores
836 4317 916 4376 duas
939 4317 1052 4389 basesg
1082 4316 1156 4376 item
1186 4335 1284 4394 penes
1307 4317 1403 4374 harae
1436 4323 1508 4373 sunt
1532 4315 1573 4374 ad

290 4419 369 4478 duas
392 4420 554 4481 clausuras
577 4422 672 4481 etiam
686 4442 748 4482 non
773 4424 862 4484 bonis
886 4424 1017 4484 basibus
1041 4424 1196 4502 provisae,
1213 4444 1303 4483 secus
1319 4424 1351 4481 in
1367 4431 1450 4481 statu
1474 4423 1572 4495 bono;

296 4525 371 4587 item'
395 4548 553 4590 cameram
579 4532 619 4590 ad
642 4552 736 4591 unam
762 4534 937 4592 clausuram
962 4551 1095 4606 novam;
1118 4532 1193 4591 item
1217 4532 1375 4591 camerula
1391 4530 1519 4608 antiqua
1542 4529 1572 4588 in

289 4644 371 4695 statu
385 4636 542 4711 mediocri,
554 4637 662 4697 fornai
686 4658 770 4698 nvva
789 4640 872 4698 bono
893 4648 977 4699 tecto
1003 4639 1159 4700 assericeo
1182 4640 1317 4716 provisa,
1329 4646 1442 4717 puteus
1462 4639 1573 4697 bonus.

395 4744 605 4822 Suprascripti
620 4746 761 4805 homines
779 4755 809 4805 et
826 4766 927 4827 pagus
951 4748 1047 4808 habet
1067 4766 1226 4807 cameram
1242 4745 1472 4805 communitatis
1488 4765 1564 4805 suae

288 4849 456 4928 antiquam,
480 4852 677 4927 reparatione
702 4862 860 4932 egentem,
884 4853 957 4932 quia
981 4862 1030 4913 est
1053 4854 1142 4933 quasi
1166 4873 1264 4914 cavea
1289 4854 1319 4912 in
1343 4853 1513 4912 roboribus.

858 4962 1009 5042 *ἠῢ
