3934 5550
1495 409 1557 476 137

274 632 404 713 prandio
428 634 468 694 ab
492 632 610 693 eisdem
642 630 760 693 colonis
791 630 949 710 quottanis
972 629 1075 691 dictae
1099 630 1315 691 communitati
1346 630 1555 691 administrari

276 742 376 817 solit0‚
399 742 465 801 flor.
489 742 621 821 hungar.
651 736 689 799 18
713 740 819 799 denar.
844 737 896 801 80.

382 850 460 909 Item
484 849 523 908 ab
547 848 667 909 eisdem
681 846 799 907 colonis
823 865 879 923 pro
905 844 995 905 novis
1018 845 1217 923 extirpaturis
1231 844 1263 904 iu
1279 847 1392 906 eadem
1416 845 1557 905 Lekenik

276 956 402 1029 habitis,
425 957 491 1017 flor.
515 957 649 1034 hunger.
674 952 693 1014 3
717 954 824 1016 denar.
849 952 902 1016 91.

382 1066 459 1124 Item
495 1064 534 1123 ab
570 1064 688 1123 eisdem
724 1061 841 1121 colonis
876 1068 1047 1140 proventus
1079 1060 1332 1141 Giurgeuschina
1363 1070 1395 1120 et
1426 1060 1555 1120 Martin-

275 1173 384 1232 scbina
407 1179 549 1246 vocatus
573 1171 639 1231 flor.
664 1171 795 1249 bungar.
820 1167 849 1229 4.

383 1280 459 1337 ltem
484 1297 503 1337 a
527 1277 680 1337 nobilibus
704 1277 734 1335 in
759 1276 868 1335 Kuche
893 1275 1081 1355 degentibus
1105 1294 1161 1353 pro
1185 1274 1383 1352 extirpaturis
1407 1274 1498 1333 novis
1527 1282 1558 1332 et

276 1387 420 1466 antiquis,

381 1495 457 1553 Item
492 1512 509 1552 a
542 1492 678 1572 quinque
708 1492 855 1551 nundinis
879 1490 909 1549 in
934 1490 1036 1548 Maior
1067 1489 1203 1548 Goricza
1233 1508 1289 1567 per
1312 1488 1385 1547 anni
1410 1488 1559 1547 circulum

279 1602 429 1661 celebrari
465 1601 571 1674 solitis,
595 1600 743 1679 praelecti
779 1599 949 1657 earundem
982 1597 1190 1657 nundinarum
1215 1614 1271 1672 per
1302 1596 1559 1654 communitatem

279 1709 319 1767 ad
344 1710 374 1767 id
399 1708 547 1787 deputati,
576 1709 615 1767 de
643 1708 805 1767 exactione
830 1716 861 1765 et
885 1705 1085 1783 perceptione
1103 1704 1227 1763 fidelem
1252 1703 1370 1763 dabunt
1395 1705 1558 1765 rationem.

816 1850 961 1909 Andreas
996 1848 1252 1926 Chednekouich,
1284 1849 1403 1907 iuratus
1426 1856 1515 1907 nota·

812 1959 876 2017 rius
894 1957 1042 2016 nobilium
1059 1956 1173 2035 Campi
1188 1957 1413 2037 Zagrabiensis
1434 1977 1464 2015 m
1486 1977 1514 2035 p.

343 2074 344 2079 Ἰ
384 2100 529 2171 Originale
550 2100 721 2167 asscriptum
741 2099 924 2167 praecedenti
946 2093 1223 2168 regesto'nobilium
1243 2097 1342 2165 Campi
1362 2098 1560 2168 Zagrabiensis

275 2207 299 2245 e
321 2190 398 2243 1645.
418 2190 448 2242 ln
467 2188 582 2242 archivo
601 2204 742 2241 commun.
756 2186 892 2241 nobilium
913 2187 950 2240 de
969 2186 1136 2255 Turopolje:
1156 2186 1398 2253 conscriptiones,

885 2490 956 2560 ⁷8.

385 2712 478 2771 Anno
507 2707 599 2770 1646.
628 2708 676 2771 12.
701 2708 889 2769 novembris,
914 2709 1049 2768 Posonii.

389 2925 603 2986 Ferdinandus
627 2925 674 2985 lll.
699 2925 884 3004 Hungariae
908 2933 967 2998 etc,
990 2943 1054 2994 rex,
1088 2923 1275 2985 Michaelem
1307 2927 1488 3003 Ztepanich,
1523 2946 1560 2986 ac

279 3055 336 3115 per
360 3055 430 3094 eum
455 3035 613 3108 loannem,
638 3033 810 3110 Georgium
836 3043 866 3092 et
892 3033 1029 3092 Blasium
1053 3033 1133 3092 lilios
1157 3034 1234 3110 eius
1250 3053 1372 3094 necnon
1391 3036 1560 3094 Martinum

278 3142 439 3221 Sipussich
464 3141 554 3200 aliter
577 3141 723 3217 laychay‚
741 3141 882 3219 filiosque
907 3141 974 3199 eius
1000 3140 1180 3212 Nicolaum,
1197 3143 1346 3200 Ioannem
1371 3151 1402 3201 et
1426 3142 1563 3217 Petrum,

280 3268 317 3308 ac
341 3250 491 3309 loannem
515 3248 719 3326 Koprivnyalr
745 3248 834 3308 aliter
858 3248 1079 3321 Radichevich,
1097 3247 1227 3327 eiusque
1252 3249 1348 3308 filium
1372 3249 1561 3308 Michaelem

279 3356 310 3414 in
335 3363 459 3416 coetum
492 3353 641 3415 nobilium
675 3355 813 3428 assumit,
844 3353 982 3432 ipsisque
1014 3374 1103 3414 arma
1134 3375 1191 3415 seu
1221 3356 1357 3436 insignia
1382 3356 1563 3415 nobilitatis,

280 3462 407 3524 confert.

388 3571 567 3630 Publicatae
601 3579 674 3629 sunt
702 3571 762 3630 hae
797 3570 905 3630 literae
930 3572 1064 3630 armales
1088 3571 1118 3630 in
1143 3572 1283 3652 generali
1314 3572 1404 3652 regni
1428 3591 1564 3652 congre

280 3678 409 3758 gatione
433 3679 620 3758 Zagrabiae,
645 3697 671 3740 a.
701 3675 794 3740 1650.
819 3677 870 3737 21.
894 3679 1040 3738 octobris.

385 3818 531 3890 Originale
552 3821 774 3886 membraneum,
794 3820 915 3890 sigillum
936 3822 1088 3888 appendet.
1108 3822 1193 3888 Apud
1211 3823 1277 3874 noh.
1297 3823 1431 3875 loannem
1450 3810 1564 3891 Sipusie

277 3909 340 3964 Mai.
359 3907 480 3963 Goricae
499 3909 549 3962 No.
569 3909 611 3962 30.
632 3907 723 3976 Copia
742 3910 855 3962 authen.
876 3911 951 3977 apud
972 3910 1039 3963 nob.
1053 3910 1207 3978 Georgium
1223 3911 1397 3980 Koprivnjak
1413 3913 1440 3963 in
1452 3913 1560 3965 Hrasc'e

278 3997 327 4051 No.
348 3997 400 4064 24„
419 4004 449 4051 et
468 3998 495 4050 in
515 3998 629 4051 archivo
640 4014 782 4052 commun.
802 4001 868 4052 nob.
889 4001 925 4051 de
944 3999 1106 4068 TuropolJe.
1128 4025 1158 4036 -
1180 3999 1336 4063 Vitezovid‚
1355 4000 1512 4069 mjcsednilr
1530 4019 1563 4053 za

278 4086 427 4158 genealog.
445 4087 563 4157 biogral.
584 4088 632 4140 itd.
654 4088 672 4140 l.
692 4104 755 4158 pag.
778 4089 820 4141 58.
841 4089 883 4142 92.
