3934 5550
399 394 461 457 162

396 612 517 671 biscum
542 608 699 689 proficisci
722 610 958 673 necessitantur.
982 610 1189 672 lniormamur
1219 612 1428 687 nibilominus,
1457 615 1540 693 quod
1575 624 1679 673 vestra

398 718 571 780 dominatio
595 736 759 798 generosa,
784 717 873 777 dictis
896 718 1175 792 larebichensibus‚
1199 728 1350 799 exparte
1381 720 1679 782 Guztilniczensium

399 820 565 886 terminum
591 824 726 903 aliquem
758 826 829 900 (hoc
862 826 1052 885 tumultuoso
1083 834 1114 885 et
1145 827 1236 907 gravi
1269 827 1496 887 revolutionum
1527 836 1678 905 tempore,

400 933 504 994 minus
527 932 650 1010 legibus
673 933 793 1011 patriae
817 933 1021 1008 conformem)
1046 933 1136 993 dictis
1168 934 1448 994 larebiczensibus¹
1472 935 1677 1012 praefixisset.

397 1042 533 1102 Proinde
558 1060 584 1101 v.
610 1042 638 1102 d.
663 1061 694 1121 g.
717 1040 804 1101 hisce
827 1042 1014 1121 requirimus
1037 1042 1201 1122 hortando,
1223 1042 1267 1102 ita
1290 1043 1385 1103 etiam
1401 1042 1623 1103 committimus
1646 1050 1679 1103 et

398 1149 593 1225 mandamus,
616 1156 771 1229 quatenus
795 1149 1060 1227 praerecensitum
1082 1150 1249 1210 terminum
1273 1151 1368 1210 modo
1390 1150 1520 1229 praevio
1542 1169 1600 1229 per
1623 1170 1680 1211 vos

398 1258 582 1337 praefixum,
607 1258 772 1336 minusque
796 1275 936 1337 congruo
959 1265 1102 1336 tempore
1125 1255 1309 1332 intimatum,
1332 1257 1364 1317 in
1386 1258 1470 1317 aliud
1486 1257 1680 1318 commodius

399 1374 430 1425 et
464 1364 585 1424 felicius
618 1372 741 1442 tempus
776 1363 955 1424 omnimode
991 1365 1099 1425 differe
1129 1363 1213 1438 velit,
1243 1363 1276 1424 id
1308 1364 1390 1425 enim
1422 1383 1485 1424 non
1509 1382 1548 1424 ex
1569 1364 1679 1426 favore

399 1472 543 1551 partium,
567 1490 676 1535 verum
700 1489 866 1531 commune
889 1471 1006 1532 bonum
1030 1470 1235 1550 respiciendo,
1251 1470 1319 1531 fieri
1334 1472 1487 1533 volumus.
1503 1470 1571 1533 Nec
1587 1491 1679 1533 secus

398 1578 501 1665 iaciat
524 1580 559 1639 ln
583 1578 702 1657 reliquo
718 1595 883 1639 manemus
906 1598 937 1659 g.
962 1579 990 1639 d.
1014 1598 1043 1639 v.

1194 1703 1314 1765 amicus
1337 1712 1465 1782 paratus

1040 1811 1160 1872 Comes
1183 1810 1332 1872 Nicolaus
1355 1812 1504 1889 Erdeody
1527 1832 1568 1877 m.
1591 1832 1622 1891 p.

506 1920 633 1997 Selliny,
658 1919 687 1982 4.
711 1919 774 1979 iulii
803 1916 895 1981 1683.

506 2046 540 2107 P.
563 2046 594 2105 S.
618 2043 757 2119 Accedit,
773 2046 855 2125 quod
872 2054 938 2105 tam
954 2045 1072 2107 domini
1087 2046 1294 2107 articulariter
1310 2066 1329 2106 a
1344 2066 1445 2127 regno
1461 2046 1602 2126 deputati
1623 2065 1680 2126 pro

403 2154 486 2215 finali
510 2152 580 2212 talis
605 2171 719 2213 causae
744 2153 973 2228 effectuatione,
998 2172 1093 2233 quam
1117 2154 1168 2214 alii
1192 2154 1343 2217 officiales
1374 2154 1473 2235 regni,
1509 2155 1550 2216 ad
1579 2154 1680 2215 insur-

404 2262 574 2323 rectionem
598 2260 754 2340 publicam
779 2261 883 2321 statim
908 2279 943 2321 se
966 2261 1133 2340 disponere
1166 2262 1302 2323 debeant
1333 2262 1400 2323 sine
1435 2282 1532 2339 mora,
1556 2262 1680 2341 publico

403 2370 486 2431 bono
510 2369 555 2429 sic
578 2368 733 2449 exigente.
758 2368 893 2428 Proinde
917 2368 1012 2427 etiam
1035 2387 1098 2428 non
1121 2368 1266 2429 obstante
1282 2369 1416 2449 partium
1440 2388 1580 2444 assensu,
1603 2388 1676 2450 quo·

405 2478 444 2537 ad
470 2476 637 2538 terminum
661 2478 711 2551 (ex
735 2494 797 2555 quo
820 2474 892 2535 talis
916 2475 1089 2535 necessitas
1113 2484 1253 2555 tempore
1276 2496 1449 2537 consensus
1472 2476 1594 2565 termini
1617 2496 1680 2538 non

404 2584 531 2665 cognita
555 2592 621 2644 erat
644 2582 792 2662 partibus,
816 2582 972 2661 publicum
996 2583 1113 2643 bonum
1137 2583 1328 2668 respiciens),
1356 2592 1554 2663 praesentem
1578 2584 1682 2644 termi-

406 2712 480 2751 num
505 2691 590 2751 etin
614 2690 707 2751 alium
731 2689 871 2768 partibus
895 2690 1139 2751 commodiorem
1172 2709 1227 2770 per
1259 2692 1386 2751 easdem
1418 2691 1683 2752 denominandum

403 2819 574 2881 prorogare
598 2799 749 2861 debeatis.

509 2908 550 2967 ln
575 2907 714 2966 dorso:
737 2905 901 2966 Generoso
913 2906 1040 2965 domino
1056 2906 1149 2965 Petro
1161 2907 1303 2966 Walicza
1318 2908 1407 2968 aliter
1422 2908 1680 2984 Szenlrouachlry,

404 3015 616 3076 universitatis
638 3013 786 3074 nobilium
812 3012 925 3091 Campi
949 3013 1173 3092 Zagrabiensis
1205 3015 1375 3093 Turopolia
1398 3014 1472 3075 dicti
1495 3014 1600 3074 comiti
1621 3022 1682 3074 ter-

403 3123 492 3183 restri
516 3131 583 3199 etc,
607 3121 709 3182 amico
732 3119 1028 3184 observandissime

509 3244 654 3316 originale
673 3244 864 3313 chartaceum,
882 3261 900 3299 a
918 3251 1001 3316 tergo
1013 3246 1142 3313 appressi
1155 3245 1239 3316 sigilli
1252 3246 1480 3326 vestigium,quo
1495 3245 1578 3300 litera
1588 3245 1684 3300 clausa

403 3343 472 3390 erat
491 3335 522 3388 ln
541 3334 655 3388 archivo
673 3349 816 3390 commun.
834 3335 902 3390 nob.
920 3335 958 3390 de
975 3333 1138 3405 Turopolje.

514 3460 521 3490 ¹
539 3461 590 3516 sic.

512 3946 605 4006 Anno
633 3943 724 4006 1683.
748 3943 777 4004 7.
801 3945 873 4007 iulii.
897 3945 1083 4025 Zagrabiac

408 4139 588 4204 Martinus
618 4136 829 4218 Borkouiah‚
859 4137 1037 4224 episcopus
1071 4135 1337 4225 Zagrabiensz'S,
1372 4139 1496 4204 comiti
1529 4140 1687 4204 terrestri

410 4245 535 4334 Campi
564 4246 748 4332 Turopolia
772 4245 964 4325 committit,
989 4249 1028 4310 ut
1063 4246 1111 4310 ad
1131 4247 1287 4333 primam
1324 4247 1577 4327 invitationem,
1606 4268 1686 4311 cum

566 4353 633 4419 sabi
655 4351 848 4418 commissis
870 4352 910 4418 in
931 4360 1051 4440 campo
1074 4353 1298 4418 Varasdiansu'
1319 4358 1522 4439 compareat.

516 4553 678 4614 Generose
701 4551 827 4613 domine
850 4552 1057 4626 observande,
1081 4551 1213 4612 salutem
1237 4572 1308 4612 cum
1332 4552 1434 4633 gratia
1454 4552 1580 4614 Christi.

520 4678 567 4738 Ex
590 4684 695 4736 mente
718 4677 915 4738 illustrissimi
932 4677 1049 4738 domini
1065 4677 1185 4737 comitis
1201 4677 1273 4736 bani
1297 4678 1399 4738 scribo
1423 4679 1451 4737 d.
1476 4698 1514 4753 v.,
1529 4678 1685 4754 nimirum,

413 4793 447 4845 ut
471 4786 500 4849 d.
523 4805 552 4848 v.
576 4804 647 4844 cum
672 4785 730 4844 sibi
753 4785 928 4846 commissis
951 4793 1063 4863 parata
1086 4784 1135 4860 sit,
1167 4794 1322 4865 quatenus
1355 4788 1395 4845 ad
1426 4791 1558 4865 primam
1588 4785 1687 4850 moni·

412 4893 529 4952 tionem
554 4891 694 4952 eiusdem
717 4889 913 4951 illustrissimi
938 4891 1055 4952 domini
1078 4891 1151 4951 bani
1182 4910 1364 4970 comparere
1398 4895 1497 4971 possit
1520 4895 1551 4954 in
1575 4912 1688 4973 campo
