3934 5550
997 612 1099 685 1⁷0.

509 817 601 877 Anno
630 815 721 880 1695.
746 814 799 878 22.
823 817 1019 895 septembris.
1042 817 1069 875 E
1093 817 1204 877 castris
1228 814 1393 878 Croaticis.

402 1011 562 1075 Adamas
593 1010 633 1074 de
660 1008 846 1095 Balthyam
869 1008 990 1090 banus,
1021 1009 1132 1074 Paulo
1162 1010 1340 1097 Ligrrtich,
1364 1012 1475 1077 iudici
1499 1004 1681 1094 nobilium,

500 1117 695 1197 committit,
719 1120 759 1181 ut
782 1117 898 1203 copias
922 1115 1061 1182 banalas
1083 1118 1214 1183 modico
1238 1139 1383 1184 rrumero
1406 1125 1587 1205 comparet.

509 1315 696 1376 Perillustris
720 1324 777 1376 etc.
802 1334 896 1394 quam
920 1315 1013 1394 pauci
1037 1316 1205 1376 admodum
1228 1317 1387 1397 praesenti
1410 1320 1619 1397 campiductui
1640 1322 1679 1381 de

402 1426 605 1486 comitatuum
629 1424 789 1484 nobilitate
820 1424 971 1497 intersint,
1006 1424 1168 1504 apparebit
1192 1444 1229 1484 ex
1254 1426 1314 1485 hac
1337 1414 1476 1505 genuina
1499 1446 1682 1507 comparen-

401 1532 741 1613 tiumconscriptione,
765 1550 859 1610 quam
885 1528 1050 1609 perillustri
1074 1551 1111 1591 ac
1135 1551 1310 1612 generosae
1331 1533 1534 1594 dominationi
1558 1543 1683 1595 vestrae

402 1642 487 1701 hisce
512 1641 651 1702 accludo.
676 1642 809 1701 Etcum
834 1660 889 1719 per
911 1649 1033 1700 tantam
1063 1641 1297 1701 retractantium
1329 1642 1589 1704 intermissionem
1621 1664 1685 1703 non

402 1750 495 1809 modo
520 1750 669 1809 mandata
693 1768 764 1809 mea
789 1749 907 1827 seponi,
931 1750 1106 1809 sedetiam
1130 1750 1288 1829 publicum
1312 1770 1390 1811 suae
1423 1752 1596 1812 maiestatis
1619 1771 1685 1812 ser·

401 1858 509 1917 vitium
533 1856 653 1937 negligi
685 1856 849 1917 manifeste
877 1857 1095 1935 comperiatur,
1120 1858 1160 1917 ad
1184 1859 1377 1918 coercendos
1401 1858 1554 1919 eiusmodi
1579 1878 1684 1934 ausus,

401 1964 454 2043 qui
488 1964 637 2044 peculiari
672 1984 743 2023 cum
787 1964 1059 2025 animadversione
1093 1965 1343 2044 reprehendendi
1378 1975 1465 2043 sunt,
1496 1966 1581 2026 volui
1615 1985 1683 2045 per·

401 2072 493 2134 illust.
517 2091 555 2132 ac
578 2090 754 2152 generosae
778 2072 982 2132 dominationi
1006 2080 1131 2133 vestrae
1162 2074 1380 2152 praesentibus
1412 2074 1581 2150 notificare,
1606 2093 1682 2153 qua·

400 2189 493 2240 tenus
525 2198 602 2260 erga
637 2179 863 2240 intimationem
898 2182 988 2255 hanc,
1022 2182 1185 2241 universos
1215 2182 1382 2256 remittere,
1407 2201 1444 2241 ac
1479 2182 1519 2242 de
1552 2182 1684 2262 singulis

402 2287 614 2366 cuiuscunque
638 2295 737 2347 status
762 2296 793 2347 et
817 2288 1002 2349 conditionis
1025 2290 1215 2364 absentibus,
1248 2290 1377 2369 regulae
1409 2289 1488 2348 alias
1519 2299 1550 2348 et
1583 2289 1683 2349 ordini

401 2394 551 2454 militandi
575 2394 721 2475 obligatis
746 2394 816 2471 (nisi
839 2395 960 2455 illorum
979 2396 1091 2475 aliquis
1115 2397 1231 2475 scripto
1254 2414 1311 2474 per
1334 2416 1386 2455 me
1409 2396 1467 2455 sibi
1491 2396 1679 2475 impertitam

403 2501 592 2561 emansionis
606 2500 785 2562 facultatem
806 2504 1110 2582 repraesentaverit),
1135 2523 1170 2563 se
1194 2504 1258 2563 iam
1284 2504 1588 2564 animadversionem
1608 2522 1683 2563 exe-

402 2610 525 2670 cutione
548 2612 588 2670 de
611 2610 701 2671 bonis
725 2612 896 2672 eorundem
928 2612 1104 2686 fructuosis,
1127 2630 1184 2690 per
1207 2611 1350 2672 dominos
1382 2610 1583 2671 vicecomites
1606 2611 1683 2691 legi·
1735 2605 1737 2607 ’

401 2717 476 2778 time
500 2726 691 2794 emanantes,
716 2720 765 2780 vel
790 2739 865 2781 vero
888 2719 1009 2780 iudices
1031 2719 1180 2780 nobilium
1205 2719 1408 2780 comitatuum
1431 2718 1682 2780 irremissibiliter

400 2827 594 2886 desumenda
618 2834 766 2903 statuere,
780 2828 925 2906 bonaque
949 2828 1055 2888 talium
1081 2829 1190 2908 vigore
1214 2828 1407 2906 publicorum
1431 2836 1561 2888 eatenus
1585 2837 1677 2887 statu·

400 2943 504 2994 torum
536 2943 677 3009 executa,
710 2936 750 2994 ad
780 2935 933 2996 rationem
965 2935 1056 3016 regni
1079 2955 1136 3014 pro
1159 2935 1250 3011 solito
1273 2936 1464 3015 possidenda
1488 2934 1682 2995 committere

400 3042 529 3116 noverit,
554 3050 587 3101 ut
611 3050 742 3102 eatenus
774 3043 951 3103 emananda
982 3043 1170 3102 successive
1197 3043 1292 3103 etiam
1305 3042 1509 3120 ⁴temporibus
1532 3042 1682 3108 mandata

399 3151 456 3210 rite
492 3150 661 3224 observari,
697 3151 897 3228 debitumque
916 3151 1094 3212 'servitium
1129 3170 1206 3211 suae
1241 3150 1414 3211 maiestatis
1447 3148 1681 3210 sacratissimae

399 3258 577 3337 promoveri
609 3257 716 3336 possit.
748 3258 957 3318 lntimandum
993 3267 1158 3336 praeterea
1192 3259 1265 3318 duxi
1298 3258 1394 3335 perill.
1430 3258 1511 3318 dom.
1544 3266 1676 3331 vestrae,

399 3366 527 3424 banales
558 3384 682 3444 quoque
714 3366 821 3443 copias
844 3365 968 3425 modico
999 3385 1128 3444 prorsus
1150 3385 1281 3426 numero
1305 3383 1499 3443 comparare,
1522 3363 1681 3423 occasioni

398 3492 530 3551 quorum
559 3473 643 3532 vellit
674 3473 845 3534 dominatio
868 3482 975 3534 vestra
1006 3457 1101 3551 perill
1131 3474 1305 3553 disponere,
1338 3481 1372 3530 ut
1402 3491 1512 3532 eorum
1542 3470 1679 3530 nonnulii

398 3580 632 3660 principaliores
655 3581 827 3660 capiantur,
851 3581 1029 3642 ulteriorem
1054 3581 1137 3641 circa
1167 3581 1375 3661 praemissam
1407 3581 1581 3642 absentiam
1622 3580 1682 3640 dis·

397 3690 583 3768 positionem
608 3709 627 3749 a
651 3708 700 3750 me
724 3689 949 3769 praestolaturi.
975 3689 1146 3750 Coeterum
1170 3697 1229 3750 etc.

505 3835 690 3894 Perillustris
714 3853 752 3894 ac
775 3852 951 3915 generosae
975 3833 1089 3896 domin.
1115 3842 1239 3894 vestrae

1159 3977 1278 4037 amicus
1302 3976 1419 4037 servire
1443 3985 1572 4056 paratus

1099 4084 1217 4144 Comes
1239 4085 1381 4144 Adamus
1405 4085 1445 4144 de
1469 4077 1639 4160 Batthyan.

504 4231 551 4292 Ex
575 4231 686 4291 castris
716 4227 879 4306 Croaticis
904 4228 956 4292 22.
980 4229 1165 4307 septembris
1194 4225 1286 4287 1695.

504 4358 638 4418 Domino
661 4357 759 4416 Paulo
785 4356 959 4436 Liguthich,
982 4355 1078 4414 iudici
1103 4353 1259 4415 nobilium.

503 4495 593 4565 Copia
612 4499 733 4551 coaevis.
755 4498 784 4550 In
806 4496 920 4550 archivo
940 4511 1084 4549 commun.
1103 4496 1169 4548 nob.
1190 4495 1226 4547 de
1247 4494 1410 4564 Turopolje.
