3934 5550
446 437 510 498 572

446 653 625 724 diabolicas,
651 652 844 729 aliarumque
865 669 1014 730 sagarum
1033 649 1270 728 frequentasset,
1285 658 1449 726 praeterea
1465 651 1604 728 pluribus
1628 649 1724 709 homi·

445 762 545 833 nibus,
561 761 682 821 tenellis
701 759 839 838 prolibus
863 769 895 818 et
917 758 1101 836 peccoribus
1125 775 1180 836 per
1204 757 1357 818 eiusmodi
1373 757 1558 818 diabolicam
1575 767 1673 820 artem
1694 767 1725 816 et

444 867 698 929 infascinationes
715 865 883 939 nocuisset,
900 866 1038 945 quinimo
1054 864 1179 943 saepius
1196 865 1289 924 etiam
1308 884 1325 924 e
1343 865 1422 925 vivis
1439 865 1623 941 sustulisset,
1640 873 1671 925 et
1684 883 1723 924 ne

443 975 508 1035 fors
531 975 635 1053 plures
652 974 819 1052 complices
835 991 909 1032 suas
926 991 1023 1052 sagas
1048 972 1088 1031 ad
1113 972 1247 1031 eandem
1272 972 1481 1032 exercendam
1498 971 1724 1050 professionem

445 1090 476 1140 et
488 1082 589 1141 scelus
603 1080 838 1159 practicandum
850 1080 1020 1159 adegisset,
1032 1079 1241 1156 compulisset,
1253 1079 1468 1157 persuasisset,
1481 1079 1723 1158 induxissetque,

445 1190 578 1268 denique
611 1190 745 1249 animam
779 1198 809 1247 et
840 1207 953 1266 corpus
983 1207 1075 1246 suum
1107 1186 1316 1246 infensissimo
1340 1187 1466 1247 humani
1491 1187 1616 1268 generis
1643 1187 1724 1247 hosti

444 1298 568 1358 diabolo
592 1298 792 1369 immolasset,
820 1296 984 1374 taliterque
1008 1314 1175 1355 severam
1199 1303 1230 1354 et
1254 1294 1451 1356 manifestam
1475 1313 1587 1376 sagam
1611 1296 1722 1356 eadem

444 1407 476 1466 in
499 1424 627 1466 causam
661 1411 793 1464 attracta
816 1403 981 1476 effecisset,
1012 1421 1146 1480 poenam
1175 1404 1245 1483 lege
1270 1402 1376 1462 divina
1400 1411 1431 1463 et
1454 1403 1592 1463 humana
1616 1421 1722 1482 super·

444 1513 516 1573 inde
540 1513 691 1573 sancitam
716 1512 873 1572 incurrere
897 1510 981 1570 haud
1006 1509 1211 1570 formidasset

552 1623 675 1680 Peteret
699 1620 828 1702 proinde
852 1619 1061 1678 mentionatus
1085 1618 1199 1678 fiscalis
1221 1626 1250 1678 et
1269 1629 1364 1692 actor,
1389 1618 1496 1698 vigore
1522 1617 1611 1698 regni
1626 1637 1720 1698 gene·

445 1730 517 1790 ralis
541 1728 666 1799 decreti,
684 1728 875 1804 aliarumque
894 1728 1001 1804 legum
1022 1744 1117 1803 super
1134 1725 1287 1786 eiusmodi
1307 1725 1463 1785 atrocibus
1484 1724 1603 1784 delictis
1627 1731 1722 1784 statu-

444 1850 557 1913 tarum,
580 1835 710 1914 praevia
725 1834 865 1914 legitima
883 1833 1105 1893 certificatione
1133 1832 1322 1893 totiesfatam
1347 1833 1378 1892 in
1406 1851 1533 1892 causam
1558 1840 1722 1892 attractam

444 1945 475 2004 in
499 1945 547 2003 ius
571 1953 602 2003 et
626 1963 753 2004 causam
790 1942 966 2016 convenire,
1000 1961 1037 2000 ac
1061 1941 1099 2000 de
1133 1941 1243 2000 eadem
1268 1941 1414 2001 iudicium
1439 1949 1470 2000 et
1492 1939 1641 2000 iustitiam
1665 1935 1721 1999 sibi

442 2052 588 2130 impendi,
620 2051 753 2110 eandem
785 2049 930 2108 videlicet
961 2049 993 2107 in
1025 2067 1153 2108 causam
1179 2056 1343 2109 attractam
1369 2049 1408 2108 ad
1432 2048 1611 2128 detegenda
1634 2047 1722 2125 plura

443 2160 504 2220 alia
528 2159 639 2219 similia
657 2178 713 2237 per
737 2159 870 2217 eandem
888 2165 1068 2236 perpetrata
1085 2165 1115 2216 et
1130 2158 1298 2217 commissa
1312 2159 1441 2228 scelera,
1456 2157 1622 2236 pluresque
1639 2174 1721 2216 com-

442 2267 538 2345 plices
570 2267 763 2339 revelandos,
793 2265 920 2343 praevie
947 2271 1084 2324 torturae
1117 2264 1234 2337 subiici,
1266 2273 1376 2342 expost
1408 2283 1482 2324 vero
1514 2264 1573 2342 ipsi
1597 2264 1721 2342 quidem

443 2377 474 2434 in
513 2375 714 2453 promeritam
751 2393 901 2451 poenam,
940 2373 1008 2433 aliis
1043 2392 1119 2433 vero
1156 2369 1301 2434 horribile
1336 2374 1365 2433 in
1402 2374 1576 2451 exemplum
1617 2371 1721 2432 vivam

445 2501 524 2561 rogo
548 2483 819 2554 concremandam,
836 2481 885 2540 vel
902 2488 995 2558 prout
1017 2479 1076 2539 iuri
1101 2481 1200 2541 visum
1224 2481 1317 2541 fuerit
1340 2481 1431 2541 morti
1456 2480 1627 2541 adiudicari
1651 2480 1720 2560 lege

444 2589 535 2669 regni
559 2598 590 2648 et
614 2589 770 2649 communi
795 2588 910 2648 iustitia
935 2589 979 2647 sic
1003 2588 1272 2667 praecipientibus.
1307 2589 1420 2648 Datum
1447 2589 1522 2648 Also
1546 2589 1720 2662 Lulravecz,

442 2697 492 2756 die
517 2697 623 2777 quinta
647 2697 763 2756 mensis
786 2695 965 2756 novembris
989 2715 1071 2756 anno
1095 2696 1211 2757 domini
1240 2693 1331 2756 1733.

853 2824 913 2883 Per
937 2842 988 2883 me
1012 2823 1177 2883 Matthiam
1210 2824 1334 2898 Mixich,
1359 2824 1558 2883 substitutum
1584 2844 1623 2887 m.
1647 2843 1675 2901 p.

548 2969 592 3027 ln
628 2969 782 3027 dorso:
876 2968 909 3025 B.
933 3001 966 3011 -
999 2967 1162 3048 Originale
1187 2968 1317 3028 actionis
1341 2968 1528 3048 introscripti
1551 2969 1666 3029 fiscalis
1690 2980 1720 3028 et

442 3075 564 3146 actoriS,
597 3083 705 3133 contra
729 3083 760 3133 et
784 3075 936 3133 adversus
961 3075 1151 3134 Dorotheam
1176 3075 1366 3153 Sippussiclr,
1392 3076 1504 3136 nobilis
1536 3076 1607 3136 olim
1640 3077 1719 3135 Mat-

440 3181 524 3240 thiae
548 3183 650 3241 Leder
683 3181 821 3241 relictam
847 3182 983 3255 viduam,
1015 3182 1109 3241 veluti
1137 3183 1229 3242 modo
1257 3184 1454 3261 introscripto
1487 3202 1598 3264 sagam
1627 3192 1657 3241 et
1688 3183 1718 3241 in

439 3307 566 3348 causam
592 3296 767 3350 attractam.
799 3287 964 3350 Terminus
993 3290 1150 3367 praefixus
1182 3289 1213 3348 in
1245 3291 1373 3350 castello
1405 3291 1571 3350 Lukavecz
1595 3310 1651 3369 pro
1667 3290 1717 3351 die

440 3392 490 3453 23.
515 3396 632 3454 mensis
656 3396 834 3455 novembris
863 3393 955 3456 1733.

1114 3488 1174 3545 l’er
1197 3488 1331 3547 eundem
1356 3487 1557 3548 substitutum
1582 3508 1621 3547 m.
1647 3508 1674 3565 p.

1009 3666 1022 3697 ss
1132 3662 1147 3696 Ἰ

1070 3711 1085 3745 ιιι

546 3860 637 3920 Actio
661 3861 806 3940 generosi
831 3860 985 3919 Matthiae
1006 3860 1143 3935 Mudich,
1168 3882 1230 3941 qua
1255 3863 1388 3939 inclytae
1413 3862 1581 3923 nobilitatis
1605 3864 1718 3942 Campi

439 3967 619 4045 'l'uropolya
654 3968 768 4028 fiscalis
804 3976 835 4026 et
870 3968 993 4040 actoris,
1025 3978 1134 4029 contra
1166 3977 1196 4029 et
1224 3970 1375 4030 adversus
1401 3972 1570 4030 Barbaram
1604 3971 1716 4052 Czige·

439 4074 510 4146 rich,
541 4074 653 4134 nobilis
685 4074 758 4135 olim
791 4074 921 4153 Georgii
950 4074 1131 4135 Koskovich
1156 4076 1249 4136 aliter'
1267 4077 1382 4137 Sebina
1406 4077 1546 4137 relictam
1582 4078 1717 4155 viduam,

440 4180 534 4242 veluti
568 4182 749 4243 modalitate
782 4181 978 4259 infrascripta
1010 4202 1121 4262 sagam
1154 4192 1184 4243 et
1215 4184 1246 4243 in
1277 4203 1405 4244 causam
1430 4194 1603 4261 attractam,
1627 4205 1718 4248 occa·

439 4289 526 4348 sione
559 4298 592 4347 et
621 4297 784 4367 praetextu
808 4288 1002 4350 diversorum
1031 4298 1157 4350 actuum
1181 4292 1376 4371 magicorum
1398 4310 1454 4370 per
1478 4294 1611 4353 eandem
1643 4312 1717 4355 vero

438 4396 470 4455 in
494 4414 623 4455 causam
654 4404 819 4455 attractam
851 4404 1102 4474 perpetratorum
1135 4406 1165 4481 et
1199 4397 1278 4457 infra
1313 4399 1438 4459 uberius
1463 4401 1717 4478 exponendorum

438 4512 524 4563 mota
548 4511 580 4562 et
602 4513 716 4563 erecta.

544 4610 686 4685 Qualiter
714 4612 858 4671 nimirum
886 4612 1157 4689 praementiunata
1182 4613 1211 4671 in
1237 4633 1364 4673 causam
1389 4623 1531 4691 attracta,
1555 4616 1717 4695 ignoratur

439 4718 521 4776 unde
544 4726 637 4791 mota,
661 4737 763 4796 quove
794 4717 947 4779 diabolico
971 4729 1003 4779 et
1026 4719 1165 4799 maligno
1190 4720 1298 4797 spiritu
1323 4722 1363 4780 ad
1386 4720 1417 4780 id
1440 4720 1566 4784 inducta
1590 4731 1621 4781 et
1643 4742 1715 4783 con-

439 4825 541 4897 citata,
575 4824 747 4901 postposito
779 4824 829 4884 dei
857 4825 1079 4904 hominumque
1104 4826 1225 4899 timore,
1249 4826 1447 4905 iustitiaeque
1471 4847 1508 4887 ac
1533 4831 1638 4908 legum
1661 4849 1715 4907 pa-

438 4932 566 4992 triarum
590 4929 704 5011 rigore,
727 4931 889 4993 immemor
918 4932 1063 5015 imaginis
1088 4941 1118 4993 et
1141 4936 1261 4995 formae
1285 4932 1408 4995 divinae
1434 4936 1474 4997 ad
1498 4936 1586 4997 cuius
1610 4936 1713 4999 simili-
