3934 5550
402 460 468 527 418

508 679 550 738 ln
581 679 725 738 dorso:
759 676 954 755 Conscriptio
987 676 1018 736 in
1049 677 1193 756 originali
1216 675 1429 736 aedificiorum
1453 676 1483 735 in
1508 674 1680 754 possessio·

401 784 491 845 nibus
523 785 647 845 Kuche'
664 784 822 863 Superiori
855 792 886 844 et
917 782 1064 857 inferiori,
1096 782 1310 856 Rakittovecz‚
1339 784 1526 859 Bussevecz,
1550 781 1627 842 Lazi
1650 790 1682 842 et

399 890 528 952 lnlerior
560 893 657 969 buna,
687 890 847 967 Mraczlin,
880 890 1076 964 Kurilovecz,
1108 890 1184 950 Also
1216 890 1394 966 Lomnicza,
1418 891 1529 951 Pleszo
1561 899 1591 951 et
1622 892 1681 950 Ra·

401 1000 497 1079 karje‚
532 1000 626 1081 Nagy
659 1000 774 1073 Mlaka,
807 999 950 1059 Hrascbe
981 997 1209 1072 libertinorum;
1244 998 1319 1060 item
1350 998 1492 1059 Hrasche
1527 998 1687 1078 nobilium,

401 1108 549 1185 Superior
573 1109 739 1169 Lulravecz
763 1115 795 1167 et
817 1106 955 1183 Interior,
980 1106 1132 1179 Kobilich,
1156 1106 1290 1167 Gorieza
1314 1114 1444 1185 utraque

508 1230 652 1302 originale
672 1232 700 1285 in
720 1230 834 1285 archivo
853 1244 994 1285 commun.
1015 1230 1080 1283 nob.
1100 1230 1137 1282 de
1155 1228 1321 1299 Turopolje:
1340 1227 1583 1297 Conscriptiones.

406 1340 617 1349 ......‚,...-.—..-.

514 1391 521 1419 ¹
541 1390 668 1446 Civitatis
688 1392 893 1463 Zagrabiensis.
932 1388 943 1419 ²
961 1390 1116 1444 Februarii.

990 1672 1097 1747 237.

511 1888 604 1949 Anno
633 1884 726 1950 1797.
749 1885 779 1949 6.
805 1886 918 1967 aprilis.
941 1888 1037 1968 Nagy
1061 1887 1205 1949 Goricae.

406 2082 639 2147 Particulanis
662 2078 878 2168 conferentia
898 2080 1019 2167 Campi
1046 2081 1315 2167 Turopoliensis,
1331 2082 1496 2148 marimo
1511 2083 1688 2149 comitatus

405 2189 658 2276 Zagrabiensis
682 2190 721 2253 in
737 2190 838 2275 facio
860 2189 1130 2254 insurrectionis
1145 2190 1293 2255 minime
1315 2189 1537 2256 obediendum
1560 2194 1592 2255 et
1614 2192 1689 2257 ideo

743 2296 796 2360 nil
818 2296 1095 2383 respondendum
1117 2318 1190 2363 esse
1212 2298 1342 2363 decern.

516 2495 606 2585 Apno
638 2495 756 2555 domini
794 2492 885 2559 1797.
909 2496 959 2556 die
983 2494 1015 2557 6.
1039 2496 1157 2557 mensis
1181 2498 1286 2576 aprilis
1309 2498 1341 2557 in
1365 2498 1451 2558 curia
1475 2508 1597 2559 murata
1621 2499 1684 2559 uni·

409 2602 565 2662 versitatis
589 2604 736 2663 nobilium
765 2602 879 2683 Campi
903 2604 1084 2683 Turopolya
1106 2605 1202 2685 Nagy
1225 2606 1360 2665 Gorieza
1383 2606 1577 2684 compellata,
1594 2614 1688 2686 atque

408 2710 599 2789 possessioni
623 2710 755 2771 nominis
780 2711 930 2787 eiusdem,
954 2720 985 2771 et
1008 2711 1211 2772 iurisdictioni
1236 2713 1377 2775 eiusdem
1401 2713 1620 2788 universitatis,
1656 2722 1687 2774 et

409 2819 513 2878 inclito
545 2819 704 2882 comitatui
738 2815 944 2900 Zagrabiensi
980 2819 1175 2900 ingremiata,
1211 2839 1250 2880 ex
1287 2821 1521 2894 convocatione,
1567 2829 1598 2880 et
1628 2820 1686 2880 sub

409 2929 564 3006 praesidio
588 2928 767 3007 spectabilis
792 2935 822 2987 et
845 2927 1027 3006 perillustris
1052 2927 1169 2988 domini
1192 2930 1316 2990 loannis
1341 2929 1420 3007 Nep.
1445 2928 1619 3007 Zdenczay,
1637 2949 1688 2990 ac-

410 3035 502 3094 tualis
534 3034 655 3095 comitis
687 3034 851 3112 terrestris
884 3035 1101 3113 praesentibus
1133 3027 1360 3114 perillustribus
1384 3044 1415 3097 et
1438 3038 1601 3117 generosis
1635 3039 1689 3098 do·

409 3142 500 3202 minis
528 3143 620 3203 Petro
644 3143 790 3220 Modych,
814 3141 981 3202 substituto
1005 3143 1119 3203 comite
1142 3144 1290 3219 terrestri,
1315 3144 1436 3204 Mathia
1461 3144 1684 3221 Vercbkovich,

410 3251 566 3312 ordinario
599 3249 729 3322 notario,
757 3249 909 3309 ambobus
942 3250 1027 3310 sedis
1062 3250 1240 3314 iudiciariae
1277 3252 1498 3328 assessoribus,
1534 3252 1688 3313 Michaele

410 3359 616 3432 Hervachich,
640 3357 806 3418 honorario
831 3376 1002 3429 assessore,
1026 3367 1057 3417 et
1073 3356 1212 3438 Georgio
1244 3358 1421 3439 Briglevich
1446 3359 1690 3431 viceassessore,

411 3465 589 3545 particulari
612 3465 643 3524 in
666 3465 777 3524 merito
801 3464 965 3524 iniraserto
989 3465 1180 3526 conferentia
1204 3475 1331 3526 servata
1354 3465 1514 3526 existente.

518 3574 634 3634 Lectae
658 3581 729 3632 sunt
752 3572 911 3632 officiosae
927 3573 984 3632 sub
1007 3573 1081 3633 dato
1109 3572 1133 3632 l.
1159 3573 1263 3652 aprilis
1288 3594 1314 3633 a.
1340 3595 1364 3635 c.
1390 3574 1430 3634 ad
1455 3574 1688 3634 universitatem

412 3682 560 3742 nobilium
584 3681 697 3761 Campi
720 3683 901 3760 Turopolya
925 3681 1062 3742 directae
1087 3682 1203 3741 domini
1224 3681 1380 3742 substituti
1405 3682 1499 3741 incliti
1525 3682 1689 3742 comitatus

411 3790 633 3872 Zagrabiensis
665 3789 854 3850 vicecomitis
879 3789 1009 3870 Georgii
1031 3789 1245 3850 Rellossevich
1268 3790 1398 3867 litterae,
1421 3798 1530 3850 tenore
1554 3809 1687 3869 quarum

413 3899 496 3959 illam
527 3897 660 3976 praelati
689 3897 784 3957 incliti
816 3896 981 3956 comitatus
1013 3897 1256 3975 dispositionem,
1289 3905 1323 3957 ut
1355 3897 1500 3957 videlicet
1523 3905 1587 3957 tam
1616 3897 1691 3956 ban·

413 4006 500 4066 deria
532 4005 738 4066 dominiorum
767 4006 846 4064 haec
877 4004 1113 4082 possidentium,
1149 4024 1244 4083 quam
1277 4004 1397 4084 reliqua
1428 4003 1590 4064 comitatui
1621 4003 1693 4063 huic

418 4112 605 4193 ingremiata
629 4112 777 4173 sessionis
798 4113 889 4171 unius
917 4111 1070 4185 nobilitas,
1094 4112 1124 4172 in
1150 4131 1307 4172 armorum
1329 4112 1485 4173 tractandi
1512 4110 1692 4179 modalitate

415 4228 606 4297 exerceatur,
639 4240 700 4299 quo
734 4219 765 4280 in
797 4227 861 4278 tam
896 4219 1002 4278 arduis
1032 4218 1129 4280 critici
1160 4219 1252 4279 huius
1278 4219 1427 4298 temporis
1452 4218 1693 4278 circumstantiis

413 4329 586 4407 cuicunque
609 4347 672 4387 non
696 4327 798 4386 minus
826 4327 946 4388 interno
978 4326 1083 4400 motui,
1108 4346 1203 4405 quam
1227 4334 1375 4386 externae
1399 4325 1584 4404 impetitioni
1607 4325 1691 4385 omni

413 4445 555 4515 tempore
586 4431 740 4508 resistere,
765 4443 797 4495 et
819 4435 973 4495 internam
1007 4435 1120 4514 publici
1149 4434 1392 4514 tranquilitatem
1425 4452 1614 4494 conservare
1639 4453 1691 4493 va·

414 4548 491 4606 leat:
516 4546 547 4606 in
571 4546 661 4623 copia
691 4544 960 4620 communicando,
978 4543 1187 4622 praemissum
1210 4543 1241 4602 in
1265 4543 1359 4603 finem
1382 4561 1446 4602 non
1468 4543 1563 4602 modo
1579 4540 1694 4618 Campi

414 4653 505 4712 buius
530 4652 711 4730 Turopolya
734 4651 855 4711 nobiles
879 4652 918 4710 ad
942 4668 1031 4735 arma
1062 4650 1215 4728 capienda
1238 4669 1336 4726 ocyus
1366 4649 1497 4728 disponi,
1520 4650 1692 4727 horumque

417 4781 456 4821 eo
490 4760 746 4820 destinandorum
771 4777 944 4830 numerum,
969 4777 1078 4818 verum
1103 4758 1198 4817 etiarn
1223 4756 1418 4817 dominorum
1450 4756 1487 4816 iis
1512 4757 1694 4833 praeficien-

416 4871 525 4929 dorum
559 4867 736 4927 officialium
769 4865 895 4925 nomina
926 4867 993 4926 sine
1028 4865 1165 4925 fovenda
1200 4885 1271 4924 cum
1307 4866 1416 4924 iisdem
1450 4864 1694 4944 cointelligentia

416 4976 474 5036 sibi
507 4975 660 5034 notificari
694 4973 834 5052 petierat.
871 4975 903 5032 ln
939 4973 1027 5032 cuius
1062 4972 1209 5050 postulati
1244 4972 1508 5050 consequentiam,
1544 4971 1693 5049 quemad·
