3934 5550
408 392 453 457 44

408 611 567 671 dominum
582 622 720 671 actorem
744 631 763 669 a
786 612 997 671 celebratione
1014 611 1207 688 praemissae
1224 608 1433 669 attestationis
1455 606 1635 679 inhibuisse,
1651 624 1688 665 ac

409 720 543 779 eundem
578 718 737 779 dominum
773 719 946 798 palatinum
980 728 1013 778 et
1047 720 1321 791 locumtenentem,
1356 722 1506 787 actorem,
1540 732 1597 793 pro
1632 714 1685 773 ha·

409 826 512 885 hendo
535 844 633 885 causa
655 826 687 885 in
710 826 885 903 praemissa
900 844 984 885 novo
1009 826 1131 899 iudicio,
1148 843 1294 903 novaque
1318 822 1522 902 responsione
1538 821 1690 893 facienda,

407 933 449 991 ad
471 932 611 1011 quintum
636 932 791 992 decimum
807 933 891 993 diem
914 933 1042 1013 vigiliae
1065 934 1136 993 testi
1153 933 1238 992 beati
1254 931 1359 992 lacobi
1376 931 1518 1010 apostoli,
1543 930 1575 989 in
1599 947 1687 1007 prae·

410 1040 526 1117 scripto
556 1058 640 1100 anno
670 1040 788 1100 domini
819 1041 983 1101 millesimo
1011 1040 1266 1121 quingentesimo
1289 1038 1552 1120 quinquagesimo
1574 1037 1690 1117 quinto,

410 1157 569 1207 transacto
592 1145 776 1226 praeteriti⁸,
800 1149 831 1207 in
854 1148 995 1209 eiusdem
1020 1149 1138 1208 domini
1159 1148 1280 1208 Nicolai
1304 1148 1426 1207 comitis
1450 1154 1482 1207 et
1504 1146 1578 1205 bani
1601 1162 1690 1223 prae·

412 1255 554 1327 sentiam,
584 1265 692 1314 contra
724 1275 759 1315 se
792 1255 943 1335 legittime
975 1256 1101 1316 evocari
1133 1256 1246 1316 secisse
1275 1255 1527 1327 dinoscebantur,
1551 1253 1690 1313 eiusdem

411 1362 568 1441 quondam
585 1362 701 1423 domini
725 1363 809 1423 Petri
833 1364 999 1440 Erdewdy,
1025 1364 1103 1424 alias
1125 1365 1209 1438 bani,
1222 1364 1416 1423 iudiciarium
1441 1362 1614 1441 producere
1638 1378 1689 1419 cu-

412 1480 537 1530 raverat
551 1470 581 1530 in
598 1482 817 1550 conspectum,
841 1473 954 1551 quibus
969 1473 1139 1552 productis,
1155 1472 1416 1550 continentiisque
1434 1470 1605 1531 earundem
1621 1484 1689 1545 per·

410 1579 498 1639 lectis
521 1590 553 1639 et
575 1598 652 1640 sane
676 1580 849 1657 intellectis,
872 1581 955 1641 idem
979 1581 1166 1641 Ambrosius
1186 1582 1311 1658 Beyczi,
1334 1580 1460 1641 nomine
1492 1585 1523 1638 et
1555 1578 1586 1636 in
1619 1594 1687 1654 per-

411 1704 491 1747 sona
513 1686 630 1746 iamlati
654 1687 770 1747 domini
801 1688 925 1761 actoris,
949 1690 1103 1749 rationem
1134 1689 1324 1749 inhibitionis
1355 1688 1529 1767 praemisse
1561 1692 1688 1745 attesta-

410 1793 502 1853 tionis
525 1803 557 1853 et
579 1795 752 1855 communis
783 1795 990 1874 inquisitionis
1014 1796 1081 1857 dari
1105 1806 1137 1856 et
1160 1796 1317 1876 assignari
1341 1796 1556 1873 postulaverat
1578 1810 1634 1869 per
1656 1790 1687 1848 in

410 1920 539 1961 causam
574 1911 725 1961 attractos
758 1904 1021 1983 praenominatos,
1052 1905 1125 1980 Quo
1157 1912 1305 1982 percepto
1340 1902 1499 1982 Georgius
1529 1899 1688 1975 Skarycza

411 2028 469 2087 pro
502 2012 747 2087 praenominatis
782 2011 936 2072 nobilibus
965 2012 996 2071 in
1029 2031 1159 2072 causam
1191 2012 1340 2084 attractis
1375 2030 1447 2070 cum
1471 2006 1691 2089 procuratoriis

412 2116 509 2176 literis
541 2118 730 2177 honorabilis
762 2119 888 2197 capituli
918 2119 1072 2179 ccclesiae
1104 2118 1336 2199 Zagrabiensis,
1369 2118 1510 2178 eiusdem
1533 2115 1690 2196 quondam

411 2224 528 2283 domini
551 2226 635 2285 Petri
659 2226 824 2302 Erdewdy,
852 2226 930 2287 alias
952 2226 1034 2299 bani,
1058 2228 1241 2307 exurgendo
1265 2228 1297 2286 in
1321 2226 1542 2304 praesentiam,
1564 2242 1691 2301 respon-

410 2332 501 2391 derat
523 2350 560 2391 εκ
585 2333 728 2406 adverso,
752 2334 836 2411 quod
860 2334 954 2393 iidem
971 2334 1092 2394 nobiles
1116 2336 1146 2394 in
1170 2354 1301 2395 causam
1326 2334 1458 2407 attracti,
1482 2331 1686 2411 praemissam

411 2440 643 2501 attestationem
666 2450 698 2501 et
720 2461 919 2502 communem
943 2443 1174 2520 inquisitionem
1198 2453 1365 2522 propterea
1389 2440 1603 2512 inhibuissent,
1617 2438 1691 2518 quia

412 2549 573 2609 castellum
595 2550 822 2628 praescriptum
846 2552 1033 2610 kaawecz
1050 2571 1122 2611 cum
1138 2552 1203 2610 suis
1220 2550 1423 2629 pertinentiis
1446 2568 1508 2609 non
1533 2546 1690 2627 quondam

412 2654 537 2715 loannis
560 2655 698 2729 Coruini,
721 2656 850 2736 eiusque
874 2657 927 2717 filii
951 2656 1178 2737 Chrlstophori,
1201 2658 1258 2717 sed
1282 2658 1562 2737 praedecessorum
1579 2672 1690 2713 eorun-

413 2762 486 2824 dem
510 2762 658 2823 nobilium
681 2764 713 2824 in
736 2783 865 2824 causam
890 2775 1101 2838 attractorum,
1125 2777 1156 2824 et
1187 2783 1440 2844 perconsequens
1464 2760 1635 2823 eorundem
1659 2758 1690 2818 in

416 2890 545 2930 causam
569 2879 771 2930 attractorum
793 2872 912 2949 luisset,
936 2883 1082 2952 essetque
1099 2873 1351 2946 haereditarium,
1374 2871 1510 2951 dictique
1534 2868 1693 2948 quondam

415 2979 549 3038 loannes
572 2977 738 3052 Coruinus,
761 2986 793 3038 et
816 2979 956 3038 eiusdem
988 2979 1068 3039 lilius
1092 2979 1347 3057 Christophorus,
1378 2977 1501 3038 etiamsi
1530 2975 1691 3036 castellum

416 3084 517 3162 ipsum
542 3084 710 3162 aliquando
733 3086 955 3162 possedissent,
971 3089 1054 3146 mala
1072 3087 1132 3146 lide
1150 3095 1259 3146 contra
1274 3087 1342 3146 iura
1358 3085 1497 3164 ipsorum
1513 3085 1544 3143 in
1561 3100 1689 3142 causam

414 3199 617 3250 attractorum
633 3192 816 3268 tenuissent,
839 3212 933 3270 super
956 3213 1018 3271 quo
1044 3193 1136 3252 iidem
1160 3193 1191 3252 in
1216 3213 1344 3252 causam
1370 3191 1492 3252 attracti
1517 3199 1620 3250 certas
1636 3189 1689 3248 ha·

414 3301 524 3358 herent
548 3299 653 3359 literas
684 3309 716 3358 et
746 3300 878 3359 literalia
901 3301 1105 3360 instrumenta
1138 3319 1195 3379 pro
1226 3321 1260 3360 se
1285 3299 1444 3361 confectas
1476 3308 1507 3358 et
1535 3304 1690 3370 emanata,

413 3425 492 3485 quas
515 3425 578 3466 non
611 3416 726 3480 attunt,
758 3407 814 3466 sed
847 3407 878 3466 in
909 3408 1041 3467 termino
1072 3409 1208 3468 ulteriori
1241 3427 1297 3486 per
1328 3409 1430 3485 ipsum
1455 3407 1613 3485 quondam
1637 3404 1691 3463 do·

414 3515 529 3573 minum
562 3513 688 3573 Petrum
720 3514 886 3590 Erdewdy,
919 3515 997 3574 alias
1029 3516 1155 3589 banum,
1183 3516 1301 3575 eisdem
1327 3515 1440 3588 dando,
1464 3515 1636 3592 producere
1660 3520 1692 3571 et

414 3621 560 3681 exhibere
592 3621 726 3700 prompti
758 3619 890 3682 luissent
912 3633 944 3681 et
966 3622 1084 3701 parati,
1116 3643 1172 3701 pro
1196 3643 1234 3682 eo
1259 3623 1341 3682 idem
1365 3623 1523 3700 quondam
1548 3619 1691 3679 dominus

413 3728 523 3804 banus,
547 3717 611 3804 hys‘
634 3729 799 3807 perceptis,
823 3730 862 3788 de
885 3730 1016 3789 consilio
1047 3729 1189 3791 vicebani
1214 3731 1270 3804 sui,
1295 3729 1436 3809 magistri
1468 3725 1692 3808 prothonotarii

413 3836 513 3916 regni,
546 3835 681 3895 iudicum
712 3835 870 3906 nobilium,
902 3846 1160 3917 caeterorumque
1193 3839 1362 3897 iuratorum
1389 3854 1584 3896 assessorum
1607 3831 1691 3892 sedis

414 3962 491 4002 suae
515 3943 705 4015 iudiciariae,
728 3961 836 4003 secum
860 3945 891 4003 in
915 3945 1058 4004 examine
1082 3946 1256 4024 praesentis
1288 3963 1404 4005 causae
1429 3944 1459 4004 in
1482 3943 1597 4003 iudicio
1628 3940 1690 4000 exi·

413 4051 576 4125 stentibus,
607 4049 774 4109 iudicando
805 4053 1004 4112 commiserat
1035 4070 1073 4111 eo
1106 4054 1199 4113 modo
1244 4053 1327 4131 quod
1359 4051 1492 4131 praelati
1515 4049 1634 4109 nobiles
1658 4048 1689 4106 in

413 4176 542 4217 causam
574 4158 696 4216 attracti
728 4159 939 4237 praescriptas
972 4160 1078 4222 literas
1102 4171 1133 4220 et
1156 4161 1287 4221 literalia
1320 4160 1535 4236 instrumenta,
1557 4175 1637 4236 quas
1660 4162 1691 4215 et

414 4265 550 4345 quaein
574 4265 658 4324 facto
691 4266 889 4343 proprietatis
912 4267 986 4327 dicti
1010 4267 1129 4328 castelli
1153 4269 1349 4343 Lwlrawecz,
1373 4266 1690 4346 pertinentiarumque

414 4391 542 4433 suarum
574 4373 880 4451 praenominatarum
911 4392 968 4452 pro
1000 4395 1034 4434 se
1066 4376 1218 4436 haberent
1244 4377 1403 4435 coniectas
1428 4382 1458 4433 et
1482 4379 1637 4446 emanata,
1660 4370 1691 4428 in

413 4481 547 4542 termino
580 4479 797 4540 celebrationis
831 4480 1014 4541 iudiciorum
1046 4481 1191 4542 similium
1223 4500 1389 4541 causarum
1413 4479 1554 4558 primitus
1579 4479 1609 4538 in
1632 4479 1691 4536 hoe

413 4607 513 4668 regno
538 4597 608 4666 post
632 4587 739 4648 leriam
764 4587 888 4647 tertiam
912 4589 1085 4665 proximam
1110 4598 1180 4667 post
1204 4589 1392 4648 dominicam
1416 4587 1635 4667 Rogationum,
1660 4584 1690 4643 in

415 4694 609 4775 praescripto
633 4714 716 4754 anno
739 4694 856 4754 domini
879 4694 1043 4756 millesimo
1059 4696 1310 4776 quingentesimo
1334 4693 1596 4774 quinquagesimo
1620 4711 1690 4770 sep·

413 4805 498 4878 timo,
520 4812 680 4864 transacto
703 4797 919 4880 praeteritam⁹
942 4802 1196 4876 inchoandorum,
1221 4805 1340 4883 absque
1361 4802 1515 4863 ulterioris
1539 4818 1689 4881 proroga·

412 4911 506 4972 tionis
536 4911 734 4983 confidentia,
770 4929 877 4970 coram
911 4911 1022 4970 eodem
1054 4913 1211 4989 quondam
1236 4912 1361 4970 domino
1397 4912 1490 4970 Petro
1525 4907 1692 4983 Erdewdy,
