3934 5550
1490 432 1535 495 65

252 642 344 715 fectu,
368 650 462 723 prout
485 646 627 725 praelata
651 647 777 708 domina
800 648 914 707 Vrsula
937 646 1093 725 Sattrych,
1115 646 1356 720 latens-eoram
1373 649 1462 709 nobis
1486 668 1534 709 re·

252 749 330 823 tulit,
355 750 395 810 ad
419 770 453 811 se
478 751 589 813 levatis
613 762 645 814 et
667 753 832 833 perceptis,
856 755 922 814 iure
945 763 1097 834 perpetuo
1130 764 1160 815 et
1189 755 1435 816 irrevocabiliter
1479 757 1531 816 de·

253 858 359 931 disset,
371 859 563 919 vendidisset
586 870 618 936 et
640 869 866 939 perpetuasset,
890 870 982 940 prout
1006 861 1100 937 dedit,
1118 861 1256 923 vendidit
1272 872 1303 922 et
1326 864 1532 941 perpetuavit,

253 963 484 1045 dominiumque
508 967 649 1027 eiusdem
672 967 813 1048 integrae
838 969 995 1042 sessionis,
1020 988 1141 1029 necnon
1172 978 1325 1029 terrarum
1358 970 1529 1046 arabilium,

253 1081 285 1132 et
308 1073 439 1133 aliarum
462 1074 720 1154 pertinentiarum
743 1096 880 1152 suarum,
904 1078 944 1136 de
967 1078 1114 1138 manibus
1138 1078 1211 1151 sule,
1236 1098 1292 1157 per
1316 1098 1427 1139 manus
1443 1098 1532 1158 prae·

253 1181 405 1243 dictorum
429 1183 559 1265 Georgii
582 1186 763 1266 Pogledych
789 1197 820 1245 et
854 1186 976 1246 Nicolai
1009 1187 1165 1266 Pepelych
1197 1188 1433 1266 apprehendere
1463 1206 1531 1266 per-

253 1289 345 1365 misit,
369 1310 426 1370 per
460 1294 599 1370 eosdem,
622 1294 839 1373 haeredesque
873 1302 905 1353 et
935 1294 1134 1373 posteritates
1167 1296 1336 1355 eorundem
1371 1295 1438 1354 iure
1462 1313 1531 1374 per·

252 1408 347 1478 petuo
370 1400 549 1475 tenendam,
571 1401 805 1481 possidendam,
828 1401 962 1479 prariter
994 1409 1025 1461 et
1048 1402 1236 1476 habendam,
1268 1402 1379 1461 harum
1412 1409 1532 1461 nostra·

251 1526 336 1581 rum,
372 1508 484 1587 quibus
517 1509 652 1588 sigillum
687 1517 827 1569 nostrum
864 1509 1077 1570 authenticum
1112 1510 1256 1570 duximus
1283 1510 1533 1588 appendendum,

252 1616 362 1696 vigore
385 1624 418 1675 et
440 1616 619 1677 testimonio
642 1617 802 1677 literarum
836 1617 1003 1678 mediante.
1036 1618 1152 1681 Datum
1183 1618 1232 1677 die
1265 1618 1421 1678 dominico
1453 1618 1531 1678 lubi·

251 1725 322 1797 late,
346 1742 428 1783 anno
450 1724 568 1785 domiui
591 1724 754 1785 millesimo
788 1726 1040 1806 quingentesimo
1064 1727 1270 1806 nonagesimo
1294 1726 1401 1804 primo.

357 1848 503 1919 Originale
523 1850 746 1914 membraneum,
765 1852 910 1917 appendet
928 1850 1021 1905 solum
1040 1866 1111 1903 zona
1130 1851 1239 1905 sericea
1258 1849 1323 1903 llavi
1342 1856 1372 1904 et
1390 1851 1467 1904 rubri
1487 1866 1533 1904 co·

252 1937 328 1991 loris.
347 1938 379 1991 In
398 1938 514 1993 archivo
533 1939 630 1992 accad,
650 1940 751 1993 scient.
771 1939 878 1995 Slavor.
899 1940 998 1993 merid.
1019 1940 1181 2011 Zagrabiae.

864 2220 936 2293 ³1.

364 2424 457 2483 Anno
489 2421 580 2483 1591.
605 2422 657 2487 31.
682 2417 815 2503 augusti.

359 2620 480 2681 Relatio
503 2620 655 2699 Stephani
679 2620 870 2698 Grasswein,
895 2623 926 2683 in
958 2642 1021 2701 qua
1052 2622 1132 2683 inter
1163 2623 1224 2683 alia
1256 2624 1374 2699 dicitur,
1406 2626 1532 2685 Hassau

255 2735 366 2808 pesam
401 2729 597 2789 Bosnensem
631 2746 702 2789 cum
737 2729 873 2791 exercitu
913 2748 1025 2790 versus
1059 2730 1167 2792 Sissek
1206 2732 1394 2810 proficisere,
1430 2742 1461 2793 et
1500 2733 1532 2794 in

251 2837 375 2917 Campo
398 2837 568 2917 Turopolje
592 2846 696 2899 castra
719 2840 823 2900 locare
846 2839 934 2899 velle

354 2960 500 3034 originale
525 2962 554 3016 in
572 2962 688 3017 archivo
707 2963 841 3034 regnicol.
859 2963 985 3018 Graecii:
1012 2961 1191 3018 Miscellanea
1211 2966 1277 3024 lasc.
1298 2965 1341 3018 tn.
1361 2964 1412 3022 No.
1432 2965 1475 3020 67.
1495 2995 1529 3004 -

246 3051 360 3106 Starine
376 3051 453 3106 XIX
466 3068 531 3123 pag.
550 3052 593 3107 55.
1496 3077 1498 3080 ·

359 3522 451 3600 Anno
480 3537 573 3604 1592.
598 3538 650 3602 22.
675 3541 789 3619 aprilis

360 3753 521 3814 Archidux
544 3744 879 3838 Er'nestuslammonet
903 3765 1002 3816 status
1026 3756 1148 3833 Stiriate,
1172 3766 1205 3817 ut
1229 3758 1352 3818 mittant
1375 3759 1405 3817 in
1430 3758 1527 3818 Croa·

250 3863 328 3922 tiam
352 3862 474 3923 auxilia.
500 3864 583 3922 Inter
598 3872 704 3922 cetera
727 3861 842 3937 scribit,
855 3864 938 3941 quod
963 3865 1107 3924 Thurcae
1134 3866 1370 3925 Hrastoviczam
1394 3886 1525 3945 occupa·

247 3978 373 4045 verunt,
398 3990 435 4030 ac
458 3972 614 4031 irruerunt
637 3971 667 4029 in
691 3981 827 4030 castrum
851 3972 959 4031 Sissek
983 3983 1014 4032 et
1039 3973 1196 4051 Campum
1222 3973 1398 4052 Turopolje.

351 4093 497 4163 originale
521 4096 550 4148 in
579 4095 693 4150 archivo
720 4095 854 4165 regnicol.
889 4095 1015 4150 Graecii:
1043 4096 1230 4150 Miscellanea.
1261 4125 1292 4134 -
1312 4097 1423 4152 Starine
1451 4097 1526 4151 ΧΙΧ.

245 4199 312 4254 pag.
332 4183 375 4238 56.

350 4634 443 4696 Anno
471 4634 564 4698 1597.
588 4634 640 4697 23.
665 4639 775 4698 martii.
799 4639 933 4720 Pragae.

357 4835 538 4913 Rudolphus
562 4837 596 4894 ll.
620 4836 803 4915 Hungariae
828 4847 885 4898 ete.
910 4858 972 4911 rex,
997 4841 1143 4899 loannem
1169 4840 1365 4901 (Juetlrouich
1390 4841 1523 4916 (Czwet-

240 4940 378 5018 kouich),
402 4960 440 5001 ac
462 4961 520 5022 per
543 4943 645 5024 ipsum
662 4943 790 5006 fratrem
802 4944 870 5004 eius
887 4947 1043 5008 carnalem
1059 4947 1222 5022 Thomam,
1240 4967 1277 5006 ac
1301 4948 1474 5031 Georgium
1495 4959 1525 5010 et

1416 5074 1434 5130 ὁ
