3934 5550
900 641 1010 721 200.

417 862 509 923 Anno
537 860 629 927 1737.
653 863 682 927 7.
706 864 846 927 ianuarii.
871 864 1021 926 Viennae.

313 1074 459 1141 Carolus
485 1075 545 1143 lll.
568 1076 778 1162 lla-agorioe
800 1080 858 1143 etc.
881 1097 950 1157 rex,
975 1076 1223 1141 communitati
1247 1076 1372 1163 &moi
1400 1077 1592 1165 Turopolyo

443 1186 446 1191 '
788 1183 948 1270 sigillum
972 1184 1114 1265 confert.

418 1400 485 1461 Nos
508 1398 642 1461 Carolus
673 1406 779 1459 sextus
811 1398 862 1459 dei
893 1398 997 1479 gratia
1028 1400 1147 1460 electus
1179 1401 1390 1460 Romanorum
1421 1400 1593 1479 imperator

314 1524 439 1585 semper
470 1515 632 1586 augustus,
657 1524 695 1566 ac
717 1524 772 1566 rex
796 1505 996 1579 Germaniae,
1020 1506 1252 1585 Hispaniarum,
1275 1507 1444 1581 Castellae,
1468 1509 1590 1587 Arago-

312 1634 385 1673 num
409 1612 552 1693 legionis,
577 1612 738 1692 utriusque
771 1612 904 1687 Siciliae,
936 1614 1154 1690 Hyenrsalem,
1185 1614 1378 1693 Hungariae,
1413 1615 1591 1692 Bohemiae,

314 1721 499 1796 Dalmatiae,
525 1720 683 1798 Croatiae,
706 1720 902 1792 Sclavoniae,
926 1722 1055 1796 Ramae,
1077 1721 1216 1794 Serviae,
1248 1721 1409 1798 Galliciae,
1438 1723 1592 1783 Lodome·

313 1829 389 1906 riae,
412 1828 596 1901 Cumaniae,
629 1828 808 1908 Bulgariae,
839 1826 1013 1905 Navarrae,
1045 1828 1214 1902 Granatae,
1245 1830 1366 1902 Tolleti,
1402 1830 1592 1905 Vallenciae,

314 1937 476 2013 Galletiae,
499 1935 730 2010 Maioricarum,
755 1935 901 2014 Hispalis,
924 1935 1098 2013 Sardiniae,
1121 1935 1299 2010 Cordubae,
1323 1935 1483 2013 Corsicae,
1505 1936 1591 1996 Mur·

313 2043 384 2119 tiae,
408 2044 525 2123 Gienis,
550 2044 700 2125 Algarbii,
724 2044 901 2124 Algecirae,
926 2043 1123 2118 Gibraltaris,
1146 2044 1318 2104 insularum
1342 2043 1508 2118 Canariae,
1531 2063 1591 2105 nec

314 2172 376 2213 non
400 2153 557 2213 Indiarum
581 2150 776 2211 orientalium
801 2160 832 2211 et
856 2150 1095 2211 occidentalium
1114 2150 1294 2225 insularum,
1311 2169 1348 2211 ac
1363 2160 1466 2211 terrae
1482 2151 1593 2211 firmae

313 2260 409 2320 maris
433 2258 553 2319 Oceani
578 2264 644 2331 etc,
671 2257 820 2316 archidux
855 2257 1011 2331 Austriae,
1044 2256 1108 2317 dux
1144 2258 1356 2338 Burgundiae,
1389 2257 1591 2331 Brabantiae,

313 2366 493 2445 Mediolani,
515 2364 648 2443 Styriae,
664 2363 854 2439 Corinthiae,
867 2362 1056 2439 Camioliae,
1073 2365 1295 2445 Luxemburgi,
1311 2365 1592 2445 Vierthembergae

314 2484 345 2533 et
369 2475 504 2547 Thecae,
527 2472 703 2551 Superioris
727 2481 758 2532 et
781 2470 937 2531 Inferioris
953 2471 1093 2546 Silesiae,
1117 2472 1311 2533 Athenarum
1339 2481 1370 2533 et
1394 2472 1594 2551 Neopatriae‚

314 2583 458 2661 princeps
481 2581 625 2659 Sveviae‚
648 2580 787 2640 marchio
811 2579 892 2640 sacri
916 2580 1049 2640 Romani
1066 2578 1187 2658 imperii
1212 2580 1401 2660 burgoviae,
1422 2580 1594 2652 Moraviae,

313 2690 489 2770 Superioris
514 2696 546 2748 et
567 2688 723 2748 Inferioris
747 2688 904 2764 Lusatiae,
920 2706 1028 2749 comes
1052 2687 1244 2769 Habsburgi,
1266 2688 1441 2763 Flandriae,
1463 2687 1595 2764 Tyrolis,

313 2798 540 2870 Barchinonae,
575 2796 719 2873 Ferretis,
753 2796 894 2877 Kiburgi,
931 2796 1089 2871 Goritiae,
1124 2795 1305 2856 Rossilionis
1340 2804 1372 2856 et
1405 2794 1594 2872 Ceritaniae,

314 2905 519 2986 landgravius
542 2903 691 2978 Alsatiae,
716 2903 855 2964 marchio
879 2903 1019 2963 Oristani
1053 2909 1086 2964 et
1116 2922 1222 2963 comes
1253 2903 1416 2977 Socceani,
1450 2903 1595 2963 dominus

314 3013 472 3072 marchiae
496 3010 692 3082 Slavonicae,
716 3011 828 3069 Portus
853 3011 981 3087 Naonis,
1006 3010 1159 3090 Biscaiae,
1183 3011 1302 3088 Molini,
1317 3011 1504 3085 Salinarum,
1527 3010 1595 3070 Tri·

314 3119 393 3198 polis
416 3127 447 3179 et
471 3117 658 3177 Mechliniae
683 3125 740 3176 etc.
765 3117 938 3177 Memoriae
962 3118 1220 3178 commendamus
1243 3127 1352 3178 tenore
1384 3117 1595 3196 praesentium

315 3225 528 3306 significantes
552 3223 664 3302 quibus
688 3223 813 3301 expedit
836 3223 999 3298 universis,
1030 3225 1116 3305 quod
1138 3224 1229 3285 nobis
1259 3225 1398 3305 benigno
1431 3224 1594 3284 revolven-

314 3333 396 3393 tibus
432 3333 544 3409 animo,
568 3333 700 3412 qualiter
734 3332 891 3411 principes
927 3333 958 3392 in
995 3333 1118 3411 publico
1153 3333 1305 3413 regimine
1340 3332 1508 3407 constituti,
1531 3350 1593 3392 non

315 3442 414 3500 solum
439 3441 570 3518 populos
595 3440 654 3500 sibi
679 3439 836 3530 subiectos
868 3440 908 3500 ad
939 3442 1189 3501 conservandum
1221 3441 1378 3501 internum
1408 3441 1592 3519 tranquillae

314 3547 541 3626 permansionis
564 3547 736 3607 eorundem
760 3555 885 3622 statum,
909 3547 940 3607 in
964 3548 1071 3627 legum
1087 3547 1296 3623 observantia,
1312 3554 1505 3626 mutuaeque
1521 3565 1594 3607 con·

314 3655 440 3715 cordiae
464 3655 547 3714 cultu
580 3653 748 3731 continere,
779 3674 888 3715 verum
919 3655 1013 3715 certis
1042 3674 1167 3735 quoque
1200 3654 1434 3734 privilegiorum
1467 3653 1595 3714 indultis

315 3770 347 3823 et
370 3761 557 3842 specialibus
581 3762 818 3841 praerogativis,
851 3762 1003 3842 imprimis
1031 3781 1108 3823 vero
1139 3763 1387 3823 authenticorum
1422 3761 1595 3840 sigillorum

316 3871 386 3947 (sub
410 3889 541 3949 quorum
566 3869 736 3930 munimine
762 3869 906 3931 diversae
930 3871 1083 3949 publicae,
1107 3870 1256 3930 iuridicae
1279 3876 1311 3929 et
1334 3869 1478 3948 politicae
1502 3887 1594 3948 expe-

315 3978 447 4039 ditiones
471 3977 624 4038 firmiores
649 3997 687 4038 ac
710 3977 934 4059 fidedigniores
969 3979 1058 4039 reddi
1092 3979 1224 4057 possint)
1260 3977 1515 4038 concessionibus
1550 3976 1592 4037 ad

313 4095 499 4166 perpetuam
522 4086 567 4146 rei
591 4083 775 4145 memoriam
799 4093 831 4145 et
854 4095 1010 4146 rectarum
1034 4085 1192 4146 actionum
1208 4104 1359 4159 normam,
1375 4091 1410 4144 ut
1427 4083 1594 4162 plurimum

314 4193 509 4268 facientibus,
534 4193 660 4254 eosdem
687 4193 907 4268 condecorare,
932 4202 963 4253 et
994 4194 1147 4254 illustrare
1171 4194 1300 4269 soleant,
1333 4192 1406 4252 inde
1438 4192 1592 4272 siquidem

313 4299 408 4361 veluti
433 4319 470 4360 ex
494 4300 623 4379 limpido
655 4300 759 4380 aliquo
789 4299 875 4360 tonte
906 4307 971 4360 tam
1005 4301 1086 4360 bene
1117 4299 1279 4361 ordinatae
1310 4299 1499 4379 reipublicae
1529 4299 1594 4358 vitii

313 4407 444 4485 incapax
469 4407 631 4478 rectitudo,
655 4425 750 4486 quam
783 4406 878 4467 etiam
911 4407 1093 4486 quorumvis
1124 4407 1288 4468 literalium
1318 4407 1593 4468 instrumentorum

314 4532 352 4573 ex
376 4513 575 4592 processibus
599 4532 765 4573 causarum
799 4514 1027 4593 emergentium
1061 4513 1288 4592 indisputabilis
1323 4513 1448 4590 veritas,
1482 4531 1588 4592 perpe·

313 4629 464 4700 tuumque
487 4620 581 4680 robur
606 4617 793 4701 regulariter
816 4623 987 4700 procedere
1012 4631 1258 4697 consueverunt3
1283 4622 1354 4682 hinc
1376 4641 1434 4681 nos
1458 4641 1593 4701 quoque,

314 4728 366 4808 qui
391 4728 497 4788 divina
521 4729 714 4789 concedente
738 4729 904 4790 clementia
927 4729 957 4789 in
982 4730 1105 4801 theatro
1128 4729 1213 4790 orbis
1235 4739 1388 4789 terrarum
1420 4747 1496 4807 prae
1521 4728 1589 4788 reli·

312 4836 382 4916 quis
407 4835 475 4895 aliis
498 4834 686 4898 Christianis
710 4837 901 4916 principibus
925 4838 1060 4917 primum
1083 4839 1185 4899 locum
1208 4838 1407 4915 obtinuimus,
1422 4838 1592 4917 lascesque

314 4952 344 5004 et
369 4943 511 5004 habenas
532 4951 578 5002 tot
603 4961 771 5023 regnorum
796 4951 827 5005 et
850 4945 1082 5023 provinciarum
1106 4946 1314 5020 moderamur,
1345 4945 1421 5005 nihil
1453 4964 1591 5024 unquam
