3934 5550
1481 435 1548 503 429

267 654 370 731 capita
395 661 504 713 contra
522 654 643 714 hostem
660 653 751 715 ‚exire
776 660 959 725 teneantur,
988 624 1138 730 spectatis
1163 637 1331 714 admodum
1356 652 1485 732 exiguis
1502 652 1548 712 ia·

266 761 440 837 cultatibus,
464 760 575 839 quibus
597 759 715 819 nobiles
731 758 899 838 gremiales
923 758 1007 818 domi
1031 765 1194 819 manentes
1210 758 1327 837 provisi
1344 770 1431 832 sunt;
1456 779 1544 839 specd

267 868 339 929 tatis
369 868 444 927 item
478 868 659 927 tumultibus
690 866 722 926 in
752 866 853 945 patria
885 864 976 926 facile
1016 865 1089 925 oriri
1120 866 1324 945 queuntibus,
1353 866 1546 945 aliorumque

267 976 491 1037 malevolorum
516 974 676 1035 hominum
699 973 990 1048 machinationibus,
1014 993 1052 1033 ex
1076 972 1200 1051 publico
1224 972 1410 1052 dispositum
1433 983 1490 1047 est,
1513 982 1547 1034 ut

268 1083 384 1145 domini
420 1083 549 1141 actualis
584 1089 615 1141 et
642 1081 827 1141 substitutus
862 1079 992 1140 comites
1019 1087 1184 1140 terrestres
1215 1099 1305 1140 suam
1335 1080 1550 1142 excellentiam

268 1191 412 1251 banalem
437 1209 508 1249 cum
533 1209 571 1249 ea
595 1188 796 1268 requisitione
829 1189 952 1261 adeant,
977 1196 1011 1247 ut
1035 1188 1119 1266 apud
1149 1207 1239 1247 suam
1271 1189 1469 1249 maiestatem
1499 1208 1550 1249 sa-

268 1298 474 1360 cratissimam
498 1298 691 1359 intercedere
716 1290 907 1377 dignaretur,
931 1316 994 1374 quo
1019 1294 1062 1355 50
1085 1284 1191 1373 capita
1222 1296 1371 1356 nobilium
1405 1316 1462 1375 pro
1492 1297 1548 1356 do-

266 1406 397 1467 mestica
420 1408 587 1467 securitate
620 1408 821 1480 retineantur,
845 1406 979 1465 ducenta
1012 1424 1105 1483 porro
1129 1404 1234 1483 capita
1257 1412 1366 1465 contra
1390 1404 1549 1466 inimicum

267 1525 396 1589 exeant;
419 1534 500 1595 quae
533 1513 584 1575 20.
609 1514 726 1574 mensis
751 1523 782 1573 et
806 1512 879 1573 anni
903 1513 1092 1573 currentium
1116 1512 1147 1571 io
1171 1512 1296 1590 proprio
1321 1520 1352 1572 et
1375 1514 1548 1574 domestico

267 1624 381 1683 vestitu
399 1624 456 1683 suh
472 1624 567 1683 ductu
584 1623 701 1683 domini
718 1621 873 1701 capitanei
891 1621 1015 1681 loannis
1033 1621 1238 1681 Tmmbetass
1255 1621 1339 1680 exire
1360 1622 1545 1701 obligabun-

265 1740 324 1805 tur,
350 1731 402 1809 qui
426 1730 545 1791 tamdiu
577 1750 674 1809 penes
701 1729 920 1809 compagniam
937 1741 1103 1789 mansurus
1128 1737 1183 1803 est,
1208 1730 1309 1789 donec
1333 1730 1412 1789 alter
1434 1729 1549 1789 cousti-

263 1845 355 1897 tutus
381 1837 564 1915 capitaneus
589 1837 629 1897 ad
654 1838 787 1897 eandem
803 1854 865 1895 non
882 1835 1011 1897 venerit.
1037 1836 1098 1895 Cui
1115 1835 1280 1895 interimali
1304 1835 1469 1914 capitaneo
1493 1855 1549 1914 pro

267 1945 385 2004 vestitu
423 1941 483 2003 100
514 1944 624 2004 floreni
656 1963 694 2005 ex
726 1963 818 2003 cassa
846 1942 1058 2003 universitatis
1090 1944 1296 2017 resolvuntur,
1326 1942 1460 2021 huicque
1492 1963 1549 2023 per

263 2054 419 2131 temporis
443 2054 579 2131 spatium
603 2053 677 2113 soris
702 2072 850 2115 mansuro
874 2052 1019 2112 dominus
1035 2052 1161 2112 inferior
1176 2052 1392 2112 locumtenens
1407 2060 1439 2111 et
1454 2052 1550 2112 fiscus

267 2162 403 2220 loannes
433 2160 615 2221 Chunchich
641 2181 712 2221 cum
735 2168 885 2220 consveto
910 2179 1015 2219 annuo
1039 2159 1153 2220 salario
1177 2159 1388 2233 substituitur3
1412 2158 1444 2218 in
1467 2179 1549 2219 nexu

268 2268 510 2345 praemissorum
534 2288 590 2329 eos
613 2268 738 2329 ordines
763 2268 892 2327 instituit
916 2268 1113 2342 universitas,
1130 2276 1164 2326 ut
1180 2286 1290 2328 omnes
1313 2267 1433 2327 nobiles
1450 2266 1552 2346 prima

270 2377 338 2437 vice
362 2377 528 2456 conscripti
559 2385 594 2437 et
614 2397 670 2457 pro
687 2378 912 2437 insurrectione
936 2376 1050 2454 idonei,
1078 2375 1228 2454 comperti
1252 2376 1367 2455 sclopis
1391 2383 1422 2436 et
1445 2376 1552 2435 dome·

270 2484 345 2542 stica
371 2492 469 2559 veste,
493 2484 623 2563 aliisque
648 2483 834 2543 necessariis
850 2483 977 2562 provisi,
994 2502 1050 2561 pro
1066 2482 1170 2543 futuro
1194 2482 1245 2543 die
1269 2483 1351 2543 lovis
1375 2484 1415 2542 ad
1439 2484 1548 2563 Nogy-

271 2591 436 2650 Goriczam
471 2599 536 2650 tum
572 2592 632 2651 hnc
657 2590 772 2651 lustrae
797 2592 900 2652 denuo
924 2591 1143 2664 instituendae,
1175 2610 1246 2650 cum
1282 2591 1376 2650 etiam
1412 2591 1554 2651 exercitii

269 2699 471 2759 condiscendi
496 2708 707 2779 compareant,
731 2700 791 2759 hac
819 2718 944 2778 quoque
968 2698 1134 2758 occasione
1158 2698 1277 2759 domini
1300 2698 1451 2759 officiales
1483 2718 1554 2757 cum

271 2810 459 2888 compagnia
490 2817 599 2870 contra
630 2809 752 2869 hostem
777 2809 887 2869 exitum
911 2827 968 2888 per
990 2808 1148 2885 publicum
1172 2807 1366 2877 denominati
1390 2818 1473 2886 sunt,
1497 2827 1554 2887 pro

270 2917 434 2996 capitaneo
463 2917 627 2976 Ladislaus
652 2902 827 2976 Kussevich
851 2936 922 2976 cum
948 2916 1055 2976 adiuta
1078 2913 1144 2974 400
1166 2915 1284 2992 florem,
1308 2934 1365 2994 pro
1388 2915 1550 2994 superiore
1614 2965 1618 2971 .

271 3025 501 3084 locumtenente
525 3024 745 3104 Sigismundus
769 3024 968 3083 Hervachich
992 3043 1063 3082 cum
1088 3019 1154 3083 300
1177 3023 1296 3104 floren,
1318 3043 1375 3102 pro
1405 3022 1552 3084 inferiore

272 3133 502 3192 locumtenente
526 3132 676 3210 Iosephus
704 3132 880 3208 Zdenczay,
903 3131 956 3210 qui
979 3150 1019 3190 ex
1041 3131 1175 3210 propriis
1198 3139 1300 3191 semet
1324 3112 1439 3191 vestire
1464 3139 1549 3192 tene-

271 3240 360 3312 bitur,
392 3258 448 3318 pro
480 3239 648 3299 vexillifero
684 3239 846 3298 Emericus
878 3239 1014 3298 Farkass
1047 3257 1118 3298 cum
1155 3235 1215 3298 150
1252 3240 1369 3312 floren,
1392 3257 1449 3317 pro
1473 3238 1552 3319 vigi·

273 3349 384 3408 liarum
416 3348 567 3427 magistro
599 3347 735 3406 Mathias
759 3347 893 3406 Terbich
918 3365 989 3406 cum
1014 3344 1057 3406 50
1080 3347 1196 3421 floren,
1223 3365 1304 3424 quae
1328 3355 1416 3407 ratae
1439 3346 1551 3406 intuitu

274 3457 404 3514 vestitus
437 3456 623 3534 procurandi
655 3455 744 3514 dictis
775 3453 959 3514 officialibus
984 3473 1021 3513 ex
1046 3473 1139 3513 cassa
1170 3453 1383 3514 universitatis
1413 3454 1548 3533 applaci·

274 3565 402 3637 dantur;
426 3583 520 3642 porro

650 3727 895 3787 Articulus
931 3727 1177 3786 secundus.

379 3873 549 3951 Postquam
573 3872 731 3952 gremialis
755 3871 937 3931 insurrectio
962 3872 1145 3952 organisata
1169 3871 1268 3946 fuerit,
1292 3890 1373 3950 quae
1399 3873 1551 3932 adversus

271 3983 391 4040 hostem
424 3981 544 4041 exitura
575 3991 630 4054 est,
663 3981 764 4040 visum
793 3989 841 4040 est
870 3980 1065 4040 universitati
1089 3981 1169 4053 huic,
1193 3988 1227 4039 ut
1250 4000 1335 4041 nova
1357 3980 1551 4060 conscriptio

278 4090 451 4164 domorum,
471 4108 550 4167 quas
582 4107 660 4147 onus
684 4087 938 4147 insurrectionale
963 4087 1110 4162 manebit,
1134 4087 1302 4161 ordinetur,
1325 4107 1363 4147 ex
1388 4099 1451 4166 qua
1481 4107 1553 4147 con·

274 4195 379 4254 flanda
403 4213 509 4255 massa
532 4195 777 4255 insurrectionali
801 4204 866 4253 tum
891 4195 980 4254 calcii
1003 4215 1059 4274 per
1083 4195 1283 4275 magazinum
1317 4195 1471 4255 aerariale
1503 4216 1553 4255 su·

275 4303 444 4382 peditandi,
468 4324 539 4362 cum
563 4305 657 4363 etiam
682 4305 761 4364 aliae
777 4313 961 4364 occurentes
985 4303 1190 4364 necessitates
1214 4303 1254 4362 ad
1278 4302 1431 4363 rationem
1455 4304 1553 4364 insur-

276 4411 453 4471 rectionalis
477 4412 603 4471 militiae
628 4412 788 4490 procurari
811 4421 964 4492 poterunt.

677 4607 928 4669 Articulus
963 4607 1149 4667 tertius.

379 4753 475 4813 Lecta
499 4760 547 4812 est
569 4753 671 4813 littera
694 4753 810 4813 domini
833 4752 969 4832 supremi
986 4752 1109 4812 comitis
1126 4754 1356 4814 Bartholomaei
1380 4753 1551 4814 Patachich

275 4861 331 4921 sub
356 4861 429 4919 dato
454 4859 505 4922 24.
529 4859 631 4920 martii
659 4859 731 4919 anni
758 4860 909 4920 currentis
933 4861 974 4920 ad
997 4861 1079 4920 hanc
1102 4860 1338 4920 universitatem
1360 4860 1394 4921 in
1417 4879 1456 4921 eo
1480 4878 1554 4921 exa·

272 4980 349 5044 rata,
372 4950 455 5047 quod
479 4968 509 5026 in
534 4968 676 5028 absentia
701 4987 778 5027 suae
802 4967 1005 5028 excellentiae
1028 4967 1150 5027 comitis
1174 4968 1255 5039 bani,
1287 4977 1319 5027 et
1353 4968 1549 5029 excellentis·
1596 5020 1598 5023 .
