3934 5550
1023 590 1098 661 47.

530 795 621 854 Anno
649 790 740 856 1603.
766 791 794 853 7.
819 792 959 855 ianuarii.
984 791 1172 872 Zagrabiae.

528 990 681 1050 Martinus
706 988 805 1049 Pethe
829 989 869 1048 de
892 988 1022 1063 Hethes,
1047 986 1301 1066 archiepiscopus
1329 984 1513 1047 Colocensis
1537 983 1567 1047 et
1591 987 1703 1046 Bachi·

422 1100 507 1160 ensis
531 1106 598 1172 etc,
620 1116 677 1177 per
700 1096 897 1176 Hungariam
921 1095 1136 1155 locumtenens
1160 1094 1307 1167 notificat,
1338 1095 1423 1173 quod
1455 1094 1604 1175 egregius
1636 1113 1701 1155 ma-

421 1207 519 1288 gister
554 1205 693 1265 Mathias
728 1204 921 1264 Andreasicz
945 1203 985 1263 de
1009 1203 1153 1279 Nouaky,
1186 1202 1438 1280 prothonotarius
1469 1202 1566 1281 ipsius
1590 1203 1702 1278 retulit,

420 1315 577 1394 quomodo
593 1313 720 1374 infesto
738 1312 985 1392 Epiphaniarum
1009 1310 1126 1371 domini
1142 1310 1281 1390 proxime
1303 1310 1471 1389 praeterito
1479 1305 1495 1385 ¹,
1520 1311 1550 1370 in
1574 1304 1699 1371 civitate

420 1422 537 1483 Montis
560 1420 749 1482 Graecensis
772 1418 1004 1501 ZagrabiensiS‚
1028 1418 1231 1505 generalique
1255 1425 1411 1477 conventu
1435 1426 1573 1478 statuum
1597 1428 1629 1478 et
1651 1436 1698 1477 or-

419 1530 527 1590 diuum
558 1529 648 1609 regni
678 1528 874 1602 Sclauoniae,
906 1527 1055 1609 egregius
1086 1514 1219 1587 loannes
1250 1526 1431 1606 Pogledych
1464 1528 1503 1587 de
1536 1525 1700 1603 Korylocz,

418 1657 525 1697 comes
549 1636 758 1697 universitatis
773 1635 920 1696 nobilium
937 1635 1049 1715 Campi
1074 1634 1297 1715 Zagrabiensis
1321 1654 1377 1694 seu
1401 1635 1589 1713 Turopolya‚
1610 1654 1699 1713 prae·

418 1755 507 1806 sente
530 1747 646 1806 Ioanne
670 1743 875 1817 Draskouich‚
899 1743 991 1817 bano,
1016 1751 1082 1817 etc,
1106 1761 1164 1802 suo
1188 1761 1225 1802 ac
1248 1742 1351 1803 dictae
1376 1742 1587 1802 universitatis
1611 1742 1697 1801 nobi-

418 1854 492 1913 lium
508 1851 684 1913 nominibus
708 1852 794 1912 etin
818 1850 970 1936 personis,
987 1851 1153 1929 querulose
1178 1850 1330 1909 adversus
1354 1850 1471 1909 dictum
1495 1850 1613 1929 barrum
1629 1843 1701 1927 pro·

418 1961 590 2041 posuisset:
614 1961 697 2039 quod
729 1959 940 2038 superioribus
971 1958 1164 2037 temporibus
1196 1958 1263 2037 ipse
1295 1958 1405 2033 banus,
1433 1978 1504 2017 curn
1529 1967 1560 2018 et
1583 1958 1699 2018 dictam

417 2068 652 2129 universitatem
683 2068 831 2148 plurimis,
855 2068 895 2127 ab
920 2067 1038 2129 eisdem
1062 2067 1194 2126 statibus
1219 2076 1250 2127 et
1273 2066 1433 2127 ordinibus
1456 2067 1546 2148 regni
1570 2067 1698 2127 Sclauo·

418 2177 488 2236 niae
513 2196 575 2237 non
598 2176 722 2236 statutis
753 2175 989 2256 gravaminibus
1013 2183 1184 2247 onerasset,
1208 2184 1240 2235 et
1262 2175 1388 2253 insuper
1420 2175 1557 2250 nescitur
1587 2174 1699 2255 quibus

419 2302 457 2343 ex
480 2284 662 2360 rationibus,
685 2282 788 2343 missis
812 2291 843 2342 et
866 2282 1030 2342 destinatis
1054 2284 1147 2343 certis
1179 2282 1326 2343 militibus
1349 2303 1420 2342 cum
1452 2282 1580 2357 vexillis,
1605 2302 1700 2341 manu

419 2400 540 2451 armata
564 2392 692 2451 eosdem
717 2391 899 2470 depopulari
923 2410 960 2451 ac
983 2391 1178 2469 depraedari,
1203 2399 1235 2451 et
1257 2390 1443 2471 sanguinem
1468 2391 1563 2451 etiarn
1590 2390 1699 2450 nobili-

417 2507 517 2558 tarem
541 2498 657 2559 ibidem
688 2498 831 2577 profundi
855 2498 989 2559 lecisset.
1015 2500 1083 2559 Hoc
1116 2508 1264 2578 percepto
1288 2499 1369 2559 idem
1401 2500 1511 2577 banus,
1534 2500 1617 2559 facta
1641 2500 1700 2559 im-

417 2606 524 2684 primis
548 2607 587 2666 de
611 2607 778 2667 temeraria
800 2606 973 2686 prolatione
997 2606 1170 2666 istiusmodi
1185 2607 1403 2667 iniuriosorum
1429 2613 1459 2666 et
1482 2606 1699 2667 inlamantium

418 2714 594 2788 verborum,
619 2714 749 2775 sollenni
765 2714 999 2793 protestatione,
1015 2698 1204 2794 tandemque
1229 2715 1334 2775 literas
1358 2716 1397 2776 de
1421 2715 1602 2793 praemissis
1621 2700 1699 2795 ¹pro·

418 2823 597 2882 testatorias
621 2822 687 2883 sive
710 2823 937 2883 testimoniales
960 2823 1020 2883 sibi
1043 2842 1100 2902 per
1122 2823 1238 2882 dictum
1271 2825 1538 2901 prothonotarium
1569 2822 1701 2897 exarari,

418 2938 450 2990 et
472 2949 529 3008 per
552 2929 653 3010 ipsum
676 2931 939 3011 locumtenentem
972 2931 1129 2990 extradari
1152 2931 1350 3009 postulasset,
1374 2949 1454 3010 quas
1485 2931 1551 3008 ipse
1584 2932 1700 2989 locum·

414 3046 528 3098 tenens
551 3038 736 3100 extradedit.

518 3180 541 3233 E
566 3186 745 3247 transumpto
770 3180 881 3233 Martini
901 3180 989 3234 Pethe
1008 3181 1045 3234 de
1065 3180 1184 3234 Hethes.
1204 3196 1228 3233 a.
1249 3179 1326 3234 1604.
1347 3180 1389 3234 23.
1410 3180 1510 3232 martii.
1533 3183 1563 3232 ln
1583 3180 1697 3234 archivo

412 3283 555 3323 commun.
577 3269 642 3322 nob.
663 3270 700 3322 de
717 3269 880 3338 TuropoIJe.

522 3451 529 3480 ¹
548 3451 574 3505 6.
593 3453 718 3506 ianuarii.

1019 3756 1094 3827 40.

518 3957 611 4017 Anno
639 3951 732 4017 1603.
757 3953 784 4018 7.
809 3957 941 4017 ianuarii
977 3956 1164 4038 Zagrabiae.

517 4150 672 4212 Martinus
701 4151 801 4212 Pethe
831 4152 871 4212 de
901 4153 1031 4226 Hethes,
1063 4151 1316 4232 archiepiscopus
1352 4153 1535 4214 Colocensis
1568 4163 1598 4214 et
1630 4154 1690 4215 Ba-

411 4257 546 4318 chiensis
569 4257 772 4318 ecclesiarum
796 4258 946 4319 canonice
961 4259 1117 4319 unitarum
1142 4267 1208 4336 etc,
1226 4279 1263 4319 ac
1281 4279 1336 4338 per
1352 4261 1549 4341 Hungariam
1573 4263 1689 4322 locum·

410 4374 522 4425 tenens
544 4365 695 4444 notificat,
718 4366 803 4444 quod
826 4365 975 4446 egregius
1000 4365 1150 4426 Matthias
1176 4367 1370 4427 Andreasich
1396 4369 1434 4428 de
1459 4368 1602 4446 Nouaky,
1619 4387 1690 4447 pro-

411 4472 605 4532 thonotarius
621 4472 718 4552 ipsius
734 4456 846 4548 retulit,
862 4475 1019 4551 quomodo
1038 4474 1067 4533 in
1085 4473 1198 4534 testum
1213 4475 1458 4560 Epiphaniarum
1475 4475 1601 4556 domini,
1622 4495 1692 4554 pro·

411 4581 492 4639 xime
513 4581 682 4659 praeterito
689 4576 706 4656 ¹,
722 4580 907 4659 Zagrabiae,
925 4582 1128 4660 generalique
1140 4583 1386 4662 congregatione
1409 4591 1545 4642 statuum
1567 4593 1598 4642 et
1613 4584 1693 4643 ordi·

411 4709 486 4748 num
500 4689 590 4769 regni
606 4689 802 4763 Sclauoniae,
819 4689 967 4769 egregius
983 4689 1138 4749 lohannes
1152 4690 1333 4768 Pogledych
1350 4691 1390 4749 de
1405 4690 1571 4767 Koryloch,
1588 4709 1694 4750 comes

412 4796 624 4857 universitatis
646 4796 796 4857 nobilium
828 4796 941 4874 Campi
972 4796 1197 4876 Zagrabiensis
1228 4817 1284 4858 seu
1317 4799 1495 4876 Turopolia,
1528 4807 1692 4877 praesente

411 4903 527 4964 ibidem
549 4905 667 4965 Ioanne
690 4905 895 4979 Draslrouich,
918 4905 1010 4978 banc,
1036 4925 1093 4964 suo
1118 4925 1155 4965 ac
1178 4905 1281 4965 dietae
1304 4905 1520 4966 universitatis
1545 4906 1690 4966 nobilium
