3934 5550
404 383 468 449 506

405 640 407 643 -
503 601 538 660 ln
561 600 704 659 vitricum
727 598 1015 658 ecclesiaebeatae
1045 597 1174 677 virginis
1196 596 1316 657 Mariae
1340 598 1371 658 in
1394 597 1506 657 Maiori
1530 597 1675 673 Gorycza

399 709 555 783 fundatae,
579 708 703 788 eligitur
727 716 759 768 et
781 707 981 766 confirmatur
1005 705 1116 766 nobilis
1137 705 1317 784 Stephanus
1342 705 1540 782 Puuychych‚
1564 705 1677 765 iuravit

397 819 500 895 itaque
525 816 563 875 de
588 816 672 874 facto
695 814 779 874 idem
802 814 980 892 Stephanus
1005 813 1205 890 Punychych.

502 974 648 1044 Originale
673 973 862 1027 chartaceum.
882 972 913 1024 In
931 971 1047 1025 archivo
1066 973 1132 1024 nob.
1152 987 1293 1024 commun.
1314 972 1350 1024 dc
1370 970 1536 1040 Turopolje:
1553 969 1679 1041 Congre-

398 1064 551 1134 gationalia
569 1063 636 1116 fasc.
656 1061 680 1116 b.

405 1185 616 1192 -—-——-—.--

476 1297 479 1300 ,
504 1245 666 1313 'scriptum
688 1251 836 1299 »statum«.
858 1245 929 1298 'sic
970 1243 1047 1298 ³20.
1068 1243 1193 1298 ianuarii.
1231 1242 1462 1298 *rasennam
1495 1241 1560 1295 ⁵10.
1577 1239 1680 1296 martii.

403 1333 469 1388 ⁶13.
489 1334 589 1388 martii.
631 1333 710 1388 'sic
748 1331 820 1388 ⁸20.
840 1333 915 1387 iunii.
954 1333 1028 1388 ’bis
1050 1333 1195 1402 scriptum.
1236 1331 1257 1362 ¹⁰
1276 1331 1300 1386 3.
1320 1332 1455 1386 octobris.

969 1535 985 1568 ιιι
1094 1534 1106 1560 r

1031 1578 1047 1610 ss

505 1745 598 1810 tort.
632 1749 795 1821 sabbatho,
830 1748 861 1809 in
895 1749 975 1808 lesto
1010 1748 1155 1808 videlicet
1183 1747 1295 1808 beatae
1327 1748 1443 1808 Luciae
1479 1748 1610 1828 virginis
1645 1756 1676 1808 et

396 1852 564 1933 martyris¹,
590 1857 621 1916 in
645 1857 772 1917 castello
797 1858 965 1917 Lukauecz
1000 1864 1111 1917 vocato
1136 1855 1285 1916 nobilium
1309 1856 1422 1934 Campi
1446 1856 1681 1936 Zagrabiensis‚

393 1964 476 2023 lacta
508 1972 556 2023 est
589 1942 746 2044 generalis
782 1964 990 2044 congregatio
1028 1963 1238 2025 universitatis
1272 1963 1421 2023 nobilium
1457 1963 1530 2023 dicti
1567 1963 1680 2043 Campi

400 2071 632 2150 Zagrabiensis.

501 2179 535 2238 ln
567 2179 711 2239 comitem
745 2179 870 2260 eligitur
902 2186 933 2238 et
965 2179 1167 2238 confirmatur
1203 2198 1329 2240 rursum
1353 2179 1501 2260 egregius
1525 2178 1682 2258 Georgius

396 2285 528 2365 Vagych
562 2295 620 2351 etc.
663 2287 775 2346 eadem
821 2286 1017 2360 authoritate,
1052 2285 1232 2366 eisdemque
1276 2287 1513 2362 conditionibus,
1566 2285 1678 2364 quibus

394 2393 557 2454 hactenus,
851 2380 854 2383 X

505 2501 590 2560 Idem
614 2500 758 2561 dominus
780 2521 885 2562 comes
909 2502 941 2561 in
964 2503 1096 2562 termino
1118 2521 1173 2580 per
1197 2522 1269 2562 eum
1285 2501 1500 2582 praefigendo
1518 2508 1679 2581 regestum

397 2606 657 2668 contributionem
694 2627 749 2687 per
785 2609 930 2669 denarios
971 2607 1046 2687 [50]
1096 2611 1135 2670 ad
1168 2609 1419 2672 intertentionem
1454 2608 1616 2672 castellani
1650 2617 1682 2668 et

396 2716 530 2775 duorum
552 2717 760 2796 portariorum
785 2718 860 2779 dicti
885 2718 1008 2779 castelli
1031 2720 1199 2781 Lulrauecz
1222 2738 1279 2799 pro
1304 2763 1497 2781 .......
1522 2718 1604 2778 unde
1629 2717 1680 2778 eli·

396 2823 475 2883 citur
506 2825 645 2885 debitum
677 2827 743 2888 sive
778 2826 927 2887 restantia
961 2827 1197 2887 contributionis
1221 2847 1279 2905 per
1303 2828 1457 2887 florenum
1481 2825 1628 2901 medium,
1651 2834 1682 2885 et

399 2935 575 3009 exactorels
600 2979 734 2998 .....
759 2935 799 2995 ad
823 2935 1014 2995 vadiandum
1039 2954 1102 2995 non
1127 2935 1285 2995 solventes
1305 2934 1476 3007 tradentur,
1500 2933 1557 2993 sub
1581 2951 1684 3013 poena

396 3039 545 3099 hactenus
569 3042 700 3116 sancita,
725 3042 870 3101 videlicet
893 3044 951 3102 sub
976 3043 1144 3102 amissione
1168 3050 1321 3121 perpetua
1344 3041 1490 3101 radiatae
1514 3041 1567 3101 rei.

500 3148 684 3209 Vicecomes
708 3150 863 3209 terrestris
887 3150 1040 3210 dictorum
1056 3150 1204 3209 nobilium
1221 3148 1334 3228 Campi
1350 3148 1572 3229 Zagrabiensis
1590 3166 1680 3227 egre·

393 3254 465 3334 gius
489 3255 647 3336 Georgius
670 3259 894 3335 Zmolkowych
918 3259 958 3317 de
983 3259 1204 3332 Bukouschalq
1229 3259 1267 3319 ab
1292 3258 1437 3318 omnibus
1453 3256 1592 3317 unanimi
1607 3264 1680 3315 voto

397 3361 523 3442 eligitur
546 3373 577 3423 et
601 3366 810 3426 confirmatur.

506 3473 634 3533 Fiscalis
659 3474 808 3553 egregius
832 3474 1010 3551 Stephanus
1033 3474 1180 3533 Arbanaz
1206 3475 1245 3533 ab
1269 3473 1412 3557 omnibus
1436 3472 1589 3531 nobilibus
1605 3470 1676 3533 dicti

402 3576 515 3656 Campi
538 3580 770 3660 Zagrabiensis,
795 3580 846 3658 [in]
872 3600 929 3640 suo
953 3581 1055 3642 officio
1079 3582 1238 3640 fiscalatus
1262 3581 1451 3659 relinquitur.

503 3688 620 3767 Lugari
643 3688 788 3765 supremi,
813 3689 957 3749 videlicet
983 3688 1109 3767 Gaspar
1123 3689 1279 3767 Pepelych
1296 3696 1327 3748 et
1342 3688 1519 3765 Stephanus
1536 3686 1675 3762 Mndych

402 3812 439 3852 ex
465 3793 602 3853 unanimi
626 3796 777 3875 sullragio
799 3796 831 3855 in
855 3795 919 3855 suis
943 3795 1054 3857 officiis
1079 3796 1313 3874 permanebunt.

510 3920 595 3979 Loco
619 3921 703 3981 Petri
726 3921 814 3981 Kooz
837 3922 868 3981 in
891 3923 1036 4002 lugarum
1052 3922 1176 4001 eiigitur
1199 3921 1309 3981 nobilis
1325 3921 1460 3984 Michael
1483 3919 1675 3996 Gallowych,

393 4027 444 4104 qui
469 4027 508 4085 de
531 4027 636 4105 i[acto]
670 4028 879 4088 iuramentum
910 4029 1074 4107 praestitit.
1103 4029 1258 4105 Vayuoda
1282 4048 1337 4087 seu
1362 4029 1511 4104 sylvanus
1535 4026 1674 4087 eiusdem

393 4134 577 4211 Gallowych
601 4135 659 4194 erit
688 4135 799 4195 nobilis
832 4136 989 4216 Georgius
1022 4137 1214 4212 Petrawych,
1246 4136 1315 4195 loco
1347 4135 1487 4195 eiusdem
1510 4134 1674 4194 Michaelis

393 4240 584 4317 Gallowych.
599 4243 718 4303 Nobilis
732 4243 910 4303 Ztanislaus
930 4244 1063 4303 Bernich
1080 4242 1110 4302 in
1129 4262 1185 4303 suo
1205 4242 1307 4303 officio
1324 4242 1521 4319 vayuodatus
1538 4260 1593 4301 seu
1611 4243 1672 4318 syl·

393 4349 465 4408 vani
487 4351 678 4429 relinquitur.
704 4354 735 4411 ln
759 4353 896 4412 officium
917 4354 1118 4430 vayuodatus
1142 4372 1197 4411 seu
1222 4352 1343 4428 sylvani
1367 4354 1435 4413 loco
1460 4351 1571 4411 nobilis
1588 4350 1673 4410 Petri

393 4456 580 4533 Krysanych
615 4459 739 4539 eligitur
771 4461 882 4521 nobilis
914 4462 1094 4520 Matthaeus
1130 4461 1330 4520 Thrombitas
1362 4461 1401 4520 de
1432 4459 1527 4539 Nagh
1556 4458 1673 4532 Mlaka‚

394 4566 445 4643 qui
470 4565 678 4626 iuramentum
703 4588 775 4627 mox
800 4580 830 4627 et
854 4570 922 4647 ipso
949 4569 1032 4629 facto
1064 4569 1216 4646 deposuit.
1241 4568 1361 4647 Reliqui
1384 4568 1540 4628 vaiuodae
1563 4586 1673 4627 ornnes

395 4674 644 4751 perma[neban]t
666 4675 697 4733 in
722 4694 779 4734 suo
798 4676 934 4753 olificiol.
959 4676 1106 4736 Famulus
1131 4676 1361 4735 communitatis
1385 4676 1562 4754 Stephanus
1587 4674 1672 4732 Kan-

392 4782 474 4857 nych
503 4782 643 4842 similiter
673 4783 704 4842 in
737 4799 794 4845 suo
824 4784 927 4846 officio
957 4804 996 4843 ex
1030 4783 1191 4862 [unanilmi
1215 4792 1288 4843 voto
1323 4784 1417 4843 totius
1441 4780 1670 4842 communitatis

389 4890 593 4965 permanebit.
