<?xml version="1.0" encoding="UTF-8"?>
<!DOCTYPE html PUBLIC "-//W3C//DTD XHTML 1.0 Transitional//EN"
    "http://www.w3.org/TR/xhtml1/DTD/xhtml1-transitional.dtd">
<html xmlns="http://www.w3.org/1999/xhtml" xml:lang="en" lang="en">
 <head>
  <title>
</title>
<meta http-equiv="Content-Type" content="text/html;charset=utf-8" />
  <meta name='ocr-system' content='tesseract 3.04.00' />
  <meta name='ocr-capabilities' content='ocr_page ocr_carea ocr_par ocr_line ocrx_word'/>
</head>
<body>
  <div class='ocr_page' id='page_1' title='image "./povjesnispomeni00laszgoog_0565.png"; bbox 0 0 3934 5550; ppageno 0'>
   <div class='ocr_carea' id='block_1_1' title="bbox 381 449 447 512">
    <p class='ocr_par' dir='ltr' id='par_1_1' title="bbox 381 449 447 512">
     <span class='ocr_line' id='line_1_1' title="bbox 381 449 447 512; baseline -0.03 0"><span class='ocrx_word' id='word_1_1' title='bbox 381 449 447 512; x_wconf 79' lang='lat'><strong>534</strong></span> 
     </span>
    </p>
   </div>
   <div class='ocr_carea' id='block_1_2' title="bbox 377 661 1705 1495">
    <p class='ocr_par' dir='ltr' id='par_1_2' title="bbox 377 661 1705 1495">
     <span class='ocr_line' id='line_1_2' title="bbox 485 661 1658 743; baseline 0.002 -22"><span class='ocrx_word' id='word_1_2' title='bbox 485 663 577 722; x_wconf 83' lang='lat' dir='ltr'><strong>Anno</strong></span> <span class='ocrx_word' id='word_1_3' title='bbox 611 663 726 724; x_wconf 91' lang='lat' dir='ltr'><strong>domini</strong></span> <span class='ocrx_word' id='word_1_4' title='bbox 758 661 850 723; x_wconf 87' lang='grc'><strong>1635.</strong></span> <span class='ocrx_word' id='word_1_5' title='bbox 884 664 1039 724; x_wconf 89' lang='lat' dir='ltr'><strong>dominica</strong></span> <span class='ocrx_word' id='word_1_6' title='bbox 1063 665 1205 743; x_wconf 88' lang='lat' dir='ltr'><strong>proxima</strong></span> <span class='ocrx_word' id='word_1_7' title='bbox 1229 673 1300 743; x_wconf 91' lang='lat' dir='ltr'><strong>post</strong></span> <span class='ocrx_word' id='word_1_8' title='bbox 1323 664 1437 724; x_wconf 84' lang='lat' dir='ltr'><strong>festum</strong></span> <span class='ocrx_word' id='word_1_9' title='bbox 1462 665 1658 724; x_wconf 85' lang='lat' dir='ltr'><strong>exaltationis</strong></span> 
     </span>
     <span class='ocr_line' id='line_1_3' title="bbox 378 765 1705 850; baseline -0.002 -17"><span class='ocrx_word' id='word_1_10' title='bbox 378 780 506 833; x_wconf 90' lang='lat' dir='ltr'><strong>sanctae</strong></span> <span class='ocrx_word' id='word_1_11' title='bbox 521 765 656 844; x_wconf 78' lang='lat' dir='ltr'><strong>Crucis²,</strong></span> <span class='ocrx_word' id='word_1_12' title='bbox 680 771 712 830; x_wconf 91' lang='lat' dir='ltr'><strong>in</strong></span> <span class='ocrx_word' id='word_1_13' title='bbox 735 772 847 831; x_wconf 89' lang='lat' dir='ltr'><strong>Maiori</strong></span> <span class='ocrx_word' id='word_1_14' title='bbox 868 772 1010 832; x_wconf 88' lang='lat' dir='ltr'><strong>Goricza.</strong></span> <span class='ocrx_word' id='word_1_15' title='bbox 1036 772 1160 832; x_wconf 87' lang='lat' dir='ltr'><strong>Census</strong></span> <span class='ocrx_word' id='word_1_16' title='bbox 1185 773 1333 849; x_wconf 89' lang='lat' dir='ltr'><strong>syrouina</strong></span> <span class='ocrx_word' id='word_1_17' title='bbox 1357 773 1456 832; x_wconf 85' lang='lat' dir='ltr'><strong>dictus</strong></span> <span class='ocrx_word' id='word_1_18' title='bbox 1482 773 1657 850; x_wconf 85' lang='lat' dir='ltr'>imponitur,</span> <span class='ocrx_word' id='word_1_19' title='bbox 1699 833 1705 846; x_wconf 52' lang='grc'><strong>,</strong></span> 
     </span>
     <span class='ocr_line' id='line_1_4' title="bbox 379 879 1658 959; baseline -0.002 -18"><span class='ocrx_word' id='word_1_20' title='bbox 379 901 397 941; x_wconf 93' lang='lat' dir='ltr'><strong>a</strong></span> <span class='ocrx_word' id='word_1_21' title='bbox 421 879 591 940; x_wconf 88' lang='lat' dir='ltr'><strong>maioribus</strong></span> <span class='ocrx_word' id='word_1_22' title='bbox 614 880 739 958; x_wconf 92' lang='lat' dir='ltr'><strong>quidem</strong></span> <span class='ocrx_word' id='word_1_23' title='bbox 763 880 895 959; x_wconf 89' lang='lat' dir='ltr'><strong>singulis</strong></span> <span class='ocrx_word' id='word_1_24' title='bbox 920 900 976 958; x_wconf 90' lang='lat' dir='ltr'><strong>per</strong></span> <span class='ocrx_word' id='word_1_25' title='bbox 1000 880 1145 940; x_wconf 89' lang='lat' dir='ltr'><strong>denarios</strong></span> <span class='ocrx_word' id='word_1_26' title='bbox 1170 880 1221 954; x_wconf 88' lang='lat'><strong>25,</strong></span> <span class='ocrx_word' id='word_1_27' title='bbox 1240 900 1257 939; x_wconf 88' lang='lat' dir='ltr'><strong>a</strong></span> <span class='ocrx_word' id='word_1_28' title='bbox 1274 879 1444 939; x_wconf 90' lang='lat' dir='ltr'><strong>minoribus</strong></span> <span class='ocrx_word' id='word_1_29' title='bbox 1461 899 1537 939; x_wconf 91' lang='lat' dir='ltr'><strong>vero</strong></span> <span class='ocrx_word' id='word_1_30' title='bbox 1552 880 1658 940; x_wconf 88' lang='lat' dir='ltr'><strong>itidem</strong></span> 
     </span>
     <span class='ocr_line' id='line_1_5' title="bbox 377 986 1660 1068; baseline -0.002 -20"><span class='ocrx_word' id='word_1_31' title='bbox 377 988 508 1068; x_wconf 87' lang='lat' dir='ltr'><strong>singulis</strong></span> <span class='ocrx_word' id='word_1_32' title='bbox 540 1006 595 1064; x_wconf 93' lang='lat' dir='ltr'><strong>per</strong></span> <span class='ocrx_word' id='word_1_33' title='bbox 625 987 771 1046; x_wconf 88' lang='lat' dir='ltr'><strong>denarios</strong></span> <span class='ocrx_word' id='word_1_34' title='bbox 807 986 855 1047; x_wconf 86' lang='lat'><strong>12.</strong></span> <span class='ocrx_word' id='word_1_35' title='bbox 886 988 969 1064; x_wconf 85' lang='lat' dir='ltr'><strong>Quia</strong></span> <span class='ocrx_word' id='word_1_36' title='bbox 1001 1007 1076 1047; x_wconf 88' lang='lat' dir='ltr'><strong>vero</strong></span> <span class='ocrx_word' id='word_1_37' title='bbox 1108 988 1240 1068; x_wconf 83' lang='lat' dir='ltr'><strong>glandes</strong></span> <span class='ocrx_word' id='word_1_38' title='bbox 1268 987 1491 1048; x_wconf 85' lang='lat' dir='ltr'><strong>insufficientes</strong></span> <span class='ocrx_word' id='word_1_39' title='bbox 1515 987 1546 1046; x_wconf 93' lang='lat' dir='ltr'><strong>in</strong></span> <span class='ocrx_word' id='word_1_40' title='bbox 1570 987 1660 1064; x_wconf 89' lang='lat' dir='ltr'><strong>sylva</strong></span> 
     </span>
     <span class='ocr_line' id='line_1_6' title="bbox 379 1095 1660 1175; baseline -0.002 -20"><span class='ocrx_word' id='word_1_41' title='bbox 379 1095 536 1156; x_wconf 91' lang='lat' dir='ltr'><strong>communi</strong></span> <span class='ocrx_word' id='word_1_42' title='bbox 559 1095 680 1153; x_wconf 83' lang='lat' dir='ltr'><strong>Bunzki</strong></span> <span class='ocrx_word' id='word_1_43' title='bbox 697 1096 789 1175; x_wconf 86' lang='lat' dir='ltr'><strong>Lugh</strong></span> <span class='ocrx_word' id='word_1_44' title='bbox 813 1096 897 1155; x_wconf 91' lang='lat' dir='ltr'><strong>dicta</strong></span> <span class='ocrx_word' id='word_1_45' title='bbox 920 1115 991 1156; x_wconf 91' lang='lat' dir='ltr'><strong>esse</strong></span> <span class='ocrx_word' id='word_1_46' title='bbox 1016 1096 1168 1171; x_wconf 91' lang='lat' dir='ltr'><strong>dicuntur,</strong></span> <span class='ocrx_word' id='word_1_47' title='bbox 1192 1097 1244 1171; x_wconf 86' lang='lat' dir='ltr'><strong>ita,</strong></span> <span class='ocrx_word' id='word_1_48' title='bbox 1268 1103 1302 1156; x_wconf 92' lang='lat' dir='ltr'><strong>ut</strong></span> <span class='ocrx_word' id='word_1_49' title='bbox 1325 1095 1497 1156; x_wconf 91' lang='lat' dir='ltr'><strong>domestica</strong></span> <span class='ocrx_word' id='word_1_50' title='bbox 1515 1095 1660 1154; x_wconf 90' lang='lat' dir='ltr'><strong>animalia</strong></span> 
     </span>
     <span class='ocr_line' id='line_1_7' title="bbox 378 1202 1660 1282; baseline -0.002 -19"><span class='ocrx_word' id='word_1_51' title='bbox 378 1202 567 1263; x_wconf 85' lang='lat' dir='ltr'><strong>sufficienter</strong></span> <span class='ocrx_word' id='word_1_52' title='bbox 600 1203 787 1282; x_wconf 85' lang='lat' dir='ltr'><strong>irnpingvari</strong></span> <span class='ocrx_word' id='word_1_53' title='bbox 811 1203 937 1262; x_wconf 91' lang='lat' dir='ltr'><strong>minime</strong></span> <span class='ocrx_word' id='word_1_54' title='bbox 962 1203 1090 1281; x_wconf 76' lang='lat' dir='ltr'><strong>possint,</strong></span> <span class='ocrx_word' id='word_1_55' title='bbox 1122 1203 1228 1282; x_wconf 91' lang='lat' dir='ltr'><strong>itaque</strong></span> <span class='ocrx_word' id='word_1_56' title='bbox 1256 1203 1440 1277; x_wconf 81' lang='lat' dir='ltr'><strong>decernitur,</strong></span> <span class='ocrx_word' id='word_1_57' title='bbox 1465 1211 1498 1262; x_wconf 90' lang='lat' dir='ltr'><strong>ut</strong></span> <span class='ocrx_word' id='word_1_58' title='bbox 1521 1203 1660 1262; x_wconf 84' lang='lat' dir='ltr'><strong>extranei</strong></span> 
     </span>
     <span class='ocr_line' id='line_1_8' title="bbox 378 1309 1659 1390; baseline -0.001 -21"><span class='ocrx_word' id='word_1_59' title='bbox 378 1310 410 1370; x_wconf 91' lang='lat' dir='ltr'><strong>in</strong></span> <span class='ocrx_word' id='word_1_60' title='bbox 434 1310 545 1369; x_wconf 91' lang='lat' dir='ltr'><strong>eadem</strong></span> <span class='ocrx_word' id='word_1_61' title='bbox 569 1311 659 1386; x_wconf 87' lang='lat' dir='ltr'><strong>sylva</strong></span> <span class='ocrx_word' id='word_1_62' title='bbox 681 1311 767 1388; x_wconf 93' lang='lat' dir='ltr'><strong>porci</strong></span> <span class='ocrx_word' id='word_1_63' title='bbox 791 1309 913 1369; x_wconf 84' lang='lat' dir='ltr'><strong>circiter</strong></span> <span class='ocrx_word' id='word_1_64' title='bbox 944 1310 1026 1370; x_wconf 92' lang='lat' dir='ltr'><strong>mille</strong></span> <span class='ocrx_word' id='word_1_65' title='bbox 1058 1310 1220 1390; x_wconf 82' lang='lat' dir='ltr'><strong>quingenti</strong></span> <span class='ocrx_word' id='word_1_66' title='bbox 1252 1310 1464 1386; x_wconf 87' lang='lat' dir='ltr'><strong>immittantur,</strong></span> <span class='ocrx_word' id='word_1_67' title='bbox 1488 1310 1531 1370; x_wconf 90' lang='lat' dir='ltr'><strong>ita</strong></span> <span class='ocrx_word' id='word_1_68' title='bbox 1554 1319 1659 1369; x_wconf 89' lang='lat' dir='ltr'><strong>tamen</strong></span> 
     </span>
     <span class='ocr_line' id='line_1_9' title="bbox 379 1416 1328 1495; baseline 0 -20"><span class='ocrx_word' id='word_1_69' title='bbox 379 1417 405 1476; x_wconf 91' lang='lat' dir='ltr'><strong>si</strong></span> <span class='ocrx_word' id='word_1_70' title='bbox 428 1417 530 1476; x_wconf 92' lang='lat' dir='ltr'><strong>visum</strong></span> <span class='ocrx_word' id='word_1_71' title='bbox 561 1416 651 1476; x_wconf 89' lang='lat' dir='ltr'><strong>luerit</strong></span> <span class='ocrx_word' id='word_1_72' title='bbox 675 1417 890 1476; x_wconf 87' lang='lat' dir='ltr'><strong>communitati</strong></span> <span class='ocrx_word' id='word_1_73' title='bbox 913 1417 1018 1495; x_wconf 89' lang='lat' dir='ltr'><strong>plures</strong></span> <span class='ocrx_word' id='word_1_74' title='bbox 1043 1417 1177 1494; x_wconf 89' lang='lat' dir='ltr'><strong>poterint</strong></span> <span class='ocrx_word' id='word_1_75' title='bbox 1201 1416 1328 1477; x_wconf 90' lang='lat' dir='ltr'><strong>admitti.</strong></span> 
     </span>
    </p>
   </div>
   <div class='ocr_carea' id='block_1_3' title="bbox 1169 1577 1616 1764">
    <p class='ocr_par' dir='ltr' id='par_1_3' title="bbox 1169 1577 1616 1764">
     <span class='ocr_line' id='line_1_10' title="bbox 1169 1577 1616 1655; baseline -0.007 -16"><span class='ocrx_word' id='word_1_76' title='bbox 1169 1580 1314 1639; x_wconf 86' lang='lat' dir='ltr'><strong>Andreas</strong></span> <span class='ocrx_word' id='word_1_77' title='bbox 1338 1577 1616 1655; x_wconf 86' lang='lat' dir='ltr'><strong>Chednek[ouich],</strong></span> 
     </span>
     <span class='ocr_line' id='line_1_11' title="bbox 1245 1685 1501 1764; baseline -0.004 -20"><span class='ocrx_word' id='word_1_78' title='bbox 1245 1685 1385 1746; x_wconf 88' lang='lat' dir='ltr'><strong>notarius</strong></span> <span class='ocrx_word' id='word_1_79' title='bbox 1408 1705 1448 1750; x_wconf 83' lang='lat' dir='ltr'><strong>m,</strong></span> <span class='ocrx_word' id='word_1_80' title='bbox 1473 1705 1501 1764; x_wconf 93' lang='lat' dir='ltr'><strong>p.</strong></span> 
     </span>
    </p>
   </div>
   <div class='ocr_carea' id='block_1_4' title="bbox 951 1813 1088 1888">
    <p class='ocr_par' dir='ltr' id='par_1_4' title="bbox 951 1813 1088 1888">
     <span class='ocr_line' id='line_1_12' title="bbox 951 1813 1088 1845; baseline -0.007 0"><span class='ocrx_word' id='word_1_81' title='bbox 951 1813 965 1845; x_wconf 71' lang='lat' dir='ltr'>ss</span> <span class='ocrx_word' id='word_1_82' title='bbox 1074 1813 1088 1844; x_wconf 80' lang='grc'><em>*</em></span> 
     </span>
     <span class='ocr_line' id='line_1_13' title="bbox 1013 1855 1027 1888; baseline 0 0"><span class='ocrx_word' id='word_1_83' title='bbox 1013 1855 1027 1888; x_wconf 66' lang='grc'><strong>1·</strong></span> 
     </span>
    </p>
   </div>
   <div class='ocr_carea' id='block_1_5' title="bbox 379 2048 1662 2886">
    <p class='ocr_par' dir='ltr' id='par_1_5' title="bbox 380 2048 1659 2347">
     <span class='ocr_line' id='line_1_14' title="bbox 485 2048 1659 2130; baseline -0.004 -17"><span class='ocrx_word' id='word_1_84' title='bbox 485 2054 577 2113; x_wconf 90' lang='lat' dir='ltr'><strong>Anno</strong></span> <span class='ocrx_word' id='word_1_85' title='bbox 601 2052 717 2112; x_wconf 90' lang='lat' dir='ltr'><strong>domini</strong></span> <span class='ocrx_word' id='word_1_86' title='bbox 745 2048 837 2111; x_wconf 83' lang='lat'>1635.</span> <span class='ocrx_word' id='word_1_87' title='bbox 862 2051 939 2110; x_wconf 88' lang='lat' dir='ltr'><strong>feria</strong></span> <span class='ocrx_word' id='word_1_88' title='bbox 962 2051 1071 2129; x_wconf 90' lang='lat' dir='ltr'><strong>quinta</strong></span> <span class='ocrx_word' id='word_1_89' title='bbox 1095 2051 1126 2110; x_wconf 90' lang='lat' dir='ltr'><strong>in</strong></span> <span class='ocrx_word' id='word_1_90' title='bbox 1149 2051 1229 2110; x_wconf 87' lang='lat' dir='ltr'><strong>sesto</strong></span> <span class='ocrx_word' id='word_1_91' title='bbox 1252 2051 1365 2110; x_wconf 89' lang='lat' dir='ltr'><strong>beatae</strong></span> <span class='ocrx_word' id='word_1_92' title='bbox 1391 2051 1505 2110; x_wconf 88' lang='lat' dir='ltr'><strong>Luciae</strong></span> <span class='ocrx_word' id='word_1_93' title='bbox 1529 2050 1659 2130; x_wconf 91' lang='lat' dir='ltr'><strong>virginis</strong></span> 
     </span>
     <span class='ocr_line' id='line_1_15' title="bbox 380 2157 1656 2240; baseline -0.004 -18"><span class='ocrx_word' id='word_1_94' title='bbox 380 2177 410 2222; x_wconf 89' lang='lat' dir='ltr'><strong>et</strong></span> <span class='ocrx_word' id='word_1_95' title='bbox 433 2157 602 2238; x_wconf 85' lang='lat' dir='ltr'><strong>martyris³,</strong></span> <span class='ocrx_word' id='word_1_96' title='bbox 626 2161 657 2220; x_wconf 92' lang='lat' dir='ltr'><strong>in</strong></span> <span class='ocrx_word' id='word_1_97' title='bbox 689 2161 817 2220; x_wconf 91' lang='lat' dir='ltr'><strong>castello</strong></span> <span class='ocrx_word' id='word_1_98' title='bbox 855 2160 1031 2232; x_wconf 88' lang='lat' dir='ltr'><strong>Lukauecz,</strong></span> <span class='ocrx_word' id='word_1_99' title='bbox 1063 2159 1147 2219; x_wconf 85' lang='lat' dir='ltr'><strong>iacta</strong></span> <span class='ocrx_word' id='word_1_100' title='bbox 1178 2167 1226 2219; x_wconf 92' lang='lat' dir='ltr'><strong>est</strong></span> <span class='ocrx_word' id='word_1_101' title='bbox 1258 2159 1415 2240; x_wconf 91' lang='lat' dir='ltr'><strong>generalis</strong></span> <span class='ocrx_word' id='word_1_102' title='bbox 1440 2159 1656 2218; x_wconf 90' lang='lat' dir='ltr'><strong>conventicula</strong></span> 
     </span>
     <span class='ocr_line' id='line_1_16' title="bbox 380 2266 1157 2347; baseline -0.003 -18"><span class='ocrx_word' id='word_1_103' title='bbox 380 2269 590 2329; x_wconf 87' lang='lat' dir='ltr'><strong>universitatis</strong></span> <span class='ocrx_word' id='word_1_104' title='bbox 614 2268 764 2328; x_wconf 90' lang='lat' dir='ltr'><strong>nobilium</strong></span> <span class='ocrx_word' id='word_1_105' title='bbox 788 2266 902 2345; x_wconf 90' lang='lat' dir='ltr'><strong>Campi</strong></span> <span class='ocrx_word' id='word_1_106' title='bbox 925 2266 1157 2347; x_wconf 88' lang='lat' dir='ltr'><strong>Zagrabiensis.</strong></span> 
     </span>
    </p>

    <p class='ocr_par' dir='ltr' id='par_1_6' title="bbox 379 2374 1662 2886">
     <span class='ocr_line' id='line_1_17' title="bbox 490 2374 1662 2455; baseline -0.003 -18"><span class='ocrx_word' id='word_1_107' title='bbox 490 2379 516 2438; x_wconf 93' lang='lat' dir='ltr'><strong>l.</strong></span> <span class='ocrx_word' id='word_1_108' title='bbox 539 2377 590 2436; x_wconf 86' lang='lat' dir='ltr'><strong>Ad</strong></span> <span class='ocrx_word' id='word_1_109' title='bbox 622 2377 705 2455; x_wconf 91' lang='lat' dir='ltr'><strong>piam</strong></span> <span class='ocrx_word' id='word_1_110' title='bbox 735 2375 916 2454; x_wconf 90' lang='lat' dir='ltr'><strong>petitionem</strong></span> <span class='ocrx_word' id='word_1_111' title='bbox 948 2375 1079 2434; x_wconf 86' lang='lat' dir='ltr'><strong>fratrum</strong></span> <span class='ocrx_word' id='word_1_112' title='bbox 1111 2374 1390 2434; x_wconf 87' lang='lat' dir='ltr'><strong>Franciscanorum</strong></span> <span class='ocrx_word' id='word_1_113' title='bbox 1422 2375 1548 2435; x_wconf 80' lang='lat' dir='ltr'><strong>claustri</strong></span> <span class='ocrx_word' id='word_1_114' title='bbox 1577 2375 1662 2434; x_wconf 91' lang='lat' dir='ltr'><strong>beati</strong></span> 
     </span>
     <span class='ocr_line' id='line_1_18' title="bbox 380 2481 1660 2561; baseline -0.002 -18"><span class='ocrx_word' id='word_1_115' title='bbox 380 2484 536 2544; x_wconf 83' lang='lat' dir='ltr'><strong>Francisci</strong></span> <span class='ocrx_word' id='word_1_116' title='bbox 568 2483 756 2542; x_wconf 87' lang='lat' dir='ltr'><strong>confessoris</strong></span> <span class='ocrx_word' id='word_1_117' title='bbox 790 2483 820 2542; x_wconf 94' lang='lat' dir='ltr'><strong>in</strong></span> <span class='ocrx_word' id='word_1_118' title='bbox 852 2501 928 2541; x_wconf 90' lang='lat' dir='ltr'><strong>area</strong></span> <span class='ocrx_word' id='word_1_119' title='bbox 960 2482 1122 2560; x_wconf 90' lang='lat' dir='ltr'><strong>capitulari</strong></span> <span class='ocrx_word' id='word_1_120' title='bbox 1155 2482 1283 2555; x_wconf 82' lang='lat' dir='ltr'><strong>fundati,</strong></span> <span class='ocrx_word' id='word_1_121' title='bbox 1321 2481 1423 2541; x_wconf 90' lang='lat' dir='ltr'><strong>medio</strong></span> <span class='ocrx_word' id='word_1_122' title='bbox 1458 2482 1660 2561; x_wconf 86' lang='lat' dir='ltr'><strong>egregiorum</strong></span> 
     </span>
     <span class='ocr_line' id='line_1_19' title="bbox 379 2589 1660 2667; baseline -0.003 -14"><span class='ocrx_word' id='word_1_123' title='bbox 379 2591 514 2653; x_wconf 87' lang='lat' dir='ltr'><strong>Simonis</strong></span> <span class='ocrx_word' id='word_1_124' title='bbox 538 2592 705 2651; x_wconf 88' lang='lat' dir='ltr'><strong>Pliuschak</strong></span> <span class='ocrx_word' id='word_1_125' title='bbox 729 2598 760 2650; x_wconf 91' lang='lat' dir='ltr'><strong>et</strong></span> <span class='ocrx_word' id='word_1_126' title='bbox 784 2591 906 2650; x_wconf 90' lang='lat' dir='ltr'><strong>Nicolai</strong></span> <span class='ocrx_word' id='word_1_127' title='bbox 930 2590 1123 2666; x_wconf 88' lang='lat' dir='ltr'><strong>Kouachych</strong></span> <span class='ocrx_word' id='word_1_128' title='bbox 1147 2591 1197 2650; x_wconf 91' lang='lat' dir='ltr'><strong>hic</strong></span> <span class='ocrx_word' id='word_1_129' title='bbox 1221 2589 1344 2667; x_wconf 90' lang='lat' dir='ltr'><strong>publice</strong></span> <span class='ocrx_word' id='word_1_130' title='bbox 1369 2591 1569 2667; x_wconf 88' lang='lat' dir='ltr'><strong>propositam,</strong></span> <span class='ocrx_word' id='word_1_131' title='bbox 1586 2610 1660 2649; x_wconf 92' lang='lat' dir='ltr'><strong>con·</strong></span> 
     </span>
     <span class='ocr_line' id='line_1_20' title="bbox 380 2698 1661 2778; baseline -0.004 -18"><span class='ocrx_word' id='word_1_132' title='bbox 380 2701 532 2760; x_wconf 89' lang='lat' dir='ltr'><strong>ceduntur</strong></span> <span class='ocrx_word' id='word_1_133' title='bbox 555 2707 626 2758; x_wconf 92' lang='lat' dir='ltr'><strong>octo</strong></span> <span class='ocrx_word' id='word_1_134' title='bbox 650 2700 779 2758; x_wconf 91' lang='lat' dir='ltr'><strong>arbores</strong></span> <span class='ocrx_word' id='word_1_135' title='bbox 802 2717 859 2757; x_wconf 91' lang='lat' dir='ltr'><strong>seu</strong></span> <span class='ocrx_word' id='word_1_136' title='bbox 883 2698 997 2756; x_wconf 90' lang='lat' dir='ltr'><strong>robora</strong></span> <span class='ocrx_word' id='word_1_137' title='bbox 1018 2717 1136 2778; x_wconf 86' lang='lat' dir='ltr'><strong>magna</strong></span> <span class='ocrx_word' id='word_1_138' title='bbox 1159 2699 1308 2778; x_wconf 90' lang='lat' dir='ltr'><strong>quercina</strong></span> <span class='ocrx_word' id='word_1_139' title='bbox 1334 2698 1417 2757; x_wconf 92' lang='lat' dir='ltr'><strong>sicca</strong></span> <span class='ocrx_word' id='word_1_140' title='bbox 1437 2698 1477 2756; x_wconf 91' lang='lat' dir='ltr'><strong>ad</strong></span> <span class='ocrx_word' id='word_1_141' title='bbox 1493 2698 1661 2756; x_wconf 87' lang='lat' dir='ltr'><strong>claustrum</strong></span> 
     </span>
     <span class='ocr_line' id='line_1_21' title="bbox 380 2806 872 2886; baseline -0.006 -18"><span class='ocrx_word' id='word_1_142' title='bbox 380 2808 573 2886; x_wconf 88' lang='lat' dir='ltr'><strong>praedictum</strong></span> <span class='ocrx_word' id='word_1_143' title='bbox 598 2806 682 2865; x_wconf 90' lang='lat' dir='ltr'><strong>beati</strong></span> <span class='ocrx_word' id='word_1_144' title='bbox 706 2806 729 2863; x_wconf 89' lang='lat' dir='ltr'>F</span> <span class='ocrx_word' id='word_1_145' title='bbox 732 2806 872 2865; x_wconf 91' lang='lat' dir='ltr'><strong>rancisci.</strong></span> 
     </span>
    </p>
   </div>
   <div class='ocr_carea' id='block_1_6' title="bbox 485 2894 1662 2996">
    <p class='ocr_par' dir='ltr' id='par_1_7' title="bbox 485 2894 1662 2996">
     <span class='ocr_line' id='line_1_22' title="bbox 485 2894 1662 2996; baseline -0.003 -19"><span class='ocrx_word' id='word_1_146' title='bbox 485 2917 626 2996; x_wconf 89' lang='lat' dir='ltr'><strong>Egregio</strong></span> <span class='ocrx_word' id='word_1_147' title='bbox 651 2925 754 2975; x_wconf 91' lang='lat' dir='ltr'><strong>autern</strong></span> <span class='ocrx_word' id='word_1_148' title='bbox 780 2915 1006 2993; x_wconf 80' lang='lat' dir='ltr'><strong>Christoplroro</strong></span> <span class='ocrx_word' id='word_1_149' title='bbox 1029 2916 1170 2975; x_wconf 90' lang='lat' dir='ltr'><strong>Nouozel</strong></span> <span class='ocrx_word' id='word_1_150' title='bbox 1194 2916 1234 2974; x_wconf 91' lang='lat' dir='ltr'><strong>ad</strong></span> <span class='ocrx_word' id='word_1_151' title='bbox 1259 2914 1455 2973; x_wconf 88' lang='lat' dir='ltr'><strong>amicabilem</strong></span> <span class='ocrx_word' id='word_1_152' title='bbox 1481 2894 1662 2992; x_wconf 89' lang='lat' dir='ltr'><strong>petitionem</strong></span> 
     </span>
    </p>
   </div>
   <div class='ocr_carea' id='block_1_7' title="bbox 380 3022 1666 5021">
    <p class='ocr_par' dir='ltr' id='par_1_8' title="bbox 380 3022 1662 3102">
     <span class='ocr_line' id='line_1_23' title="bbox 380 3022 1662 3102; baseline -0.001 -19"><span class='ocrx_word' id='word_1_153' title='bbox 380 3024 520 3083; x_wconf 90' lang='lat' dir='ltr'><strong>eiusdem</strong></span> <span class='ocrx_word' id='word_1_154' title='bbox 544 3024 593 3081; x_wconf 90' lang='lat' dir='ltr'><strong>hic</strong></span> <span class='ocrx_word' id='word_1_155' title='bbox 617 3023 739 3101; x_wconf 92' lang='lat' dir='ltr'><strong>publice</strong></span> <span class='ocrx_word' id='word_1_156' title='bbox 762 3023 965 3101; x_wconf 89' lang='lat' dir='ltr'><strong>propositam,</strong></span> <span class='ocrx_word' id='word_1_157' title='bbox 990 3022 1103 3081; x_wconf 92' lang='lat' dir='ltr'><strong>dantur</strong></span> <span class='ocrx_word' id='word_1_158' title='bbox 1127 3024 1208 3081; x_wconf 89' lang='lat' dir='ltr'><strong>duae</strong></span> <span class='ocrx_word' id='word_1_159' title='bbox 1232 3022 1335 3081; x_wconf 89' lang='lat' dir='ltr'><strong>siccae</strong></span> <span class='ocrx_word' id='word_1_160' title='bbox 1361 3022 1489 3081; x_wconf 91' lang='lat' dir='ltr'><strong>arbores</strong></span> <span class='ocrx_word' id='word_1_161' title='bbox 1517 3042 1662 3102; x_wconf 85' lang='lat' dir='ltr'><strong>magnae.</strong></span> 
     </span>
    </p>

    <p class='ocr_par' dir='ltr' id='par_1_9' title="bbox 380 3129 1662 3406">
     <span class='ocr_line' id='line_1_24' title="bbox 487 3129 1660 3210; baseline 0 -21"><span class='ocrx_word' id='word_1_162' title='bbox 487 3130 515 3189; x_wconf 88' lang='lat'><strong>2.</strong></span> <span class='ocrx_word' id='word_1_163' title='bbox 540 3130 709 3210; x_wconf 85' lang='lat' dir='ltr'><strong>Negotium</strong></span> <span class='ocrx_word' id='word_1_164' title='bbox 725 3129 858 3207; x_wconf 87' lang='lat' dir='ltr'><strong>Caspari</strong></span> <span class='ocrx_word' id='word_1_165' title='bbox 883 3130 972 3188; x_wconf 86' lang='lat' dir='ltr'><strong>Deak</strong></span> <span class='ocrx_word' id='word_1_166' title='bbox 998 3137 1028 3188; x_wconf 90' lang='lat' dir='ltr'><strong>et</strong></span> <span class='ocrx_word' id='word_1_167' title='bbox 1051 3129 1242 3209; x_wconf 89' lang='lat' dir='ltr'><strong>lugarorum,</strong></span> <span class='ocrx_word' id='word_1_168' title='bbox 1267 3149 1305 3189; x_wconf 86' lang='lat' dir='ltr'><strong>ex</strong></span> <span class='ocrx_word' id='word_1_169' title='bbox 1329 3148 1391 3207; x_wconf 94' lang='lat' dir='ltr'><strong>quo</strong></span> <span class='ocrx_word' id='word_1_170' title='bbox 1414 3148 1471 3207; x_wconf 93' lang='lat' dir='ltr'><strong>pro</strong></span> <span class='ocrx_word' id='word_1_171' title='bbox 1496 3140 1527 3188; x_wconf 88' lang='lat' dir='ltr'><strong>et</strong></span> <span class='ocrx_word' id='word_1_172' title='bbox 1551 3138 1660 3189; x_wconf 87' lang='lat' dir='ltr'><strong>contra</strong></span> 
     </span>
     <span class='ocr_line' id='line_1_25' title="bbox 381 3236 1662 3317; baseline -0.001 -20"><span class='ocrx_word' id='word_1_173' title='bbox 381 3237 528 3317; x_wconf 89' lang='lat' dir='ltr'><strong>querelae</strong></span> <span class='ocrx_word' id='word_1_174' title='bbox 552 3237 732 3315; x_wconf 89' lang='lat' dir='ltr'><strong>propositae</strong></span> <span class='ocrx_word' id='word_1_175' title='bbox 757 3244 872 3316; x_wconf 84' lang='lat' dir='ltr'><strong>essent,</strong></span> <span class='ocrx_word' id='word_1_176' title='bbox 895 3236 925 3295; x_wconf 92' lang='lat' dir='ltr'><strong>in</strong></span> <span class='ocrx_word' id='word_1_177' title='bbox 950 3237 1108 3314; x_wconf 89' lang='lat' dir='ltr'><strong>praesenti</strong></span> <span class='ocrx_word' id='word_1_178' title='bbox 1133 3238 1350 3296; x_wconf 87' lang='lat' dir='ltr'><strong>conventicula</strong></span> <span class='ocrx_word' id='word_1_179' title='bbox 1373 3236 1509 3295; x_wconf 91' lang='lat' dir='ltr'><strong>reiicitur</strong></span> <span class='ocrx_word' id='word_1_180' title='bbox 1537 3238 1576 3295; x_wconf 90' lang='lat' dir='ltr'><strong>ad</strong></span> <span class='ocrx_word' id='word_1_181' title='bbox 1602 3237 1662 3314; x_wconf 90' lang='lat' dir='ltr'><strong>pri·</strong></span> 
     </span>
     <span class='ocr_line' id='line_1_26' title="bbox 380 3344 891 3406; baseline 0.002 -1"><span class='ocrx_word' id='word_1_182' title='bbox 380 3365 465 3405; x_wconf 90' lang='lat' dir='ltr'><strong>marn</strong></span> <span class='ocrx_word' id='word_1_183' title='bbox 489 3346 596 3405; x_wconf 89' lang='lat' dir='ltr'><strong>sedem</strong></span> <span class='ocrx_word' id='word_1_184' title='bbox 621 3345 738 3404; x_wconf 92' lang='lat' dir='ltr'><strong>domini</strong></span> <span class='ocrx_word' id='word_1_185' title='bbox 762 3344 891 3406; x_wconf 83' lang='lat' dir='ltr'><strong>comitis</strong></span> 
     </span>
    </p>

    <p class='ocr_par' dir='ltr' id='par_1_10' title="bbox 380 3451 1660 4051">
     <span class='ocr_line' id='line_1_27' title="bbox 487 3451 1652 3532; baseline -0.001 -20"><span class='ocrx_word' id='word_1_186' title='bbox 487 3451 516 3513; x_wconf 88' lang='grc'><strong>3.</strong></span> <span class='ocrx_word' id='word_1_187' title='bbox 541 3451 591 3512; x_wconf 83' lang='lat' dir='ltr'><strong>Ad</strong></span> <span class='ocrx_word' id='word_1_188' title='bbox 614 3452 809 3511; x_wconf 89' lang='lat' dir='ltr'><strong>amicabilem</strong></span> <span class='ocrx_word' id='word_1_189' title='bbox 825 3453 1006 3530; x_wconf 89' lang='lat' dir='ltr'><strong>petitionem</strong></span> <span class='ocrx_word' id='word_1_190' title='bbox 1023 3453 1224 3532; x_wconf 86' lang='lat' dir='ltr'><strong>egregiorum</strong></span> <span class='ocrx_word' id='word_1_191' title='bbox 1241 3454 1388 3512; x_wconf 83' lang='lat' dir='ltr'><strong>Andreae</strong></span> <span class='ocrx_word' id='word_1_192' title='bbox 1406 3452 1652 3512; x_wconf 87' lang='lat' dir='ltr'><strong>Chednekouich</strong></span> 
     </span>
     <span class='ocr_line' id='line_1_28' title="bbox 381 3558 1657 3637; baseline 0 -18"><span class='ocrx_word' id='word_1_193' title='bbox 381 3560 500 3632; x_wconf 90' lang='lat' dir='ltr'><strong>notarii,</strong></span> <span class='ocrx_word' id='word_1_194' title='bbox 525 3569 557 3619; x_wconf 92' lang='lat' dir='ltr'><strong>et</strong></span> <span class='ocrx_word' id='word_1_195' title='bbox 579 3559 720 3620; x_wconf 87' lang='lat' dir='ltr'><strong>Thomae</strong></span> <span class='ocrx_word' id='word_1_196' title='bbox 744 3559 900 3619; x_wconf 89' lang='lat' dir='ltr'><strong>Therbich</strong></span> <span class='ocrx_word' id='word_1_197' title='bbox 924 3578 980 3636; x_wconf 92' lang='lat' dir='ltr'><strong>pro</strong></span> <span class='ocrx_word' id='word_1_198' title='bbox 1005 3570 1092 3637; x_wconf 87' lang='lat' dir='ltr'><strong>parte</strong></span> <span class='ocrx_word' id='word_1_199' title='bbox 1116 3560 1227 3619; x_wconf 90' lang='lat' dir='ltr'><strong>nobilis</strong></span> <span class='ocrx_word' id='word_1_200' title='bbox 1251 3558 1395 3620; x_wconf 86' lang='lat' dir='ltr'><strong>dominae</strong></span> <span class='ocrx_word' id='word_1_201' title='bbox 1420 3560 1546 3620; x_wconf 90' lang='lat' dir='ltr'><strong>Priscae</strong></span> <span class='ocrx_word' id='word_1_202' title='bbox 1570 3560 1657 3620; x_wconf 91' lang='lat' dir='ltr'><strong>Schi-</strong></span> 
     </span>
     <span class='ocr_line' id='line_1_29' title="bbox 381 3666 1654 3746; baseline 0.001 -20"><span class='ocrx_word' id='word_1_203' title='bbox 381 3677 515 3743; x_wconf 90' lang='lat' dir='ltr'><strong>taroczy,</strong></span> <span class='ocrx_word' id='word_1_204' title='bbox 539 3668 665 3727; x_wconf 90' lang='lat' dir='ltr'><strong>relictae</strong></span> <span class='ocrx_word' id='word_1_205' title='bbox 688 3667 802 3726; x_wconf 90' lang='lat' dir='ltr'><strong>viduae</strong></span> <span class='ocrx_word' id='word_1_206' title='bbox 826 3667 947 3746; x_wconf 85' lang='lat' dir='ltr'><strong>egregii</strong></span> <span class='ocrx_word' id='word_1_207' title='bbox 970 3666 1043 3726; x_wconf 90' lang='lat' dir='ltr'><strong>olim</strong></span> <span class='ocrx_word' id='word_1_208' title='bbox 1066 3668 1150 3727; x_wconf 91' lang='lat' dir='ltr'><strong>Petri</strong></span> <span class='ocrx_word' id='word_1_209' title='bbox 1173 3668 1373 3743; x_wconf 88' lang='lat' dir='ltr'><strong>Liuoyeuich,</strong></span> <span class='ocrx_word' id='word_1_210' title='bbox 1398 3667 1475 3727; x_wconf 92' lang='lat' dir='ltr'><strong>alias</strong></span> <span class='ocrx_word' id='word_1_211' title='bbox 1499 3668 1654 3727; x_wconf 86' lang='lat' dir='ltr'><strong>vaiuodae</strong></span> 
     </span>
     <span class='ocr_line' id='line_1_30' title="bbox 380 3774 1656 3851; baseline -0.002 -16"><span class='ocrx_word' id='word_1_212' title='bbox 380 3776 412 3835; x_wconf 94' lang='lat' dir='ltr'><strong>in</strong></span> <span class='ocrx_word' id='word_1_213' title='bbox 436 3775 618 3849; x_wconf 86' lang='lat' dir='ltr'><strong>Zredichko‚</strong></span> <span class='ocrx_word' id='word_1_214' title='bbox 648 3774 697 3833; x_wconf 90' lang='lat' dir='ltr'><strong>hic</strong></span> <span class='ocrx_word' id='word_1_215' title='bbox 728 3774 931 3851; x_wconf 87' lang='lat' dir='ltr'><strong>personaliter</strong></span> <span class='ocrx_word' id='word_1_216' title='bbox 962 3794 1018 3851; x_wconf 92' lang='lat' dir='ltr'><strong>per</strong></span> <span class='ocrx_word' id='word_1_217' title='bbox 1051 3775 1179 3835; x_wconf 87' lang='lat' dir='ltr'><strong>cosdem</strong></span> <span class='ocrx_word' id='word_1_218' title='bbox 1213 3775 1337 3851; x_wconf 87' lang='lat' dir='ltr'><strong>iactam,</strong></span> <span class='ocrx_word' id='word_1_219' title='bbox 1364 3776 1520 3833; x_wconf 86' lang='lat' dir='ltr'><strong>relaxatur</strong></span> <span class='ocrx_word' id='word_1_220' title='bbox 1544 3794 1656 3834; x_wconf 86' lang='lat' dir='ltr'><strong>census</strong></span> 
     </span>
     <span class='ocr_line' id='line_1_31' title="bbox 381 3881 1660 3962; baseline -0.001 -20"><span class='ocrx_word' id='word_1_221' title='bbox 381 3883 529 3960; x_wconf 88' lang='lat' dir='ltr'><strong>syrouina</strong></span> <span class='ocrx_word' id='word_1_222' title='bbox 560 3883 669 3958; x_wconf 90' lang='lat' dir='ltr'><strong>dictus,</strong></span> <span class='ocrx_word' id='word_1_223' title='bbox 694 3901 713 3941; x_wconf 94' lang='lat' dir='ltr'><strong>a</strong></span> <span class='ocrx_word' id='word_1_224' title='bbox 736 3901 836 3962; x_wconf 86' lang='lat' dir='ltr'><strong>grege</strong></span> <span class='ocrx_word' id='word_1_225' title='bbox 867 3881 1008 3942; x_wconf 90' lang='lat' dir='ltr'><strong>eiusdem</strong></span> <span class='ocrx_word' id='word_1_226' title='bbox 1039 3884 1184 3943; x_wconf 91' lang='lat' dir='ltr'><strong>dominae</strong></span> <span class='ocrx_word' id='word_1_227' title='bbox 1209 3884 1374 3961; x_wconf 90' lang='lat' dir='ltr'><strong>provenire</strong></span> <span class='ocrx_word' id='word_1_228' title='bbox 1398 3883 1526 3959; x_wconf 90' lang='lat' dir='ltr'><strong>debens,</strong></span> <span class='ocrx_word' id='word_1_229' title='bbox 1549 3883 1660 3942; x_wconf 84' lang='lat' dir='ltr'><strong>floreni</strong></span> 
     </span>
     <span class='ocr_line' id='line_1_32' title="bbox 382 3990 760 4051; baseline -0.008 1"><span class='ocrx_word' id='word_1_230' title='bbox 382 3990 526 4051; x_wconf 91' lang='lat' dir='ltr'><strong>videlicet</strong></span> <span class='ocrx_word' id='word_1_231' title='bbox 550 3990 672 4049; x_wconf 90' lang='lat' dir='ltr'><strong>circiter</strong></span> <span class='ocrx_word' id='word_1_232' title='bbox 696 4008 760 4050; x_wconf 88' lang='lat' dir='ltr'><strong>sex.</strong></span> 
     </span>
    </p>

    <p class='ocr_par' dir='ltr' id='par_1_11' title="bbox 381 4096 1660 4394">
     <span class='ocr_line' id='line_1_33' title="bbox 387 4096 1659 4178; baseline 0.001 -21"><span class='ocrx_word' id='word_1_233' title='bbox 387 4104 394 4117; x_wconf 90' lang='lat'>&#39;</span> <span class='ocrx_word' id='word_1_234' title='bbox 488 4096 517 4158; x_wconf 90' lang='lat'><strong>4.</strong></span> <span class='ocrx_word' id='word_1_235' title='bbox 541 4097 680 4177; x_wconf 87' lang='lat' dir='ltr'><strong>Georgio</strong></span> <span class='ocrx_word' id='word_1_236' title='bbox 703 4098 890 4177; x_wconf 90' lang='lat' dir='ltr'><strong>Stangarich</strong></span> <span class='ocrx_word' id='word_1_237' title='bbox 916 4099 1005 4158; x_wconf 90' lang='lat' dir='ltr'><strong>aliter</strong></span> <span class='ocrx_word' id='word_1_238' title='bbox 1021 4100 1223 4177; x_wconf 90' lang='lat' dir='ltr'><strong>Turopolecz,</strong></span> <span class='ocrx_word' id='word_1_239' title='bbox 1249 4100 1289 4158; x_wconf 90' lang='lat' dir='ltr'><strong>ad</strong></span> <span class='ocrx_word' id='word_1_240' title='bbox 1312 4100 1461 4159; x_wconf 87' lang='lat' dir='ltr'><strong>humilem</strong></span> <span class='ocrx_word' id='word_1_241' title='bbox 1476 4099 1659 4178; x_wconf 89' lang='lat' dir='ltr'><strong>petitionem</strong></span> 
     </span>
     <span class='ocr_line' id='line_1_34' title="bbox 381 4203 1660 4283; baseline 0 -17"><span class='ocrx_word' id='word_1_242' title='bbox 381 4207 522 4267; x_wconf 89' lang='lat' dir='ltr'><strong>eiusdem</strong></span> <span class='ocrx_word' id='word_1_243' title='bbox 544 4203 595 4264; x_wconf 93' lang='lat' dir='ltr'><strong>hic</strong></span> <span class='ocrx_word' id='word_1_244' title='bbox 618 4205 821 4283; x_wconf 89' lang='lat' dir='ltr'><strong>personaliter</strong></span> <span class='ocrx_word' id='word_1_245' title='bbox 851 4205 975 4279; x_wconf 83' lang='lat' dir='ltr'><strong>tactam,</strong></span> <span class='ocrx_word' id='word_1_246' title='bbox 1010 4207 1165 4266; x_wconf 86' lang='lat' dir='ltr'><strong>relaxatur</strong></span> <span class='ocrx_word' id='word_1_247' title='bbox 1196 4226 1309 4267; x_wconf 87' lang='lat' dir='ltr'><strong>census</strong></span> <span class='ocrx_word' id='word_1_248' title='bbox 1334 4206 1482 4283; x_wconf 90' lang='lat' dir='ltr'><strong>syrouina</strong></span> <span class='ocrx_word' id='word_1_249' title='bbox 1506 4207 1615 4281; x_wconf 89' lang='lat' dir='ltr'><strong>dictus,</strong></span> <span class='ocrx_word' id='word_1_250' title='bbox 1642 4226 1660 4266; x_wconf 89' lang='lat' dir='ltr'><strong>a</strong></span> 
     </span>
     <span class='ocr_line' id='line_1_35' title="bbox 381 4312 1444 4394; baseline 0.003 -20"><span class='ocrx_word' id='word_1_251' title='bbox 381 4333 480 4394; x_wconf 88' lang='lat' dir='ltr'><strong>grege</strong></span> <span class='ocrx_word' id='word_1_252' title='bbox 504 4331 669 4391; x_wconf 90' lang='lat' dir='ltr'><strong>porcorum</strong></span> <span class='ocrx_word' id='word_1_253' title='bbox 694 4312 833 4372; x_wconf 91' lang='lat' dir='ltr'><strong>eiusdem</strong></span> <span class='ocrx_word' id='word_1_254' title='bbox 856 4332 913 4391; x_wconf 89' lang='lat' dir='ltr'><strong>pro</strong></span> <span class='ocrx_word' id='word_1_255' title='bbox 937 4314 996 4373; x_wconf 93' lang='lat' dir='ltr'><strong>hoc</strong></span> <span class='ocrx_word' id='word_1_256' title='bbox 1021 4332 1102 4373; x_wconf 92' lang='lat' dir='ltr'><strong>anno</strong></span> <span class='ocrx_word' id='word_1_257' title='bbox 1127 4314 1291 4392; x_wconf 91' lang='lat' dir='ltr'><strong>provenire</strong></span> <span class='ocrx_word' id='word_1_258' title='bbox 1316 4315 1444 4377; x_wconf 87' lang='lat' dir='ltr'><strong>debens.</strong></span> 
     </span>
    </p>

    <p class='ocr_par' dir='ltr' id='par_1_12' title="bbox 382 4420 1666 5021">
     <span class='ocr_line' id='line_1_36' title="bbox 489 4420 1662 4502; baseline 0.001 -24"><span class='ocrx_word' id='word_1_259' title='bbox 489 4420 518 4480; x_wconf 90' lang='lat'><strong>5.</strong></span> <span class='ocrx_word' id='word_1_260' title='bbox 543 4420 678 4496; x_wconf 84' lang='lat' dir='ltr'><strong>Quando</strong></span> <span class='ocrx_word' id='word_1_261' title='bbox 701 4420 828 4499; x_wconf 89' lang='lat' dir='ltr'><strong>quidem</strong></span> <span class='ocrx_word' id='word_1_262' title='bbox 844 4440 1018 4500; x_wconf 89' lang='lat' dir='ltr'><strong>generosus</strong></span> <span class='ocrx_word' id='word_1_263' title='bbox 1043 4422 1186 4482; x_wconf 88' lang='lat' dir='ltr'><strong>dominus</strong></span> <span class='ocrx_word' id='word_1_264' title='bbox 1212 4422 1368 4502; x_wconf 89' lang='lat' dir='ltr'><strong>Georgius</strong></span> <span class='ocrx_word' id='word_1_265' title='bbox 1393 4420 1549 4481; x_wconf 90' lang='lat' dir='ltr'><strong>Malenich</strong></span> <span class='ocrx_word' id='word_1_266' title='bbox 1573 4440 1662 4499; x_wconf 89' lang='lat' dir='ltr'><strong>prae·</strong></span> 
     </span>
     <span class='ocr_line' id='line_1_37' title="bbox 383 4522 1665 4609; baseline -0.001 -22"><span class='ocrx_word' id='word_1_267' title='bbox 383 4528 522 4588; x_wconf 88' lang='lat' dir='ltr'><strong>cedentis</strong></span> <span class='ocrx_word' id='word_1_268' title='bbox 554 4527 636 4598; x_wconf 91' lang='lat' dir='ltr'><strong>anni,</strong></span> <span class='ocrx_word' id='word_1_269' title='bbox 668 4547 686 4586; x_wconf 86' lang='lat' dir='ltr'><strong>a</strong></span> <span class='ocrx_word' id='word_1_270' title='bbox 718 4527 798 4587; x_wconf 89' lang='lat' dir='ltr'><strong>festo</strong></span> <span class='ocrx_word' id='word_1_271' title='bbox 823 4528 967 4588; x_wconf 90' lang='lat' dir='ltr'><strong>videlicet</strong></span> <span class='ocrx_word' id='word_1_272' title='bbox 991 4530 1103 4589; x_wconf 86' lang='lat' dir='ltr'><strong>beatae</strong></span> <span class='ocrx_word' id='word_1_273' title='bbox 1128 4530 1243 4588; x_wconf 87' lang='lat' dir='ltr'><strong>Luciae</strong></span> <span class='ocrx_word' id='word_1_274' title='bbox 1270 4529 1400 4609; x_wconf 89' lang='lat' dir='ltr'><strong>virginis</strong></span> <span class='ocrx_word' id='word_1_275' title='bbox 1432 4537 1463 4587; x_wconf 91' lang='lat' dir='ltr'><strong>et</strong></span> <span class='ocrx_word' id='word_1_276' title='bbox 1494 4522 1665 4605; x_wconf 69' lang='lat' dir='ltr'><strong>martyris*</strong></span> 
     </span>
     <span class='ocr_line' id='line_1_38' title="bbox 382 4634 1666 4715; baseline 0 -22"><span class='ocrx_word' id='word_1_277' title='bbox 382 4654 480 4714; x_wconf 91' lang='lat' dir='ltr'><strong>usque</strong></span> <span class='ocrx_word' id='word_1_278' title='bbox 513 4643 710 4712; x_wconf 89' lang='lat' dir='ltr'><strong>praesentem</strong></span> <span class='ocrx_word' id='word_1_279' title='bbox 742 4634 825 4694; x_wconf 92' lang='lat' dir='ltr'><strong>diem</strong></span> <span class='ocrx_word' id='word_1_280' title='bbox 858 4635 960 4694; x_wconf 83' lang='lat' dir='ltr'><strong>officio</strong></span> <span class='ocrx_word' id='word_1_281' title='bbox 985 4636 1106 4695; x_wconf 91' lang='lat' dir='ltr'><strong>comitis</strong></span> <span class='ocrx_word' id='word_1_282' title='bbox 1130 4637 1325 4696; x_wconf 89' lang='lat' dir='ltr'><strong>laudabiliter</strong></span> <span class='ocrx_word' id='word_1_283' title='bbox 1350 4636 1529 4715; x_wconf 83' lang='lat' dir='ltr'><strong>perfunctus</strong></span> <span class='ocrx_word' id='word_1_284' title='bbox 1562 4634 1666 4707; x_wconf 88' lang='lat' dir='ltr'><strong>fuerit,</strong></span> 
     </span>
     <span class='ocr_line' id='line_1_39' title="bbox 383 4741 1661 4823; baseline 0 -22"><span class='ocrx_word' id='word_1_285' title='bbox 383 4742 548 4820; x_wconf 86' lang='lat' dir='ltr'><strong>eidemque</strong></span> <span class='ocrx_word' id='word_1_286' title='bbox 571 4741 674 4802; x_wconf 85' lang='lat' dir='ltr'><strong>officio</strong></span> <span class='ocrx_word' id='word_1_287' title='bbox 706 4742 755 4801; x_wconf 93' lang='lat' dir='ltr'><strong>hic</strong></span> <span class='ocrx_word' id='word_1_288' title='bbox 786 4742 909 4821; x_wconf 88' lang='lat' dir='ltr'><strong>publice</strong></span> <span class='ocrx_word' id='word_1_289' title='bbox 934 4743 1143 4820; x_wconf 86' lang='lat' dir='ltr'><strong>valedixisset,</strong></span> <span class='ocrx_word' id='word_1_290' title='bbox 1168 4745 1209 4804; x_wconf 91' lang='lat' dir='ltr'><strong>ad</strong></span> <span class='ocrx_word' id='word_1_291' title='bbox 1231 4744 1413 4823; x_wconf 78' lang='lat' dir='ltr'><strong>petitionem</strong></span> <span class='ocrx_word' id='word_1_292' title='bbox 1436 4755 1543 4803; x_wconf 91' lang='lat' dir='ltr'><strong>tamen</strong></span> <span class='ocrx_word' id='word_1_293' title='bbox 1566 4742 1661 4801; x_wconf 92' lang='lat' dir='ltr'><strong>totius</strong></span> 
     </span>
     <span class='ocr_line' id='line_1_40' title="bbox 383 4845 1663 4929; baseline -0.001 -21"><span class='ocrx_word' id='word_1_294' title='bbox 383 4848 613 4908; x_wconf 88' lang='lat' dir='ltr'><strong>communitatis</strong></span> <span class='ocrx_word' id='word_1_295' title='bbox 648 4847 679 4906; x_wconf 93' lang='lat' dir='ltr'><strong>in</strong></span> <span class='ocrx_word' id='word_1_296' title='bbox 712 4849 823 4908; x_wconf 88' lang='lat' dir='ltr'><strong>eodem</strong></span> <span class='ocrx_word' id='word_1_297' title='bbox 855 4849 958 4909; x_wconf 90' lang='lat' dir='ltr'><strong>olficio</strong></span> <span class='ocrx_word' id='word_1_298' title='bbox 989 4850 1101 4910; x_wconf 90' lang='lat' dir='ltr'><strong>iterum</strong></span> <span class='ocrx_word' id='word_1_299' title='bbox 1133 4869 1232 4929; x_wconf 92' lang='lat' dir='ltr'><strong>usque</strong></span> <span class='ocrx_word' id='word_1_300' title='bbox 1259 4850 1332 4910; x_wconf 88' lang='lat' dir='ltr'><strong>anni</strong></span> <span class='ocrx_word' id='word_1_301' title='bbox 1355 4845 1583 4911; x_wconf 90' lang='lat' dir='ltr'><strong>revolutionem</strong></span> <span class='ocrx_word' id='word_1_302' title='bbox 1606 4867 1663 4928; x_wconf 89' lang='lat' dir='ltr'><strong>per</strong></span> 
     </span>
     <span class='ocr_line' id='line_1_41' title="bbox 384 4955 1291 5021; baseline 0.004 -7"><span class='ocrx_word' id='word_1_303' title='bbox 384 4956 518 5015; x_wconf 89' lang='lat' dir='ltr'><strong>eandem</strong></span> <span class='ocrx_word' id='word_1_304' title='bbox 542 4955 797 5016; x_wconf 89' lang='lat' dir='ltr'><strong>communitatem</strong></span> <span class='ocrx_word' id='word_1_305' title='bbox 822 4957 960 5017; x_wconf 90' lang='lat' dir='ltr'><strong>unanimi</strong></span> <span class='ocrx_word' id='word_1_306' title='bbox 984 4966 1057 5017; x_wconf 92' lang='lat' dir='ltr'><strong>voto</strong></span> <span class='ocrx_word' id='word_1_307' title='bbox 1081 4958 1291 5021; x_wconf 90' lang='lat' dir='ltr'><strong>confirmatur.</strong></span> 
     </span>
    </p>
   </div>
   <div class='ocr_carea' id='block_1_8' title="bbox 0 0 1978 5550">
    <p class='ocr_par' dir='ltr' id='par_1_13' title="bbox 0 0 1978 5550">
     <span class='ocr_line' id='line_1_42' title="bbox 0 0 1978 5550; baseline 0 0"><span class='ocrx_word' id='word_1_308' title='bbox 0 0 1978 5550; x_wconf 95' lang='lat' dir='ltr'><strong> </strong></span> 
     </span>
    </p>
   </div>
  </div>
 </body>
</html>
