3934 5550
403 380 449 448 98

402 599 520 661 domini
542 600 625 677 bani,
649 618 744 679 quam
768 600 863 659 etiam
886 599 986 679 regni,
1010 598 1070 659 sibi
1093 608 1198 659 tamen
1234 598 1309 659 nihil
1345 608 1489 660 constare
1525 599 1565 659 de
1600 598 1685 679 illato

402 725 441 766 ex
472 706 561 766 iussu
596 724 654 767 suo
690 705 794 785 aliquo
829 706 954 780 damno,
976 724 1081 784 neque
1111 724 1146 765 se
1181 706 1351 765 mandasse
1375 714 1429 765 aut
1451 725 1510 766 suo
1533 716 1588 766 aut
1609 707 1684 767 bani

402 815 528 873 nomine
551 811 708 886 militibus,
731 820 766 872 ut
796 812 1033 891 quibuscunque
1066 812 1183 873 damna
1217 831 1423 893 quaecunque
1458 814 1561 881 hostili
1596 833 1683 877 more

401 918 586 995 intulissent,
617 920 829 981 bene-tamen
852 919 911 980 sibi
934 928 1079 979 constare
1104 920 1148 995 de,
1167 922 1296 999 querela
1319 940 1375 999 per
1403 922 1550 983 comitem
1581 923 1680 983 Turo-

402 1028 565 1109 polensem
589 1028 620 1087 in
644 1027 785 1107 generali
809 1027 1065 1107 congregatione.
1101 1028 1263 1105 Quantum
1300 1030 1340 1088 ad
1370 1028 1617 1090 meliorationem
1651 1041 1683 1091 et

403 1135 664 1196 restaurationem
687 1135 901 1209 confiniorum,
925 1134 1000 1195 illud
1023 1134 1174 1195 fateretur
1206 1135 1323 1195 banum
1353 1136 1515 1215 praedicta
1545 1138 1681 1198 confinia

403 1243 497 1304 etiam
521 1242 653 1322 propriis
677 1262 748 1302 cum
771 1241 957 1320 sumptibus,
977 1241 1092 1322 vigiliis
1116 1251 1148 1303 et
1170 1242 1329 1303 laboribus
1352 1244 1396 1303 ita
1420 1253 1624 1319 restaurasse,
1648 1253 1681 1305 ut

402 1370 478 1411 suos
502 1358 720 1410 antecessores
744 1368 782 1409 eo
815 1349 941 1409 nomine
971 1348 1062 1411 facile
1098 1368 1266 1428 superasse
1299 1350 1466 1411 videretur.
1499 1352 1680 1432 Vigesimus

403 1478 504 1519 nonus
528 1459 667 1537 spectab.
691 1466 723 1517 et
746 1456 873 1537 magnif.
898 1456 1037 1517 Thomas
1071 1457 1219 1534 Erdeody
1251 1459 1290 1518 de
1326 1460 1587 1536 Monyorolrerek,
1611 1479 1680 1541 per·

402 1575 515 1646 petuus
538 1564 656 1625 Montis
680 1564 804 1625 Claudii
828 1572 860 1623 et
882 1563 1049 1624 comitatus
1072 1566 1293 1626 Varasdiensis
1328 1586 1443 1643 comes,
1467 1568 1680 1647 dapiferorum

401 1674 558 1753 magister
581 1681 612 1732 et
635 1670 829 1732 consiliarius
852 1670 968 1751 regius,
993 1672 1121 1746 vicinus,
1139 1692 1292 1733 annorum
1308 1674 1517 1755 quadraginta
1534 1676 1680 1755 quinque,

401 1780 479 1841 feria
502 1780 643 1841 secunda
658 1778 799 1859 proxima
815 1787 887 1857 post
902 1779 1091 1839 dominicam
1112 1779 1222 1840 Occuli
1244 1781 1384 1859 proxime
1400 1779 1626 1860 praeteritam⁵,
1650 1784 1681 1844 in

401 1897 505 1948 castro
529 1907 586 1948 suo
608 1887 830 1948 Iaztrabarzka
854 1894 1005 1967 repertus,
1027 1886 1131 1947 lassus
1161 1895 1210 1947 est
1240 1889 1339 1947 nutias
1375 1888 1491 1949 vidisse
1525 1890 1680 1951 nobilibus

402 1995 516 2075 Campi
548 1994 773 2074 Turopolensis
806 1995 907 2054 tactas
941 1994 1106 2055 violentias
1144 2004 1198 2054 aut
1230 1996 1359 2056 hostiles
1393 1997 1587 2059 vastationes
1623 2018 1680 2076 per

401 2104 518 2168 dictum
542 2104 658 2165 barrum
682 2110 831 2182 patratas,
846 2102 927 2163 bene
942 2121 1017 2163 vero
1045 2104 1206 2181 querelam
1222 2103 1360 2183 ipsorum
1380 2105 1411 2164 in
1430 2106 1677 2186 congregatione

404 2212 571 2273 audivisse.
595 2212 642 2271 De
673 2210 887 2271 melioratione
919 2209 963 2269 uti
994 2211 1197 2288 praecedens.
1226 2211 1428 2291 ¹Trigesirnus
1456 2212 1570 2285 nobilis
1601 2213 1678 2274 Gre-

402 2319 510 2401 gorius
534 2319 721 2392 Barilouich,
743 2318 873 2392 vicinus,
898 2334 1052 2378 annorum
1075 2319 1293 2399 quadraginta,
1318 2321 1451 2381 servitor
1468 2320 1542 2381 dicti
1558 2322 1679 2382 comitis

401 2426 548 2503 Erdeodj,
580 2427 693 2487 eodem
716 2426 767 2487 die
790 2425 907 2486 ibidem
930 2436 1082 2504 repertus,
1105 2427 1209 2487 lassus
1223 2436 1282 2501 ,est
1305 2428 1452 2488 scitu-uti
1476 2432 1678 2509 praecedens.

400 2534 597 2615 Trigesimus
619 2533 738 2613 primus
761 2532 873 2594 nobilis
896 2533 1047 2593 Matthias
1070 2534 1218 2593 Dorotich
1244 2536 1283 2594 de
1309 2529 1446 2595 Volalia⁶
1468 2535 1599 2611 vicinuS,
1623 2556 1676 2596 an-

400 2662 513 2702 norum
547 2640 659 2721 viginti
693 2641 839 2720 quinque,
875 2640 990 2700 ibidem
1027 2642 1138 2701 eodem
1173 2642 1223 2701 die
1260 2651 1411 2720 repertus,
1434 2644 1539 2703 fassus
1563 2652 1610 2703 est
1634 2644 1696 2717 uti

401 2749 603 2831 praecedens.
627 2749 824 2831 Trigesimus
847 2750 1005 2809 secundus
1029 2748 1179 2830 egregius
1202 2749 1354 2820 Matthias
1378 2750 1520 2828 Gereczy
1545 2751 1584 2812 de
1601 2750 1679 2811 Gra·

399 2859 486 2933 decz,
510 2857 640 2932 vicinus,
664 2877 817 2917 annorum
841 2857 951 2937 viginti
974 2857 1120 2936 quinque,
1144 2857 1261 2917 ibidem
1285 2866 1316 2917 et
1333 2859 1445 2918 eodem
1462 2859 1511 2932 die
1529 2867 1679 2938 repertus,

397 2965 501 3024 fassus
525 2973 574 3024 est
597 2963 676 3023 scitu
701 2964 745 3023 uti
769 2964 948 3043 trigesimus
972 2965 1069 3026 testis.
1094 2965 1290 3044 Trigesimus
1314 2964 1423 3025 tertius
1447 2967 1535 3026 testis
1564 2966 1674 3026 nobilis

399 3072 556 3152 Georgius
591 3070 735 3149 Hinpich,
770 3071 900 3146 vicinus,
936 3091 1089 3131 annorum
1124 3072 1335 3153 quadraginta
1370 3073 1525 3153 quinque,
1560 3074 1675 3134 ibidem

399 3181 510 3240 eodem
534 3179 584 3239 die
607 3186 758 3257 repertus,
783 3178 885 3238 fassus
909 3187 958 3238 est
980 3179 1061 3238 scitu
1085 3178 1130 3238 uti
1152 3179 1341 3259 trigesimus

503 3319 528 3374 E
546 3326 725 3387 transumpto
745 3319 821 3373 iacto
840 3335 892 3388 pro
911 3325 993 3387 parte
1011 3319 1148 3374 nobil-ium
1168 3319 1268 3388 Campi
1287 3321 1442 3388 Turopolia
1460 3337 1512 3388 per
1523 3321 1677 3388 capitulum

399 3411 590 3481 Zagrabiense
608 3426 684 3463 anuo
704 3408 782 3463 1604.
800 3409 826 3463 3.
846 3409 918 3466 febr.
937 3408 973 3463 ad
993 3411 1158 3464 mandatum
1179 3410 1285 3466 Nicolai
1299 3411 1445 3482 lstuaniiy,
1459 3411 1678 3464 locumtenentis

398 3498 481 3568 palat
501 3515 525 3552 a.
546 3498 616 3553 1604
643 3497 686 3552 28.
706 3499 831 3552 ianuarii.
850 3499 881 3552 ln
900 3499 1015 3553 archivo
1034 3515 1177 3554 commun.
1196 3501 1262 3554 nob.
1282 3501 1318 3554 de
1337 3500 1499 3570 Turopolje.

507 3660 517 3690 ¹
534 3661 634 3714 Annus
652 3660 681 3713 in
700 3667 879 3729 transumpto
899 3660 977 3714 1602.
997 3662 1120 3728 scriptus
1140 3668 1192 3730 est,
1211 3663 1289 3731 quod
1302 3663 1378 3716 nullo
1393 3663 1480 3716 modo
1493 3679 1559 3716 esse
1571 3669 1677 3730 potest,

395 3752 421 3805 si
440 3751 603 3804 mandatum
629 3750 767 3802 insertum
793 3750 965 3804 anu01602.
996 3751 1034 3802 ll.
1054 3751 1166 3821 augusti
1192 3759 1352 3805 emanatum
1382 3769 1447 3804 esse
1464 3759 1585 3805 constat.
1625 3753 1676 3804 ²a.

399 3840 476 3893 1602.
496 3839 539 3892 20.
569 3855 632 3909 aug.
677 3839 756 3892 ’sic
800 3839 855 3892 ⁴a.
875 3838 953 3893 1603.
978 3840 1003 3892 4.
1033 3839 1101 3893 lebr.
1148 3841 1199 3894 ’a
1221 3841 1299 3895 1603.
1324 3841 1349 3894 3.
1371 3841 1471 3894 martii.
1515 3841 1584 3894 ‘sic
1610 3840 1676 3908 (Vo-

396 3927 490 3997 lauia).
1374 3963 1378 3972 ,
