3934 5550
994 624 1099 698 110.

402 892 404 897 ,
508 824 601 885 Anno
629 821 721 886 1683.
749 821 797 889 17.
821 823 1014 903 septembris.
1039 822 1262 887 Chalrtomiae.

403 1018 441 1083 N
442 1018 574 1083 icolaus
596 1016 765 1104 Erdeody,
779 1016 900 1097 banus,
916 1016 1034 1080 comiti
1048 1020 1129 1081 terr.
1144 1038 1186 1080 ac
1200 1016 1423 1082 universitati
1443 1017 1545 1085 nobil.
1562 1016 1687 1104 Campi

408 1122 597 1212 Turopolia
621 1123 774 1204 mandat,
797 1126 837 1189 ui
860 1126 982 1189 contra
1011 1123 1144 1188 Turcas
1166 1144 1246 1189 cum
1269 1124 1389 1189 ceteris
1419 1124 1608 1212 regnicolis
1632 1126 1684 1191 in·

568 1235 727 1320 seregent,
750 1234 782 1297 ei
805 1230 853 1295 od
874 1234 1012 1315 ponem
1034 1230 1302 1319 &gradierrsem
1324 1251 1361 1297 se
1383 1231 1520 1299 sristant

579 1430 743 1508 Generosi,
766 1428 889 1512 egregii
912 1438 944 1491 et
966 1428 1087 1491 nobiles
1110 1428 1204 1491 vicini
1227 1430 1513 1492 observandissimi.

511 1578 622 1637 Novos
647 1576 687 1637 de
711 1576 762 1635 Tu
772 1576 834 1636 reis
858 1574 899 1635 ad
921 1574 1074 1635 Kenisam
1105 1594 1177 1635 cum
1200 1575 1313 1637 validis
1335 1575 1434 1655 copiis
1457 1576 1680 1639 advenientibu

405 1684 585 1763 accepimus
608 1702 761 1760 rumores,
784 1683 967 1763 ignoramus
990 1689 1097 1743 tamen
1128 1682 1203 1761 quid
1238 1682 1456 1743 machinentur
1484 1692 1517 1744 et
1548 1703 1687 1764 quonam

404 1792 555 1865 tendant3
579 1810 725 1852 veremur
740 1790 949 1864 nihilominus,
972 1808 1013 1850 ne
1035 1791 1132 1851 hasce
1154 1798 1261 1869 partes
1278 1790 1336 1850 sub
1352 1790 1413 1851 hoc
1427 1800 1552 1869 tempus
1573 1811 1687 1874 aggre-

405 1900 516 1977 diatur,
542 1907 573 1959 et
596 1900 679 1961 hanc
709 1899 843 1979 patriam
875 1917 933 1959 sua
952 1897 1131 1959 'rabiditate
1163 1908 1196 1959 et
1225 1897 1343 1959 terocia
1372 1918 1444 1959 curn
1479 1899 1610 1979 pernitie
1641 1901 1686 1961 in·

406 2009 591 2081 commodet,
616 2015 669 2068 aut
693 2006 915 2087 quoquomodo
949 2006 1102 2069 molestet
1136 2006 1209 2084 Qua
1243 2007 1282 2067 de
1315 2026 1413 2067 causa
1443 2007 1570 2069 domino
1604 2008 1689 2070 vice·

405 2116 488 2175 bano
512 2124 544 2175 et
567 2114 694 2174 domino
718 2113 954 2192 prothonotario
977 2112 1069 2199 regni
1103 2113 1135 2173 in
1169 2113 1326 2174 mandatis
1361 2114 1515 2192 dedimus,
1548 2122 1583 2175 ut
1614 2134 1688 2176 con·

406 2222 509 2283 iestim
535 2221 712 2302 regnicolas
736 2222 777 2281 ad
800 2220 1060 2282 insurrectionem
1083 2231 1208 2302 cogant,
1224 2240 1296 2283 curn
1318 2232 1443 2300 tempus
1467 2241 1529 2283 non
1553 2223 1690 2301 patiatur

406 2346 536 2391 moram.
560 2328 679 2389 ldcirco
703 2336 827 2388 vestrae
850 2346 976 2407 quoque
1000 2327 1231 2389 dominationes
1252 2328 1338 2389 hisce
1355 2327 1503 2407 acceptis,
1519 2328 1600 2390 illico
1616 2348 1688 2390 cum

406 2435 575 2517 regnicolis
599 2454 669 2496 sese
694 2434 885 2516 coniungere
910 2436 1065 2509 studeant,
1088 2435 1266 2495 ulteriorem
1300 2454 1319 2494 a
1349 2435 1440 2495 nobis
1469 2436 1689 2515 praestolaturi

407 2542 645 2621 dispositionem
668 2542 720 2604 ubi
743 2540 900 2603 coniuncti
923 2541 1046 2616 fuerint,
1069 2560 1128 2601 nec
1152 2560 1244 2603 secus
1267 2542 1327 2603 sub
1349 2561 1453 2621 poena
1487 2543 1519 2603 in
1552 2543 1689 2603 articulis

413 2657 560 2711 contenta
583 2648 702 2714 facturi
725 2649 759 2709 ln
784 2649 902 2728 reliquo
926 2650 1055 2709 easdem
1078 2649 1160 2709 beue
1183 2650 1289 2710 valere
1320 2650 1482 2729 cupientes
1516 2670 1688 2711 manemus.

517 2794 697 2855 Earundem
721 2793 968 2854 dominationum
991 2801 1166 2855 vestrarum
1191 2794 1309 2854 amicus
1332 2802 1461 2873 paratus

935 2954 1054 3016 Comes
1076 2955 1225 3017 Nicolaus
1248 2917 1404 3034 Erdeody,
1428 2957 1528 3017 banus
1551 2977 1591 3019 m.
1615 2977 1643 3036 p.

517 3100 739 3174 Chalrtomiae,
767 3097 815 3159 17.
839 3098 1025 3178 septembris
1053 3096 1145 3162 1683.

518 3246 553 3308 Ρ.
576 3246 607 3306 S.
630 3243 728 3322 quue
753 3243 793 3302 ad
816 3248 942 3321 pontem
967 3241 1213 3322 Legradiensem
1237 3262 1308 3303 sese
1332 3249 1452 3304 sistant.

517 3372 558 3431 ln
582 3371 725 3430 dorso:
749 3365 929 3440 Generosis‚
953 3367 1093 3448 egregiis
1116 3375 1148 3428 et
1169 3367 1324 3428 nobilibus
1348 3369 1441 3428 Petro
1454 3370 1584 3429 Valicza
1604 3370 1693 3430 aliter

410 3479 677 3555 Szenkouachlry,
693 3475 798 3537 comiti
820 3475 968 3553 terrestri,
993 3495 1031 3536 ac
1054 3475 1248 3538 universitati
1264 3476 1412 3537 nobilium
1436 3476 1550 3556 Campi
1573 3479 1691 3558 Zagra·

415 3587 534 3648 biensis
558 3583 728 3665 Turopolia
751 3583 825 3644 dicti
848 3589 914 3658 etc,
937 3582 1049 3644 vicinis
1072 3583 1162 3644 nobis
1184 3583 1486 3645 observandissimis.

520 4221 664 4294 originale
682 4223 872 4278 chartaceum.
890 4223 921 4276 ln
940 4224 1068 4293 margine
1087 4240 1104 4276 a
1121 4230 1204 4294 tergo
1217 4240 1385 4291 oppressum
1398 4223 1530 4295 siglllum,
1542 4240 1600 4295 quo
1612 4225 1693 4280 litera

414 4313 510 4369 clausa
528 4319 595 4367 erat.
615 4313 646 4367 ln
664 4313 780 4368 archivo
797 4329 939 4367 commun.
959 4314 1026 4367 nob.
1046 4314 1083 4367 de
1101 4312 1263 4384 Turopolje.
