3934 5550
380 412 447 474 404

480 628 632 689 Eodem
655 624 788 687 die23.
812 627 1017 687 februarii
1041 627 1080 685 in
1104 626 1385 705 possessione
1407 626 1658 705 Superioris

373 738 597 797 Lulravecz
620 736 736 795 lacta
758 734 1039 813 conscriptio.

484 880 510 942 1.
533 880 655 941 Nobilis
678 880 814 939 Michael
830 878 992 939 Radenich
1014 879 1111 938 habet
1133 878 1261 939 domum
1285 878 1455 957 antiquam,
1473 878 1569 938 aliam
1591 880 1659 939 vult

374 990 521 1069 effigere,
547 1006 585 1048 ex
610 986 739 1067 antiqua
769 987 864 1047 domo
888 986 972 1046 aliud
995 986 1173 1047 aedilicium
1197 986 1256 1045 sibi
1279 987 1493 1046 necessarium
1517 986 1657 1065 errigere

374 1097 495 1177 poterit,
521 1097 668 1155 horreum
699 1114 816 1155 novum
839 1095 907 1154 sine
931 1102 1031 1172 porta,
1061 1094 1156 1153 haras
1180 1094 1326 1172 antiquas
1357 1095 1453 1154 habet
1475 1093 1545 1154 sine
1567 1096 1659 1174 pavi-

374 1203 495 1275 mentis,
518 1222 611 1263 secus
635 1202 666 1261 in
689 1210 773 1262 statu
797 1184 955 1274 mediocri,
978 1202 1140 1261 lomacem
1156 1201 1326 1280 pistoream
1351 1220 1407 1279 per
1429 1202 1658 1281 negligentiam

375 1331 438 1373 non
461 1312 544 1373 bono
567 1318 650 1370 tecto
673 1309 840 1388 provisam

482 1438 512 1498 2.
535 1437 656 1498 Nobilis
678 1436 830 1515 Stephani
853 1436 1013 1497 Krilchich
1036 1456 1075 1496 ex
1098 1436 1195 1525 Nagy
1210 1436 1319 1496 Mlalra
1341 1446 1390 1496 est
1412 1435 1602 1495 domuncula
1625 1435 1657 1494 in

374 1548 457 1609 bono
480 1555 573 1622 statu,
595 1553 628 1606 et
650 1546 747 1605 harae
772 1544 920 1624 antiquae
944 1545 1119 1606 mediocres
1142 1544 1184 1603 ad
1207 1545 1287 1605 duas
1310 1545 1481 1604 clausuras.

483 1670 512 1737 3.
543 1671 664 1732 Nobilis
692 1672 826 1731 loannes
848 1671 971 1751 Evang.
1004 1670 1148 1730 Karnasa
1170 1670 1266 1731 habet
1289 1670 1418 1729 domum
1439 1669 1566 1743 bonam,
1588 1669 1659 1729 hor·

374 1801 461 1842 reum
493 1798 608 1840 novum
639 1780 764 1852 bonum,
796 1778 890 1837 haras
925 1777 1106 1837 animalium
1138 1777 1179 1837 ad
1211 1776 1232 1836 4
1263 1778 1426 1837 clausuras
1457 1778 1557 1837 bonas
1588 1776 1657 1836 sine

380 1887 567 1968 pavimentis
590 1886 689 1961 bonis,
713 1903 872 1945 cameram
888 1885 930 1945 ad
952 1884 1032 1944 duas
1048 1885 1210 1944 clausuras
1234 1884 1359 1961 bonam,
1381 1884 1476 1944 haras
1499 1883 1659 1944 maialium

377 1996 418 2056 ad
441 1995 520 2055 duas
555 1994 716 2054 clausuras
747 1992 778 2051 in
809 1992 891 2053 bono
920 2000 1013 2065 statu,
1044 1991 1205 2051 lomacem
1236 1992 1407 2069 pistoream
1438 1989 1598 2070 antiquam
1626 1990 1658 2049 in

379 2104 461 2163 malo
485 2109 569 2162 statu
593 2119 650 2179 per
672 2099 914 2179 negligentiam
943 2098 1018 2158 item
1041 2107 1155 2176 puteus
1177 2108 1227 2158 est
1250 2097 1363 2157 nullius
1385 2098 1511 2162 valoris,

487 2228 517 2289 4.
541 2227 694 2288 Providus
718 2228 869 2305 Iosephus
892 2226 1085 2298 Matlrovich,
1104 2225 1216 2286 nobilis
1232 2224 1397 2285 Franetich
1413 2226 1551 2299 colonus,
1567 2225 1664 2284 habet

379 2338 494 2396 bonam
529 2335 656 2394 domum
691 2334 758 2393 sine
794 2332 920 2406 ambitu,
951 2333 1099 2392 horreum
1128 2332 1290 2411 antiquum
1313 2332 1381 2391 sine
1404 2340 1504 2411 porta,
1528 2331 1658 2391 basibus

380 2452 451 2521 post
475 2441 592 2521 aliquot
614 2449 738 2519 tempus
757 2439 918 2517 indigebit,
952 2440 1047 2499 haras
1070 2439 1215 2518 antiquas
1238 2439 1279 2499 ad
1311 2436 1517 2499 3clausuras
1541 2440 1572 2499 in
1596 2458 1661 2499 me·

381 2550 477 2611 diocri
509 2556 591 2609 statu
624 2548 812 2626 pavimentis
840 2548 1014 2621 destitutas,
1038 2548 1179 2607 harulam
1204 2546 1363 2607 maialium
1387 2548 1547 2627 antiquam
1572 2566 1664 2624 repa·

381 2657 500 2717 ratione
525 2663 680 2735 egentem,
712 2673 870 2715 cameram
893 2654 1008 2715 bonam
1040 2654 1195 2726 humenti,
1218 2655 1378 2715 lornacem
1401 2655 1570 2732 pistoream
1594 2654 1663 2713 sine

380 2765 464 2825 bono
493 2772 585 2838 tectu,
616 2771 728 2842 puteus
759 2762 860 2823 bonus
894 2769 965 2841 post
1000 2783 1095 2822 unum
1137 2763 1309 2824 alterumve
1347 2783 1464 2823 annum
1498 2783 1581 2823 novo
1616 2761 1663 2822 in·

383 2871 512 2952 digebit.

488 2977 518 3039 5.
543 2977 662 3036 Nobilis
693 2978 825 3038 loannes
848 2977 970 3058 Evang.
1001 2977 1163 3037 Pavissich
1186 2978 1282 3038 habet
1305 2978 1433 3037 domum
1457 2979 1572 3039 bonam
1597 2978 1664 3039 sine

382 3087 500 3146 ambitu
531 3093 563 3144 et
591 3084 754 3163 posteriori
785 3084 940 3159 cubiculo,
972 3085 1029 3144 sed
1058 3093 1234 3165 angustam,
1257 3087 1405 3145 horreum
1436 3106 1507 3146 cum
1539 3104 1666 3146 camera

381 3213 514 3274 parvum
546 3193 612 3251 sine
652 3191 769 3270 pannis
811 3192 900 3253 dictis
932 3192 1058 3258 bonum,
1097 3193 1191 3252 haras
1232 3193 1273 3252 ad
1304 3191 1324 3252 3
1356 3194 1518 3253 clausuras
1554 3193 1665 3270 bonas,

382 3302 543 3364 fornacem
566 3300 735 3379 pistoream
762 3320 822 3360 non
848 3300 930 3360 bono
952 3309 1038 3360 tecto
1061 3299 1230 3379 provisam,
1252 3301 1348 3361 habet
1371 3302 1485 3361 robora
1507 3320 1564 3379 pro
1586 3302 1666 3361 hara

385 3409 542 3470 maialium
568 3407 736 3488 errigenda
758 3408 832 3467 Nro.
862 3405 908 3467 14.

492 3531 521 3594 6.
554 3533 674 3592 Nobilis
705 3532 844 3594 Mathias
869 3533 1018 3593 Brebrich
1042 3533 1136 3593 habet
1160 3534 1287 3593 domum
1311 3534 1342 3592 in
1366 3534 1481 3594 misero
1504 3542 1588 3594 statu
1613 3555 1666 3594 an·

384 3643 510 3722 tiquam,
541 3641 667 3700 harulas
691 3641 732 3700 ad
755 3641 835 3700 duas
859 3641 1021 3700 clausuras
1053 3659 1164 3720 parum
1188 3642 1337 3716 valentes,
1369 3661 1467 3720 penes
1499 3643 1665 3721 parvulum

385 3749 596 3829 loenilegium.

491 3855 520 3916 7.
543 3855 663 3915 Nobilis
687 3855 844 3934 Georgius
860 3855 965 3915 Koosz
990 3855 1085 3915 habet
1109 3856 1237 3915 domum
1253 3875 1369 3917 novam
1392 3857 1537 3917 omnibus
1554 3876 1662 3916 neces·

386 3965 476 4024 sariis
500 3961 667 4042 provisam,
691 3964 837 4022 horreum
854 3982 968 4022 novum
993 3963 1119 4038 bonum,
1143 3964 1237 4023 haras
1262 3964 1302 4024 ad
1326 3963 1356 4024 3.
1380 3966 1541 4025 clausuras
1565 3984 1664 4024 novas

387 4074 487 4132 bonas
511 4070 662 4150 superiori
693 4077 723 4131 et
748 4069 882 4130 inleriori
907 4071 1087 4149 pavimento
1111 4071 1298 4152 indigentes,
1323 4092 1480 4134 cameram
1505 4073 1545 4132 ad
1569 4092 1664 4132 unam

385 4187 504 4260 portam
529 4178 560 4240 in
577 4185 659 4238 statu
678 4177 826 4239 mediocri
850 4178 917 4238 sine
941 4178 1136 4256 pavimentis,
1153 4199 1234 4259 quae
1251 4180 1430 4258 pavimenta
1446 4201 1484 4240 ex
1500 4199 1560 4240 sua
1581 4181 1662 4240 'silva

385 4296 487 4368 potest
522 4286 649 4364 habere,
684 4285 843 4346 fornacem
879 4285 1047 4364 pistoream
1085 4286 1254 4366 antiquam,
1277 4307 1361 4347 nova
1389 4287 1518 4368 indiget,
1556 4296 1669 4366 puteus

387 4405 435 4456 est
459 4414 567 4455 novus.

495 4501 525 4563 8.
541 4501 662 4562 Nobilis
691 4503 869 4583 Stephanus
902 4501 1116 4562 szetkovich
1149 4503 1244 4563 habet
1277 4504 1405 4563 domum
1432 4504 1593 4583 antiquam
1616 4523 1670 4563 an-

386 4620 521 4692 gustam,
547 4611 743 4690 reparatione
766 4612 815 4671 vel
840 4630 923 4671 nova
944 4611 1072 4691 indiget,
1089 4632 1127 4672 ex
1144 4613 1274 4691 antiqua
1292 4631 1369 4672 vero
1384 4612 1469 4672 aliud
1492 4610 1668 4672 aedificium

385 4737 442 4798 pro
465 4717 630 4778 maialibus
653 4717 796 4778 nimirum
820 4718 923 4778 facere
947 4719 1069 4797 poterit,
1084 4719 1231 4779 horreum
1247 4739 1364 4779 novum
1379 4720 1497 4780 bonum
1519 4720 1664 4778 omnibus

386 4825 555 4905 provisum,
579 4825 673 4885 haras
689 4825 730 4884 ad
746 4825 824 4885 duas
841 4827 1002 4886 clausuras
1018 4826 1164 4906 antiquas
1179 4826 1209 4886 in
1228 4836 1310 4888 statu
1326 4826 1483 4903 mediocri,
1503 4845 1662 4886 cameram

387 4933 428 4994 ad
451 4952 546 4993 unam
569 4943 692 5011 portam
723 4931 755 4993 in
785 4932 933 4994 mediocri
957 4943 1049 5008 statu,
1073 4935 1234 4995 lomacem
1261 4936 1430 5014 pistoream
1453 4954 1570 4995 novam
1599 4934 1666 4994 sine
