3934 5550
522 688 743 756 Etransumpto
771 687 881 741 Martini
910 686 999 741 Pethe
1015 687 1055 739 de
1074 686 1184 741 Hethes
1213 700 1287 741 anno
1317 684 1394 740 1604.
1415 684 1458 741 23.
1482 686 1582 739 martii.
1608 688 1639 739 ln
1658 700 1700 739 ar·

415 778 498 831 chivo
516 793 658 832 commun.
677 779 742 831 nob.
763 778 800 830 de
818 777 979 846 TuropolJ‘e.

530 947 536 967 ¹
557 940 630 995 Vide
649 942 712 997 doc.
733 956 756 995 a.
778 940 854 996 1602.
874 938 917 995 28.
937 942 1028 995 martii
1049 943 1103 995 sub
1123 942 1173 997 No.
1193 941 1235 996 ³8.

1023 1261 1099 1335 ⁴4.

527 1462 618 1521 Anno
647 1459 739 1523 1602.
764 1461 793 1525 7.
816 1462 1011 1542 septembris
1035 1464 1168 1544 Pragae.

417 1652 625 1738 liudolphus
647 1653 692 1717 II.
715 1652 925 1740 Hurrguriue
946 1658 1006 1720 etc.
1032 1676 1100 1734 rex,
1124 1655 1279 1721 Mariirro
1303 1656 1407 1721 Perre
1431 1656 1471 1721 de
1493 1656 1631 1736 HeiheS,
1655 1656 1697 1721 lo·

420 1762 590 1827 rumienii
607 1762 784 1847 praecipit,
809 1765 849 1826 ui
872 1762 1001 1827 nobiles
1027 1763 1149 1850 Campi
1176 1762 1206 1828 T
1204 1764 1380 1850 uropollya
1404 1765 1440 1829 iu
1464 1764 1523 1829 sui
1541 1770 1700 1849 praesert-

419 1872 505 1939 iiam
529 1868 617 1945 citet,
641 1890 683 1940 ac
705 1869 746 1933 de
768 1868 918 1935 lusione
950 1869 1094 1935 horroris
1121 1871 1249 1936 Ioanni
1277 1871 1506 1953 Draskour'clz,
1528 1872 1618 1949 barri,
1637 1879 1701 1959 per

867 1978 963 2063 ipsos
987 1977 1094 2058 illata,
1118 1978 1254 2045 iudicet.

530 2178 718 2257 Rudolphus·
736 2179 902 2254 secundus,
927 2179 978 2238 dei
1001 2180 1104 2264 gratia
1136 2180 1254 2239 electus
1288 2180 1499 2240 Romanorum
1533 2180 1701 2259 imperator

422 2310 547 2370 semper
578 2294 740 2368 augustus,
771 2305 808 2346 ac
832 2286 1031 2361 Germaniae,
1055 2287 1247 2369 Hungariae,
1270 2288 1450 2362 Bohemiae,
1474 2297 1532 2349 ete.
1556 2309 1610 2349 rex
1643 2297 1700 2349 etc.

427 2394 700 2461 Reverendissime
723 2394 824 2453 fidelis
846 2394 937 2454 nobis
960 2393 1080 2455 dilecte.
1105 2394 1219 2456 Retulit
1249 2396 1289 2455 ad
1320 2414 1377 2456 nos
1410 2414 1526 2477 graves
1557 2374 1701 2475 querelas

427 2506 528 2567 fidelis
552 2511 658 2564 noster
680 2502 868 2582 magnificus
890 2504 1023 2562 loannes
1048 2502 1243 2563 Draskouich
1264 2505 1303 2563 de
1321 2504 1518 2577 Trakostian,
1533 2522 1701 2585 regnorum

427 2623 604 2675 nostrorum
628 2610 814 2685 Dalmatiae,
837 2609 986 2670 Croatiae
1011 2619 1042 2670 et
1057 2610 1244 2671 Sclauoniae
1261 2612 1371 2687 banus,
1388 2630 1425 2671 ac
1441 2612 1701 2673 cubiculariorum

427 2728 604 2783 nostrorum
628 2717 780 2798 regalium
805 2718 836 2777 in
859 2717 1025 2798 Hungaria
1049 2718 1209 2806 magister,
1233 2728 1264 2779 et
1279 2717 1473 2779 consiliarius
1489 2728 1604 2795 noster,
1628 2738 1701 2780 con·

424 2839 474 2890 tra
496 2829 615 2889 nobiles
639 2826 752 2906 Campi
777 2827 968 2907 Turopollya
1000 2828 1032 2886 in
1055 2845 1154 2908 regno
1178 2836 1285 2887 nostro
1319 2827 1505 2888 Sclauoniae
1539 2829 1702 2908 degentes,

428 2957 483 3017 per
507 2956 587 3016 quos
611 2955 644 2996 se
669 2935 700 2994 in
723 2937 842 2994 honore
865 2935 1004 3015 graviter
1029 2935 1147 2994 laesum
1172 2944 1203 2994 ct
1234 2935 1427 2995 diffamatum
1460 2935 1580 3011 asserit,
1611 2945 1703 3016 prout

380 3087 385 3098 ·
426 3043 635 3106 haecomnia
665 3043 764 3103 fusius
796 3061 834 3102 ex
864 3042 983 3102 inclusa
1022 3043 1100 3103 illius
1135 3043 1361 3122 supplicatione
1395 3044 1485 3104 nobis
1509 3044 1702 3121 transmissa,

427 3153 607 3232 intelliges'.
631 3150 713 3210 Cum
738 3159 843 3209 autern
866 3150 933 3228 ipse
956 3151 1057 3210 banus
1091 3150 1129 3210 sit
1160 3161 1267 3211 noster
1297 3151 1397 3212 fidelis
1428 3152 1569 3228 servitor,
1605 3161 1636 3212 et
1670 3151 1701 3210 in

424 3260 562 3340 partibus
586 3259 644 3318 illis
667 3238 878 3337 vicesregens,
902 3279 940 3318 ac
960 3264 1127 3337 *supremus
1151 3259 1332 3319 iustitiarius
1358 3268 1388 3320 et
1411 3259 1552 3320 officialis
1583 3268 1698 3335 noster,

426 3389 488 3428 non
512 3387 680 3446 possumus
703 3376 821 3426 tantam
845 3385 999 3444 personae
1025 3375 1118 3445 atque
1141 3367 1235 3426 officii
1258 3367 1346 3443 illius,
1379 3368 1462 3446 quod
1494 3386 1532 3428 ex
1563 3368 1702 3448 benigna

428 3485 535 3536 nostra
559 3475 661 3554 gratia
684 3484 716 3533 et
739 3474 902 3534 collatione
926 3474 1016 3552 gerit,
1040 3474 1290 3535 diffamationem·
1310 3484 1341 3534 et
1364 3483 1576 3554 contemptum
1601 3493 1702 3555 aequo

428 3584 532 3645 animo
556 3583 646 3656 ferre,
670 3583 727 3643 sed
750 3581 876 3641 omnino
899 3582 1022 3661 legibus
1047 3583 1136 3662 regni
1160 3582 1257 3641 nostri
1280 3583 1464 3662 Hungariae
1496 3584 1555 3642 hoc
1586 3582 1702 3642 lactum

428 3691 596 3767 vindicare,
620 3691 749 3769 iureque
775 3690 907 3750 revideri
930 3690 1034 3750 facere
1059 3690 1263 3750 decrevimus.
1297 3689 1498 3768 Quapropter
1521 3690 1702 3750 fidelitatem

428 3808 514 3859 tuam
538 3798 673 3874 benigne
698 3800 866 3872 hortamur,
890 3796 1007 3876 tibique
1031 3798 1200 3858 clementer
1224 3805 1255 3857 et
1278 3797 1406 3857 firmiter
1429 3797 1650 3858 committimus
1674 3807 1705 3858 et

427 3907 622 3980 mandamns,
647 3916 679 3965 ut
703 3906 744 3965 ad
768 3905 946 3964 instantiam
980 3905 1112 3983 praefati
1145 3906 1218 3964 bani
1250 3907 1355 3978 nostri,
1379 3906 1479 3965 dictos
1512 3907 1632 3966 nobiles
1662 3906 1702 3966 de

428 4015 626 4092 Turopollya,
650 4033 730 4092 quos
754 4014 803 4072 vel
827 4012 894 4091 ipse
916 4012 1019 4072 banus
1042 4022 1157 4088 noster,
1181 4014 1231 4072 vel
1254 4032 1329 4072 vero
1361 4014 1428 4072 eius
1452 4013 1577 4073 nomine
1611 4013 1705 4072 homo

427 4122 476 4180 vel
501 4131 684 4199 procurator
706 4119 803 4198 ipsius
826 4118 984 4198 legitimus
1007 4119 1062 4178 tibi
1086 4119 1289 4179 insinuaverit
1313 4127 1343 4180 et
1367 4119 1582 4195 nominaverit,
1606 4119 1705 4199 primo

429 4247 555 4306 quoque
579 4236 728 4307 tempore,
761 4226 813 4285 ubi
844 4236 971 4304 propter
1005 4245 1156 4304 praesens
1191 4227 1305 4286 bellum
1341 4227 1507 4286 Turcicum
1543 4227 1706 4286 commode

431 4333 498 4395 fieri
522 4335 644 4412 poterit,
669 4336 709 4393 ad
731 4334 928 4412 personalem
953 4335 1219 4411 comparationem
1243 4333 1274 4392 in
1298 4333 1517 4411 praesentiam,
1534 4333 1574 4393 ad
1589 4342 1706 4422 certum

427 4442 592 4501 terminum
625 4441 747 4520 utrique
770 4451 849 4518 parti
874 4459 930 4519 per
953 4449 983 4500 te
1009 4441 1245 4520 praefigendum
1279 4459 1421 4517 evocare,
1446 4450 1539 4518 atque
1571 4456 1707 4499 unacum

428 4551 521 4609 certis
539 4549 727 4609 'consiliariis
751 4549 864 4608 nostris
887 4548 1069 4627 Hungaris;
1094 4548 1252 4627 magistris
1276 4547 1349 4607 item
1374 4547 1624 4628 prothonotariis,
1649 4547 1701 4606 ali·

430 4657 518 4734 isque
543 4657 617 4715 iuris
641 4656 747 4734 peritis
772 4655 854 4728 viris,
879 4657 960 4714 hanc
984 4655 1213 4727 diffamationis,
1238 4655 1376 4733 laesique
1407 4655 1534 4714 honoris
1570 4655 1708 4726 causam,

427 4762 500 4822 iure
525 4763 771 4822 extraordinario
795 4764 936 4824 revidere
962 4783 999 4822 ac
1024 4764 1188 4836 discutere,
1220 4774 1251 4822 et
1282 4764 1428 4842 quicquid
1459 4781 1514 4841 per
1549 4781 1618 4822 vos·
1642 4763 1707 4821 iure

430 4880 628 4947 compertum
653 4871 753 4934 fuerit
778 4871 807 4929 id
831 4871 955 4929 debitae
980 4871 1179 4948 postmodum
1204 4870 1377 4930 executioni
1400 4871 1592 4929 demandare
1621 4869 1709 4928 vellis

434 4996 472 5036 ac
508 4977 636 5038 debeas.
659 4981 759 5037 tetus
783 4997 844 5036 ncn
869 4981 1016 5036 tacturus.
1039 4977 1154 5036 Datum
1179 4979 1209 5036 in
1235 4996 1307 5036 arce
1331 4985 1439 5036 nostra
1453 4975 1542 5056 regia
1557 4975 1711 5056 Pragensi
