3934 5550
403 393 469 466 362

405 618 593 677 inclinatum.
625 617 729 674 Haras
761 614 906 694 antiquas
931 613 970 673 ad
996 611 1015 672 3
1040 621 1155 691 portas
1178 631 1259 691 quae
1283 611 1422 691 proxime
1447 619 1601 686 corruent,
1621 607 1681 670 for·

406 745 516 784 nacem
541 723 709 802 pistoream
734 721 933 794 mediocrem,
957 722 1026 798 plus
1051 720 1134 782 nihil.

515 829 563 891 18.
587 831 718 892 lacobus
750 830 854 888 Koosz
890 829 1019 888 domum
1053 829 1149 888 habet
1183 827 1344 905 antiquam
1376 825 1573 905 reparatione
1606 825 1683 884 indi·

406 949 542 1021 gentem,
566 939 711 998 horreum
736 936 896 1014 antiquum
921 936 1029 995 ruinae
1044 935 1229 1014 expositum,
1255 936 1350 994 haras
1366 933 1567 1014 biaugulares
1582 933 1683 993 bonas

405 1049 446 1108 ad
470 1047 489 1108 5
514 1047 675 1104 clausuras
699 1051 781 1103 tecto
806 1043 953 1102 assericio
978 1042 1125 1102 mediocri
1149 1042 1301 1120 provisas,
1335 1041 1495 1102 fornacem
1510 1041 1680 1120 pistoream

406 1154 605 1229 mediocrem,
628 1171 720 1212 secus
743 1150 827 1212 nihil.

518 1259 565 1320 19.
588 1259 723 1318 Michael
740 1259 854 1333 Koosz,
876 1258 979 1331 iudex,
1001 1259 1098 1318 babet
1121 1258 1249 1317 domum
1264 1275 1381 1316 novam
1397 1257 1522 1330 bonam,
1538 1256 1684 1315 horreum

411 1370 572 1448 antiquum
614 1366 810 1445 reparatione
857 1364 1009 1444 indigens,
1044 1366 1149 1437 haras
1174 1364 1354 1423 animalium
1390 1365 1430 1422 ad
1466 1361 1487 1422 4
1521 1364 1683 1422 clausuras

404 1497 503 1537 novas
527 1478 634 1546 bonaS,
660 1493 817 1534 cameram
833 1473 1050 1534 lrurnentalem
1075 1491 1189 1531 novam
1214 1473 1328 1531 bonam
1346 1471 1491 1530 omnibus
1507 1470 1683 1549 provisam3

404 1585 478 1645 item
503 1601 660 1643 cameram
685 1581 726 1640 ad
749 1581 828 1640 duas
852 1582 1013 1640 clausuras
1037 1600 1152 1640 novam
1176 1581 1299 1655 bonam,
1322 1579 1482 1640 fornacem
1515 1578 1683 1657 pistoream

405 1691 604 1751 mediocrem.

509 1796 561 1859 20.
585 1796 766 1856 Elisabetha
789 1795 885 1856 vidua
907 1795 1031 1874 Iosephi
1055 1795 1228 1855 szetnich
1247 1795 1342 1854 habet
1358 1793 1492 1873 primum
1508 1793 1685 1854 cubiculum

405 1907 567 1984 antiquum
591 1924 661 1964 cum
697 1903 800 1963 culina
822 1904 1020 1983 reparatione
1044 1903 1198 1981 indigens.
1222 1903 1378 1962 Horreum
1410 1902 1570 1980 antiquum
1595 1920 1683 1977 repa·

407 2014 527 2073 ratione
550 2031 667 2092 magna
692 2011 906 2071 necessitatur.
930 2011 1035 2070 Haras
1059 2011 1099 2069 ad
1124 2010 1203 2069 duas
1220 2012 1382 2068 clausuras
1405 2010 1482 2068 satis
1505 2009 1614 2082 bonas,
1631 2027 1681 2066 ca·

405 2140 525 2181 meram
548 2119 695 2180 frumeuti
725 2120 839 2178 bonam
864 2137 988 2179 novam.
1025 2118 1129 2176 Haras
1153 2116 1310 2176 maialium
1335 2118 1366 2175 in
1390 2116 1473 2176 bono
1487 2123 1588 2188 statu;
1611 2115 1685 2173 item

407 2227 540 2288 culinam
564 2227 751 2287 forinsecam
776 2245 837 2286 non
861 2225 944 2284 bono
968 2233 1051 2284 tecto
1074 2225 1242 2303 provisam.

515 2334 566 2396 21.
591 2337 721 2396 loannes
745 2334 834 2413 Bapt.
859 2333 1032 2393 szetnich
1056 2332 1150 2392 habet
1166 2333 1293 2392 domum
1309 2351 1347 2391 ex
1365 2332 1498 2410 antiquis
1523 2330 1686 2391 roboribus

408 2444 518 2503 saltem
542 2443 674 2520 primum
700 2442 883 2513 cubiculum,
909 2449 939 2500 et
963 2441 1098 2502 culinam
1122 2448 1284 2517 arrectam,
1307 2458 1400 2500 secus
1424 2439 1506 2499 nihil.

515 2547 568 2612 22.
591 2550 735 2610 Andreas
760 2548 944 2609 Chunchich
967 2549 1062 2606 habet
1097 2547 1224 2606 domurn
1250 2547 1366 2607 bonam
1389 2566 1512 2619 novam,
1538 2548 1685 2608 horreum

410 2657 570 2737 antiquum
595 2659 709 2717 bonum
734 2657 862 2717 basibus
887 2656 1040 2734 indigem,
1071 2655 1165 2714 haras
1201 2655 1380 2715 animalium
1416 2655 1560 2732 antiquas
1593 2657 1634 2715 ad
1666 2653 1687 2714 4

409 2765 570 2825 clausuras
594 2765 624 2824 in
648 2765 730 2825 bono
755 2774 846 2840 statu,
871 2763 1063 2823 camendam
1088 2763 1128 2822 ad
1152 2762 1231 2822 duas
1255 2763 1416 2823 clausuras
1432 2782 1546 2822 novam
1563 2762 1687 2837 bonam,

407 2873 502 2931 haras
525 2872 684 2933 maialium
709 2872 854 2951 antiquas
869 2890 980 2949 parum
1011 2870 1161 2945 valentes,
1178 2888 1335 2928 cameram
1355 2870 1515 2949 antiquam
1536 2871 1576 2930 ad
1592 2887 1687 2928 unam

410 2979 588 3039 clausuram
612 2987 694 3039 tecto
718 2979 801 3039 bono
826 2998 887 3038 non
910 2977 1079 3056 provisam,
1103 2976 1262 3037 fornacem
1298 2978 1466 3056 pistoream
1501 2996 1558 3057 per
1589 2978 1687 3057 negli-

411 3087 551 3167 gentiam
574 3087 657 3146 bono
680 3094 763 3146 tecto
788 3105 849 3146 non
873 3084 1040 3164 provisam.

519 3191 570 3253 23.
594 3194 728 3253 Ioannes
751 3193 841 3273 Bapt.
866 3192 1048 3251 Kovachich
1081 3192 1177 3251 habet
1210 3193 1337 3250 domum
1368 3193 1528 3270 antiquam
1553 3192 1614 3251 iam
1650 3212 1689 3251 ex

412 3321 475 3362 una
498 3310 587 3379 parte
611 3301 641 3360 in
666 3300 768 3359 culina
784 3300 888 3377 paries
909 3299 1041 3373 ruinata,
1057 3318 1148 3358 secus
1171 3307 1237 3359 tota
1251 3300 1391 3378 proxime
1407 3308 1540 3376 corruet,
1555 3300 1689 3377 denique

416 3411 446 3471 in
470 3410 607 3489 pessimo
624 3417 715 3482 statu,
732 3408 835 3468 borrei
849 3418 992 3486 quartam
1009 3416 1129 3486 partem
1146 3407 1264 3487 antiqui
1281 3408 1392 3466 nullius
1408 3408 1532 3481 valoris,
1549 3408 1690 3469 harulam

420 3518 459 3576 ad
483 3536 578 3576 uuam
602 3524 724 3595 portam
748 3515 778 3574 in
802 3515 939 3593 pessimo
962 3514 1056 3573 etiam
1081 3522 1173 3574 statu.

521 3622 573 3683 24.
596 3623 747 3702 Iosephus
768 3622 918 3683 Sabarich
948 3622 1043 3681 habet
1067 3623 1194 3681 domum
1218 3623 1258 3682 ad
1283 3622 1380 3681 instar
1403 3621 1508 3681 curiae
1532 3622 1691 3700 antiquam

412 3750 528 3810 magna
549 3729 744 3807 reparatione
764 3729 963 3808 indigentem,
977 3729 1111 3807 denique
1128 3730 1251 3789 novitus
1267 3728 1465 3808 errigendam
1482 3748 1605 3802 novam,
1621 3729 1691 3787 hor-

411 3858 498 3897 reum
515 3856 640 3909 novum,
656 3838 749 3896 haras
765 3855 864 3895 noras
889 3836 929 3895 ad
952 3836 1032 3895 duas
1055 3844 1170 3915 portas,
1187 3856 1278 3895 secus
1301 3836 1374 3895 nihil
1390 3845 1514 3914 praeter
1530 3837 1689 3896 fornacem

411 3945 581 4023 pistoream
605 3963 666 4003 non
691 3944 772 4003 bono
797 3953 879 4004 tecto
903 3944 1070 4021 provisam.

518 4050 568 4111 25.
593 4052 708 4111 Paulus
733 4050 877 4109 Kundicb
902 4051 997 4110 habet
1021 4052 1149 4111 domum
1173 4052 1289 4110 bonam
1313 4070 1429 4110 novam
1452 4051 1597 4111 omnibus
1621 4070 1691 4129 pro-

414 4158 521 4229 visam,
546 4158 689 4217 horreum
715 4158 876 4236 antiquum
899 4158 1027 4216 basibus
1051 4158 1204 4237 indigens,
1235 4159 1329 4217 haras
1364 4158 1508 4236 antiquas
1540 4160 1580 4219 ad
1611 4160 1691 4217 duas

414 4267 575 4325 clausuras
600 4264 782 4336 mediocres
807 4284 965 4325 cameram
988 4265 1132 4325 frumenti
1157 4267 1197 4325 ad
1222 4285 1315 4324 unam
1339 4275 1460 4343 portam
1492 4265 1690 4338 mediocrem,

413 4374 570 4432 fornacem
596 4373 765 4449 pistoream
789 4372 949 4450 antiquam
973 4381 1057 4433 tecto
1080 4374 1163 4434 bono
1187 4392 1244 4451 per
1268 4373 1494 4452 negligentiam
1527 4393 1590 4432 nou
1620 4392 1690 4451 pro·

414 4480 522 4541 visam.
547 4479 680 4538 Asseres
704 4480 799 4538 habet
824 4476 897 4539 300.

523 4584 573 4647 26.
599 4588 724 4647 Marcus
750 4587 893 4646 Kundich
918 4587 1013 4646 habet
1037 4588 1163 4646 domum
1188 4587 1347 4665 antiquam
1383 4606 1532 4667 magnam
1565 4605 1692 4665 repara·

411 4693 493 4752 tione
519 4693 719 4771 indigentem,
750 4694 774 4752 si
808 4703 911 4753 autem
937 4714 1051 4753 novam
1076 4696 1213 4773 errigere
1237 4696 1338 4766 vellet,
1374 4713 1410 4753 ex
1443 4695 1572 4772 antiqua
1607 4696 1691 4754 aliud

414 4800 589 4859 aedificium
613 4800 671 4861 sibi
694 4801 906 4860 necessarium
931 4802 1034 4861 lacere
1059 4802 1180 4880 poterit,
1196 4803 1341 4861 horreum
1367 4801 1527 4879 antiquum
1550 4802 1582 4861 iu
1598 4822 1689 4879 supe·

414 4906 485 4965 riori
509 4915 596 4985 parte
621 4907 784 4979 ruinarum,
808 4908 936 4967 basibus
960 4909 1114 4988 indigens,
1138 4911 1233 4969 haras
1256 4908 1437 4971 animalium
1465 4928 1565 4969 novas
1597 4910 1638 4971 ad
1669 4906 1690 4969 3
