3934 5550
1492 433 1558 495 603

279 651 487 730 colligendam
519 658 628 709 contra
658 649 761 708 fassas
795 648 1027 726 inquisitionem
1050 649 1119 707 leve
1144 649 1306 707 dumtaxat
1335 648 1459 726 aliquod
1484 667 1555 724 siq-

277 758 452 836 peditarent
476 756 639 830 iudicium,
664 755 735 814 licet
758 774 799 815 ne
822 756 881 813 hoc
906 755 1032 832 quidem
1058 755 1176 832 absque
1201 753 1425 814 sufficientibus
1449 755 1558 812 funda·

278 866 390 924 mentis
415 871 525 922 contra
547 863 699 922 honestae
723 862 827 921 famae
851 880 1004 939 personas
1026 862 1146 939 (quales
1162 870 1349 939 praetensae
1374 862 1405 919 in
1430 880 1557 920 causam

279 981 431 1032 attractae
455 982 486 1030 et
509 970 661 1030 nobilitari
695 969 918 1048 praerogativa
952 969 1129 1048 gaudentes
1160 968 1411 1046 inquisitionibus
1443 969 1500 1027 sub
1526 969 1559 1026 B.

277 1089 308 1139 et
331 1078 396 1138 CC.
421 1077 700 1138 remonstrantibus
724 1072 841 1150 essent)
867 1077 933 1135 fieri
958 1076 1132 1153 praemissa
1156 1075 1262 1154 praxis
1285 1075 1453 1134 criminalis
1478 1083 1555 1151 part.

282 1187 306 1247 1.
334 1193 389 1244 art.
423 1184 474 1244 22.
506 1181 577 1262 §a
611 1183 796 1255 admitteret,
835 1190 866 1241 et
898 1190 986 1241 tanto
1013 1183 1115 1242 minus
1149 1181 1174 1240 si
1207 1181 1353 1242 delictum
1387 1200 1442 1258 per
1466 1180 1553 1239 infal-

279 1293 371 1352 libilia
403 1292 516 1351 iudicia
548 1310 611 1350 non
643 1291 930 1368 deprehenderetur
968 1289 1083 1349 ibidem
1116 1297 1171 1352 art.
1200 1286 1251 1350 34.
1276 1291 1302 1366 ἓ.
1328 1288 1356 1349 2.
1381 1287 1554 1348 cuiusmodi

280 1401 373 1459 etiam
397 1407 565 1477 praetensa
597 1400 690 1457 modo
721 1397 849 1475 praevio
873 1397 970 1456 fassio
994 1403 1194 1475 praesentem
1219 1404 1369 1455 torturam
1393 1396 1557 1454 dumtaxat

279 1508 380 1566 elicita
404 1507 596 1584 praemissae
621 1505 826 1583 inquisitionis
858 1504 1042 1563 inducerent
1073 1503 1228 1562 rationem
1252 1511 1283 1562 et
1307 1521 1415 1562 ansam
1442 1501 1556 1560 ibidem

281 1623 335 1673 art.
369 1612 419 1676 23.
443 1616 461 1690 ξ
486 1610 524 1685 3.,
549 1623 579 1672 et
603 1613 750 1690 quoniam
783 1612 877 1670 etiam
909 1610 1069 1688 complicis
1101 1629 1171 1670 cum
1204 1609 1386 1669 denuntiato
1415 1609 1558 1667 confron-

277 1723 366 1794 tatio,
390 1723 443 1780 ubi
456 1723 619 1780 commode
634 1729 727 1798 prout
751 1719 780 1778 in
799 1719 890 1778 huius
912 1717 1059 1777 substrati
1072 1717 1230 1796 praetensi
1247 1717 1478 1777 circumstantia
1493 1717 1559 1776 fieri

274 1831 436 1909 potuisset,
460 1829 639 1888 necessaria
671 1829 786 1888 ibidem
810 1847 847 1888 ex
873 1829 993 1887 articuli
1026 1826 1078 1889 32.
1103 1830 1128 1904 ἓ.
1154 1825 1182 1886 8.
1207 1836 1238 1887 et
1262 1824 1312 1888 35.
1338 1829 1364 1904 ξ.
1389 1824 1428 1902 3.,
1445 1827 1551 1904 puncti

273 1936 294 1998 6
319 1939 548 2009 invenirentur3
583 1938 639 1996 sed
670 1945 702 1996 et
735 1936 855 2009 delicta,
889 1955 971 2014 quae
995 1937 1186 2014 praesummi
1210 1955 1311 2014 neque
1337 1935 1477 1994 valerent
1501 1952 1556 2011 per

276 2048 356 2106 duos
380 2047 421 2105 ad
444 2045 606 2104 minimum
622 2052 718 2103 testes
746 2043 930 2122 exceptione
954 2043 1089 2104 maiores
1113 2043 1229 2102 ibidem
1254 2051 1309 2102 art.
1339 2041 1386 2102 14.
1411 2044 1437 2118 ξ.
1468 2041 1501 2116 1,,
1527 2048 1558 2100 et

183 2135 188 2144 ’
275 2153 399 2231 quidem
431 2159 576 2230 respectu
609 2151 801 2229 singulorum
836 2150 1020 2209 iudiciorum
1051 2149 1167 2209 ibidem
1200 2157 1253 2208 art.
1280 2147 1331 2209 35.
1355 2151 1373 2225 §
1398 2146 1427 2208 9.
1462 2147 1555 2223 (eius-

276 2261 358 2320 modi
383 2261 476 2320 etiam
501 2260 683 2318 iudiciorum
717 2257 878 2336 pluralitas
905 2275 1092 2318 concurrere
1117 2257 1245 2317 deberet
1269 2257 1384 2316 ibidem
1409 2259 1446 2332 ἓξ
1472 2253 1500 2314 7.
1525 2263 1556 2313 et

276 2365 304 2426 8.
335 2377 366 2426 et
397 2366 464 2426 sine
494 2385 625 2444 quorum
657 2385 811 2424 concursu
843 2365 958 2424 ibidem
994 2365 1122 2423 articulo
1155 2361 1206 2425 33.
1242 2366 1259 2440 ξ
1289 2364 1312 2422 l.
1338 2372 1369 2422 et
1393 2364 1445 2424 lul.
1474 2361 1557 2421 Clar.

275 2475 325 2536 lib.
349 2474 387 2548 5.,
411 2480 530 2551 quaest.
555 2470 606 2531 63.
641 2473 714 2530 Nr0.
738 2470 767 2532 9.
792 2479 913 2530 tortura
944 2471 1093 2530 abstineri
1121 2471 1311 2545 innueretur]
1336 2470 1463 2529 omnino
1486 2486 1557 2547 pro-

276 2581 379 2640 banda
404 2580 554 2653 venirent,
588 2579 708 2656 absque
732 2587 837 2638 autem
861 2580 956 2638 modo
980 2578 1108 2655 praevio
1132 2577 1227 2637 etiam
1260 2577 1424 2636 sufficienti
1458 2575 1556 2653 inqui-

276 2688 386 2748 sitione
418 2707 456 2747 ex
489 2695 625 2747 attactae
657 2687 762 2763 praxis
793 2695 871 2763 part.
896 2685 925 2746 2.
950 2695 1005 2746 art.
1030 2681 1081 2743 60.
1113 2685 1131 2760 ξ
1172 2681 1201 2744 3.
1236 2683 1433 2742 continentiis
1462 2691 1492 2740 et
1517 2683 1556 2740 ad

276 2797 393 2855 calcem
419 2796 458 2854 ad
481 2803 632 2854 torturam
667 2795 794 2871 procedi
825 2812 887 2852 non
922 2811 1024 2870 posse,
1056 2790 1226 2851 identidem
1250 2798 1419 2864 erueretur,
1445 2788 1557 2867 quibus

278 2905 322 2963 ita
347 2902 526 2980 praemissis
550 2902 729 2971 rationibus,
751 2900 882 2980 legibus,
906 2898 1117 2959 fundamentis
1141 2906 1173 2957 et
1195 2898 1353 2977 productis
1378 2896 1469 2956 claris
1494 2894 1554 2955 exi·

277 3010 438 3084 stentibuS,
462 3017 492 3068 et
507 3017 629 3087 partem
658 3009 790 3067 eandem
807 3007 839 3066 in
855 3026 984 3067 causam
1009 3014 1174 3066 attractam
1190 3004 1370 3078 tutantibus,
1395 3003 1555 3082 ipsiusque

277 3118 472 3177 innocentiae
506 3116 740 3176 indemnitatem
773 3115 978 3175 evadentibus
1009 3122 1040 3174 et
1073 3114 1362 3185 remonstrantibus‚
1398 3111 1558 3191 subiungit

277 3226 391 3284 bonam
425 3234 456 3283 et
487 3226 640 3303 integram
674 3223 884 3301 praefatarum
919 3222 950 3280 in
983 3240 1111 3281 causam
1140 3228 1342 3280 attractarum
1366 3219 1482 3279 famam
1507 3237 1557 3277 cu-

278 3332 365 3410 piose
389 3332 513 3410 quidem
538 3332 632 3390 modo
665 3330 794 3409 praevio
821 3330 985 3407 probatam
1010 3328 1170 3388 infamium
1194 3327 1391 3401 fassionibuS,
1416 3326 1558 3403 adeoque

277 3438 444 3518 illegitimis
477 3438 728 3497 infamationibus
761 3438 953 3513 praevalere,
984 3435 1137 3494 eiusmodi
1175 3445 1278 3493 autem
1315 3452 1412 3513 sagas
1448 3440 1558 3492 contra

277 3547 459 3605 innocentes
483 3554 514 3604 et
537 3563 690 3623 persaepe
713 3545 883 3605 honoratas
907 3561 1058 3620 personas
1086 3542 1198 3620 partim
1232 3559 1268 3601 ex
1302 3541 1405 3619 aliquo
1442 3540 1558 3599 leviore

278 3654 426 3712 damnato
450 3663 481 3711 et
503 3652 605 3711 tacitis
630 3660 682 3710 aut
705 3651 835 3728 publicis
863 3643 1056 3723 inimicitiis³,
1091 3648 1204 3725 partim
1229 3666 1303 3705 vero
1328 3664 1364 3707 ex
1398 3646 1556 3705 doloribus

278 3768 502 3819 tormentorum
527 3770 580 3819 aut
603 3760 764 3837 quibusvis
792 3758 952 3817 diabolicis
978 3755 1325 3833 repraesentationibus
1349 3774 1420 3813 cum
1437 3761 1554 3813 certum

281 3867 328 3938 sit,
352 3865 534 3925 infernalem
560 3866 733 3924 ministrum
759 3866 900 3924 diversas
924 3883 1076 3943 personas
1108 3870 1140 3923 et
1172 3881 1220 3921 res
1253 3862 1366 3921 talibus
1401 3862 1558 3941 praefigu-

278 3992 357 4042 rare,
381 3974 430 4032 vel
455 3974 549 4032 etiam
583 3973 665 4051 quod
693 3974 772 4031 tales
796 3991 834 4031 ex
858 3973 958 4031 iurata
984 3970 1111 4030 demoni
1143 3971 1293 4029 servitute
1325 3970 1354 4028 in
1387 3967 1557 4047 periculum

279 4081 362 4139 vitae
387 4088 418 4138 et
439 4079 614 4138 animarum
631 4079 830 4138 innocentum
849 4076 1131 4155 conspirationibus
1148 4076 1212 4135 suis
1230 4078 1269 4135 ad
1287 4075 1442 4135 interitum
1461 4094 1558 4151 usque

279 4188 423 4246 insistant
447 4187 513 4246 fieri
538 4186 570 4245 in
594 4195 754 4264 comperto
777 4205 857 4259 esse,
882 4194 913 4245 et
935 4192 1081 4264 respectu
1106 4184 1231 4263 quidem
1256 4182 1407 4241 Matthiae
1432 4181 1558 4241 Caelich

279 4303 412 4353 matrem
445 4294 585 4354 eiusdem
617 4294 794 4373 expeditam
827 4303 899 4352 aute
931 4302 1063 4352 mortem
1087 4311 1158 4351 curn
1182 4292 1295 4350 eodem
1319 4290 1556 4361 confrontatam,

278 4402 448 4461 fassionem
482 4421 572 4461 suam
602 4402 674 4461 licet
707 4401 800 4460 etiarn
828 4402 983 4479 illegalem
1013 4400 1172 4472 alterasse,
1197 4398 1395 4473 Kulyanlxam
1419 4416 1494 4455 vero
1519 4398 1558 4457 ob

280 4510 489 4587 suspicionem
514 4512 553 4570 de
578 4509 625 4568 sui
649 4508 900 4586 incaptivationis
922 4527 1018 4567 causa
1042 4516 1151 4567 contra
1176 4507 1310 4565 eundem
1333 4505 1558 4583 praehabitam,

280 4619 413 4696 ideoque
435 4625 633 4695 praetensam
668 4616 806 4675 eiusdem
838 4613 1008 4675 tassionem
1038 4614 1231 4694 illegitimam
1261 4632 1324 4671 non
1355 4630 1436 4671 vane
1468 4630 1559 4690 prae-

281 4724 394 4783 summi
417 4726 531 4798 valere,
563 4724 619 4783 sed
644 4733 674 4783 et
697 4724 778 4782 hanc
803 4743 840 4781 ex
865 4723 967 4782 citatis
991 4722 1021 4781 in
1045 4722 1213 4800 primordio
1237 4722 1441 4800 allegatorum
1456 4719 1558 4796 praxi:

281 4832 458 4907 criminalis,
503 4831 671 4891 subsecuta
713 4829 808 4891 etiam
843 4830 1073 4909 magistratuali
1107 4828 1314 4912 *inquisitione
1354 4826 1493 4887 eiusdem
1529 4826 1560 4884 in

280 4957 410 4998 cansam
442 4938 565 4997 attracti
596 4938 793 4997 innocentiae
824 4938 950 4998 favente
978 4937 1135 4997 sinistram
1167 4936 1298 4996 inveniri
1339 4934 1405 4995 Sub
1429 4934 1456 4992 C
1481 4953 1556 4993 vero
