3934 5550
1510 396 1556 461 97

273 629 462 707 capitularis,
487 648 639 690 annorum
664 631 792 711 triginta
815 632 961 711 quinque,
984 632 1089 692 fassus
1113 640 1161 692 est
1185 632 1292 692 auditu
1325 632 1370 691 uti
1402 633 1553 707 decimus,

276 736 316 795 de
340 736 533 796 desolatione
557 756 634 797 vero
657 736 732 797 nibil
754 737 857 799 sciret.
880 737 1029 798 Decimus
1044 738 1155 799 tertius
1172 738 1259 799 testis
1283 739 1432 799 Nicolaus
1449 740 1555 800 Polraz

276 842 367 902 aliter
388 841 485 918 Zabo,
510 843 586 904 civis
609 844 650 904 de
673 844 795 918 eadem,
817 844 959 905 decimus
982 854 1112 925 quartus
1145 846 1256 906 nobilis
1286 846 1465 926 Stephanus
1496 848 1553 907 So·

277 950 401 1024 staricb,
435 970 587 1011 annorum
622 951 758 1032 triginta,
790 951 866 1012 fassi
896 961 969 1013 sunt
1001 952 1108 1013 auditu
1140 953 1183 1012 uti
1216 953 1399 1014 undecimus
1430 972 1554 1033 respec-

274 1057 338 1117 tive
374 1057 579 1118 duodecimus
609 1059 707 1119 testis.
742 1058 892 1119 Decimus
923 1060 1049 1138 quintus
1080 1060 1192 1120 nobilis
1228 1061 1393 1121 Baltbasar
1426 1062 1554 1121 Wlaho·

274 1166 364 1235 wich,
388 1186 540 1227 annorum
570 1167 789 1247 quadraginta,
812 1168 857 1227 uti
880 1168 1007 1246 quintus
1041 1168 1138 1231 testis.
1162 1168 1310 1229 Decimus
1334 1176 1440 1229 sextus
1465 1188 1553 1249 egre·

271 1274 342 1354 gius
365 1275 499 1334 loannes
522 1274 726 1351 Samsinoczi‚
749 1275 869 1335 iuratus
899 1274 1039 1335 notarius
1069 1275 1272 1335 comitatuum
1305 1277 1395 1357 regni
1425 1276 1553 1336 Sclavo·

269 1382 350 1456 niae,
384 1400 537 1441 annorum
572 1382 782 1462 quadraginta
816 1382 917 1457 unius,
954 1382 1060 1443 lassus
1092 1390 1140 1442 est
1170 1384 1214 1443 uti
1246 1383 1380 1462 quintus,
1412 1384 1551 1463 llludque

270 1488 328 1548 sibi
353 1497 522 1563 constaret,
544 1490 628 1568 quod
661 1488 803 1568 Campus
835 1490 1005 1569 Turopolia
1034 1499 1175 1570 ternpore
1209 1491 1343 1551 banatus
1374 1491 1448 1550 dicti
1479 1491 1552 1551 bani

271 1596 376 1675 magis
398 1602 593 1656 restauratus
616 1605 701 1657 esset
724 1616 819 1675 quam
843 1597 1003 1657 desolatus
1027 1605 1098 1677 post
1113 1598 1362 1659 devastationem
1378 1618 1435 1678 per
1450 1600 1551 1659 Tbur·

272 1722 328 1763 cas
350 1702 474 1763 iactam.
500 1704 648 1763 Decimus
672 1705 825 1783 septimus
848 1704 961 1763 nobilis
984 1706 1101 1765 Paulus
1126 1704 1275 1781 Leteniej,
1308 1724 1461 1766 annorum
1493 1707 1549 1767 cir·

159 1824 164 1834 ’
272 1811 348 1871 citer
371 1811 499 1891 triginta
522 1811 667 1890 quinque,
691 1812 794 1871 fassus
819 1820 866 1871 est
890 1811 964 1871 nibil
988 1812 1067 1872 scire
1092 1813 1131 1873 de
1156 1814 1310 1891 aliquibus
1326 1814 1481 1874 violentiis
1497 1824 1552 1874 aut

271 1918 516 1978 desolationibus
538 1919 614 1998 ipsis
639 1919 906 1998 Turopolensibus
929 1920 1030 1996 lactis,
1053 1920 1193 1999 quinimo
1217 1920 1275 1980 sibi
1308 1928 1462 1993 constare,
1492 1922 1550 1981 sub

270 2025 388 2085 banatu
411 2026 552 2085 moderni
575 2027 648 2087 bani
671 2026 775 2106 magis
798 2035 1009 2087 restauratum
1034 2036 1065 2087 et
1088 2028 1119 2087 in
1143 2028 1306 2106 pristinum
1328 2036 1445 2088 statum
1462 2028 1550 2088 resti·

270 2140 372 2191 tutum
395 2133 529 2192 eundem
554 2132 710 2212 Campum
735 2132 906 2211 Turopolia
929 2134 1034 2193 luisse.
1059 2134 1144 2193 Idem
1168 2134 1272 2195 fassus
1303 2135 1359 2195 fuit
1382 2155 1438 2214 pro
1462 2144 1550 2215 parte

271 2225 423 2299 dictorum
446 2240 604 2303 nobilium.
628 2240 776 2300 Decimus
800 2250 932 2300 octavus
955 2240 1067 2300 nobilis
1091 2240 1243 2300 Matthias
1266 2242 1476 2319 Paraminzky
1512 2242 1551 2303 de

270 2348 423 2421 Hrascha,
447 2366 599 2407 annorum
623 2348 734 2429 viginti
757 2348 903 2427 quinque,
925 2347 1031 2407 lassus
1064 2357 1111 2407 est
1140 2368 1174 2407 se
1206 2348 1364 2408 audivisse
1397 2349 1550 2428 quasdam

271 2456 435 2516 violentias
458 2474 515 2535 per
536 2456 695 2516 baramias
718 2456 819 2516 lactas
842 2455 938 2515 fuisse
962 2455 1117 2515 nobilibus
1148 2457 1187 2516 de
1212 2456 1390 2535 Turopolia,
1414 2458 1471 2517 sed
1494 2476 1551 2537 per

273 2582 366 2642 quem
390 2572 421 2623 et
445 2564 577 2643 qualiter
600 2572 632 2623 et
656 2564 713 2637 cui,
728 2563 803 2623 nihil
827 2563 928 2625 sciret.
952 2564 1001 2623 De
1024 2563 1252 2623 restauratione
1273 2572 1378 2624 autem
1393 2563 1452 2623 sibi
1475 2583 1548 2624 con·

250 2679 377 2745 staret,
403 2672 488 2750 quod
511 2671 569 2731 sub
592 2672 744 2731 moderno
773 2671 856 2731 bano
880 2679 964 2731 esset
988 2671 1055 2749 ipse
1079 2670 1221 2750 Cumpus
1249 2671 1419 2749 Turopolia
1444 2672 1549 2731 melio·

272 2787 358 2839 ratus
381 2797 437 2858 per
460 2779 573 2839 omnia.
598 2779 747 2840 Decimus
770 2798 871 2839 nonus
894 2779 1007 2839 nobilis
1036 2780 1148 2839 Petrus
1179 2779 1323 2839 Plechicb
1356 2780 1396 2839 de
1429 2781 1551 2857 eadem,

272 2905 424 2947 annorum
448 2887 558 2968 viginti
582 2896 653 2947 octo
675 2886 780 2946 lassus
803 2895 850 2947 est
875 2887 982 2946 auditu
1006 2887 1050 2945 uti
1064 2885 1249 2946 sedecimus.
1273 2886 1453 2965 Vigesimus
1480 2905 1550 2964 pro·

272 2994 363 3054 vidus
386 2996 498 3054 Petrus
528 2995 677 3068 ernicb‚
707 2995 836 3055 colonus
868 2993 1002 3054 civitatis
1035 2994 1334 3072 Montisgraecensis
1366 2994 1405 3053 de
1438 2994 1550 3054 eadem

272 3101 424 3174 Hrascba,
449 3120 601 3161 annorum
624 3102 843 3182 quadraginta,
866 3101 970 3162 lassus
994 3109 1043 3160 est
1067 3099 1173 3161 auditu
1197 3101 1241 3160 uti
1273 3101 1464 3161 undecimus.
1498 3101 1549 3161 Vi·

272 3209 413 3290 gesimus
447 3209 566 3288 primus
601 3211 751 3288 providus
785 3210 879 3269 Milos
913 3209 1103 3281 Swtilouich‚
1143 3228 1294 3269 annorum
1330 3209 1550 3289 quadraginta,

272 3316 443 3398 vigesimus
467 3317 624 3378 secundus
647 3317 796 3396 providus
819 3318 953 3376 loannes
975 3315 1123 3395 Oparich,
1148 3335 1300 3376 annorum
1331 3316 1549 3396 quadraginta,

271 3433 304 3484 et
326 3424 498 3504 vigesimus
521 3425 631 3485 tertius
654 3424 804 3504 providus
838 3425 987 3484 Nicolaus
1012 3424 1134 3499 Katicb‚
1170 3424 1271 3484 coloni
1303 3425 1474 3483 eorundem
1509 3425 1549 3484 de

272 3533 392 3606 eadem,
415 3532 491 3592 fassi
514 3540 587 3592 sunt
610 3533 718 3592 auditu
741 3532 785 3591 uti
807 3533 1002 3593 undecimus.
1027 3531 1208 3611 Vigesimus
1239 3539 1369 3610 quartus
1401 3531 1550 3609 providus

272 3640 399 3700 Marcus
422 3635 620 3700 Sutilowicb³
643 3659 795 3700 annorum
819 3639 1037 3721 qnadraginta,
1062 3649 1093 3700 et
1125 3639 1298 3720 vigesimus
1322 3639 1447 3719 quintus
1478 3658 1549 3718 pro·

271 3749 362 3808 vidus
384 3749 501 3808 Paulus
525 3749 666 3825 Stywko,
690 3767 842 3808 annorum
866 3748 978 3826 viginti
1002 3748 1147 3826 quinque,
1172 3747 1273 3807 coloni
1304 3747 1477 3806 eorundem
1510 3747 1549 3806 de

272 3857 393 3932 eadem,
417 3855 492 3916 lassi
516 3865 588 3916 sunt
613 3857 720 3916 auditu
744 3855 788 3916 uti
812 3855 951 3915 decimus
975 3863 1115 3915 octavus.
1139 3854 1319 3934 Vigesimus
1350 3861 1456 3913 sextus
1479 3873 1549 3932 pro-

271 3964 362 4024 vidus
386 3965 519 4023 Ioannes
544 3964 722 4038 Malossicb‚
746 3965 874 4023 colonus
899 3962 1071 4022 eorundem
1095 3962 1134 4021 de
1159 3962 1279 4036 eadem,
1297 3979 1448 4020 annorum
1463 3967 1548 4020 octo·

272 4071 384 4149 decim,
408 4072 447 4131 de
471 4071 652 4150 praemissis
675 4071 750 4130 nihil
774 4070 853 4130 scire
877 4071 981 4130 lassus
1006 4077 1062 4130 est
1087 4069 1266 4148 Vigesimus
1290 4067 1441 4146 septimus
1458 4085 1548 4147 egre·

273 4181 344 4260 gius
369 4178 523 4238 Melchior
546 4179 668 4257 Tompa
692 4178 732 4237 de
762 4179 941 4250 Horcboua,
976 4177 1106 4250 vicinus,
1142 4194 1294 4236 annorum
1330 4175 1550 4255 quadraginta,

272 4288 376 4348 lassus
400 4294 449 4346 est
472 4286 516 4346 uti
540 4286 679 4347 decimus
704 4294 843 4345 octavus.
869 4284 1049 4364 Vigesimus
1073 4294 1204 4344 octavus
1220 4301 1393 4362 generosus
1408 4281 1548 4343 Cbristo·

273 4395 390 4473 phorus
423 4393 659 4453 Memiauchieh
682 4394 722 4453 de
746 4392 947 4465 Brezouicza,
971 4391 1141 4452 vicebanus
1177 4399 1209 4451 et
1240 4409 1346 4449 comes
1381 4388 1550 4450 Crisiensis

273 4510 304 4561 et
326 4500 551 4580 Zagrabiensis
576 4501 788 4574 comitatuum,
804 4518 957 4559 annorum
975 4498 1186 4578 quadraginta
1201 4498 1347 4576 quinque,
1363 4497 1441 4556 feria
1456 4497 1549 4557 tertia

270 4609 412 4688 proxima
436 4621 507 4688 post
538 4608 725 4668 dominicam
760 4607 996 4686 Sexagesimae,
1027 4606 1166 4684 proxime
1196 4597 1420 4683 praeteritam⁴‚
1444 4604 1548 4664 fassus

271 4725 328 4790 est,
351 4716 435 4794 quod
458 4716 525 4796 ipse
549 4715 665 4775 domini
689 4713 737 4774 sui
761 4714 835 4774 bani
858 4723 942 4773 esset
965 4715 1176 4793 vicesgerens,
1192 4713 1435 4791 capitaneusque
1452 4731 1548 4791 gene·

270 4823 353 4899 ralis,
376 4841 474 4902 penes
498 4841 589 4901 quern
614 4821 725 4881 fuisset
748 4821 906 4901 generalis
931 4821 1157 4881 administratio
1174 4819 1378 4880 confiniorum
1392 4827 1423 4877 et
1439 4819 1547 4878 autho·

269 4931 347 4996 ritas
370 4929 568 5015 gubernandi
600 4943 670 4996 cum
694 4927 848 4988 vaiuodas
879 4936 946 4989 tum
976 4935 1119 5008 caeteros
1149 4926 1261 4988 milites
1293 4932 1324 4984 et
1355 4934 1418 4984 tam
1451 4924 1548 5003 ipsius

1442 5049 1457 5106 l
