3934 5550
415 430 480 491 470

520 645 571 706 Ad
595 647 613 722 ἓ
642 642 689 705 16.
713 644 877 704 Nobilibus
904 644 1018 723 Campi
1042 643 1213 722 Turopolja
1236 665 1393 705 summum
1424 644 1572 705 inferetur
1603 666 1693 724 prae-

413 753 569 828 iudicium,
593 754 618 813 si
642 752 708 812 iure
733 772 802 812 cum
834 752 964 830 privatis
998 752 1088 812 bonis
1114 752 1200 811 iuxta
1223 752 1382 831 proprium
1407 752 1566 812 arbitrium
1591 753 1694 831 dispo-

414 860 517 935 nendi,
541 859 639 919 cuivis
671 860 792 938 patriae
819 859 879 917 civi
903 858 998 918 etiam
1021 859 1150 939 ignobili
1173 867 1379 938 competente,
1403 860 1487 919 exuti
1510 856 1633 936 luerint,
1657 880 1693 920 ac

414 975 506 1045 prout
540 967 581 1027 ad
612 969 642 1042 a)
674 965 909 1044 praescribitur:
934 965 1051 1026 nullam
1076 965 1335 1026 abalienationem
1367 967 1444 1026 citra
1478 967 1618 1027 altiorem
1649 967 1694 1026 in-

415 1075 533 1134 dultum
564 1074 723 1152 suscipere
756 1072 914 1147 auderent,
946 1080 977 1133 et
1010 1074 1090 1131 sicut
1113 1073 1153 1132 ad
1176 1073 1208 1149 b)
1232 1073 1408 1153 imponitur,
1444 1092 1582 1134 annuum
1605 1093 1694 1154 prae·

414 1183 555 1241 liminare
579 1180 797 1261 erogationum
821 1198 948 1239 suarum
968 1180 1212 1239 domesticarum
1235 1199 1274 1239 ex
1297 1179 1515 1241 communibus
1538 1181 1618 1258 licet,
1634 1180 1695 1259 pri·

415 1290 526 1349 vativis
556 1299 662 1349 tamen
693 1287 896 1366 proventibus
928 1287 994 1347 suis
1021 1288 1238 1368 tegendarum,
1262 1307 1359 1366 scopo
1382 1288 1546 1349 revisionis
1570 1298 1695 1349 exacto·

415 1396 488 1457 ralis
522 1395 650 1456 consilio
682 1395 770 1475 regio
797 1395 1062 1454 locumtenentiali
1088 1395 1261 1475 hungarico
1293 1395 1493 1456 substernere
1524 1397 1696 1470 debuerint,

417 1505 457 1564 ad
481 1504 564 1583 quod
587 1503 812 1582 praestandum
835 1502 1040 1581 hucadusque
1064 1521 1224 1581 nunquam
1249 1503 1351 1563 adhuc
1374 1502 1504 1584 obligati
1528 1512 1625 1564 erant.

524 1612 574 1671 Ad
597 1614 615 1687 ἓ
640 1608 691 1671 21,
715 1609 749 1669 Si
773 1609 1012 1670 communitates
1036 1610 1216 1670 nobilitates
1239 1612 1336 1670 relate
1355 1611 1396 1671 ad
1411 1611 1544 1690 qualiter
1568 1612 1695 1672 circum-

416 1719 614 1780 scribendum
648 1717 757 1796 pascui
789 1736 880 1777 usum
909 1716 1138 1795 propositiones
1161 1719 1274 1793 lacere,
1299 1726 1331 1778 et
1354 1719 1560 1799 congregatio
1583 1719 1697 1797 Campi

417 1812 547 1887 eatenus
571 1834 722 1887 statutum
746 1826 881 1885 condere
905 1825 1050 1903 potuerit,
1067 1824 1300 1887 contribuentes
1317 1826 1418 1886 coloni
1442 1827 1473 1886 in
1497 1826 1620 1906 Campo
1644 1828 1697 1887 de·

415 1943 535 2016 gentes,
568 1933 693 1994 arbitrio
724 1932 874 1993 nobilium
905 1931 1008 1993 taliter
1031 1934 1215 2011 exponendi,
1246 1935 1287 1994 ad
1319 1935 1415 1994 multo
1439 1935 1635 2009 deteriorem,
1660 1954 1698 1995 ac

415 2044 550 2103 hucdum
586 2042 794 2121 praefuerant,
830 2041 923 2101 situm
957 2041 1169 2116 detrudentur,
1204 2041 1366 2122 hucusque
1397 2042 1480 2103 enim
1511 2062 1635 2122 semper
1666 2044 1697 2104 in

417 2151 621 2230 praevigente
645 2169 704 2209 usu
728 2149 906 2209 conservari
931 2149 1114 2222 debuerunt,
1139 2150 1284 2228 nullaque
1308 2150 1439 2210 mutatio
1461 2151 1521 2210 hoc
1545 2151 1577 2212 in
1599 2170 1697 2229 passu

418 2258 496 2318 citra
518 2276 700 2337 processum
724 2256 911 2315 urbarialem
936 2258 1038 2317 locum
1061 2255 1180 2319 habuit.

524 2364 575 2425 Ad
591 2368 609 2442 ᾗ
627 2362 677 2424 23.
701 2364 852 2425 Clausula
867 2362 993 2425 initialis
1009 2364 1201 2445 paragraphi
1222 2366 1329 2424 huiusi
1353 2366 1438 2443 quod
1454 2374 1570 2426 statuta
1585 2366 1699 2445 Campi

418 2472 607 2545 immediate,
623 2471 739 2550 quippe
756 2480 828 2531 ante
845 2471 1150 2550 superinducendam
1170 2472 1420 2533 ratihabitionem
1437 2475 1558 2553 regiam
1575 2475 1699 2535 effectui

420 2580 486 2639 dari
504 2580 633 2659 possint,
649 2578 833 2657 periculosa,
858 2578 990 2638 acideo
1015 2579 1108 2639 etiam
1134 2598 1190 2658 per
1213 2598 1279 2639 exc.
1303 2598 1450 2657 proceres
1467 2590 1612 2661 respectu
1628 2582 1715 2642 libe-'

419 2707 523 2747 rarum
549 2696 581 2747 et
604 2687 762 2767 regiarum
787 2686 948 2746 civitatum
964 2686 1080 2746 reiecta
1104 2695 1161 2747 est.

526 2795 576 2855 Ad
600 2798 617 2873 ξ
643 2793 693 2858 26.
718 2796 768 2855 Ad
792 2796 873 2854 hanc
897 2795 1112 2875 cathegoriam
1143 2814 1267 2874 quoque
1292 2797 1401 2856 recidit
1431 2795 1586 2876 appendix
1611 2817 1702 2876 para·

419 2902 532 2984 graphi
554 2902 646 2963 huius
669 2902 915 2981 propositionem
944 2903 1054 2962 intuitu
1083 2903 1191 2963 statuti
1217 2904 1457 2982 praeexistentis
1481 2924 1577 2983 scopo
1600 2907 1703 2986 magis

419 3009 645 3072 accomodandi
669 3010 768 3070 altiori
799 3009 1016 3069 ratihabitione
1041 3029 1104 3070 non
1127 3030 1223 3090 egere
1246 3011 1388 3085 innuens,
1412 3012 1455 3071 ita
1479 3013 1571 3073 etiam
1596 3014 1633 3089 ἐξ
1658 3011 1701 3074 28

418 3127 450 3178 et
472 3115 523 3180 29.
548 3118 671 3176 excelso
688 3117 815 3178 consilio
841 3137 895 3194 pro
919 3118 1137 3179 ratihabitione
1153 3120 1203 3179 vel
1223 3120 1442 3197 reprobatione
1466 3120 1700 3181 condendorum

419 3233 605 3286 statutorum
636 3225 802 3284 terminum
833 3226 989 3302 praeclusi
1021 3227 1112 3286 unius
1146 3227 1310 3287 trimestris
1343 3228 1600 3306 praescribentes.

527 3333 577 3392 Ad
608 3336 626 3408 β
658 3330 709 3394 33.
743 3341 775 3391 et
807 3331 858 3394 34.
892 3365 934 3378 -·
965 3334 983 3408 ἓ
1017 3330 1069 3392 33.
1101 3333 1133 3392 in
1165 3335 1387 3414 congressibus
1410 3335 1541 3413 publicis
1565 3335 1614 3395 ius
1638 3334 1704 3395 voti

420 3449 542 3518 praeter
566 3459 630 3514 eos,
653 3440 706 3518 qui
726 3441 876 3500 hactenus
900 3440 932 3500 in
956 3458 1015 3500 usu
1040 3440 1107 3500 eius
1123 3442 1335 3519 praefuerunt,
1350 3443 1444 3501 etiarn
1468 3442 1526 3504 illis
1551 3443 1703 3502 tribuitur,

419 3546 549 3626 quitali
573 3547 603 3605 in
627 3547 823 3606 comitatibus
848 3547 932 3607 iuxta
956 3549 1154 3608 condendam
1177 3550 1281 3629 legem
1304 3549 1444 3626 gavisuri
1468 3558 1548 3624 sunt,
1573 3558 1604 3609 et
1627 3569 1701 3610 mox

420 3653 577 3731 subsequo
609 3655 808 3734 paragrapho
844 3663 975 3716 cunctae
999 3655 1074 3714 iuris
1097 3656 1211 3734 publici
1235 3657 1457 3717 correlationes
1481 3659 1561 3717 intra
1584 3658 1703 3718 incolas

423 3779 478 3837 per
510 3761 747 3840 praevigentem
780 3763 1039 3823 consuetudinem
1063 3763 1185 3822 definiri
1208 3772 1412 3842 exponuntur,
1436 3765 1518 3824 unde
1543 3765 1704 3826 intrabas

421 3868 499 3927 duas
531 3867 724 3944 provisiones
753 3869 883 3929 evidens
916 3877 964 3930 est
996 3870 1209 3942 contradictio,
1252 3879 1417 3949 postquam
1452 3880 1583 3943 constat,
1618 3874 1703 3951 quod

420 3973 533 4051 Campi
556 3972 727 4052 Turopolja
750 3976 869 4037 nobiles
894 3977 1063 4056 singilativi
1086 3977 1133 4036 ius
1158 3979 1221 4038 voti
1246 3979 1276 4037 in
1300 3979 1479 4039 domesticis
1496 3999 1620 4059 quoque
1636 3981 1703 4039 suis

421 4081 642 4160 congressibus
666 4103 727 4142 non
753 4084 925 4156 habuerint,
950 4104 1011 4163 quo
1037 4095 1140 4145 tamen
1165 4085 1286 4145 nobiles
1317 4105 1427 4146 omnes
1450 4087 1481 4146 in
1506 4087 1703 4147 comitatibus

420 4189 677 4266 indisputabiliter
709 4192 857 4270 gaudent,
889 4193 948 4252 hoc
979 4193 1109 4269 proinde
1141 4193 1217 4270 ipsis
1249 4212 1303 4271 per
1337 4195 1355 4269 §
1390 4191 1441 4252 33.
1477 4195 1703 4255 concederetur

421 4294 617 4373 singillativis
652 4297 805 4357 nobilibus
841 4298 871 4357 in
908 4298 1031 4377 Campo
1068 4299 1162 4358 etiam
1185 4298 1365 4377 Turopolja,
1388 4319 1444 4380 per
1468 4303 1701 4381 paragraphum

421 4419 498 4461 vero
535 4400 586 4462 34.
618 4411 795 4482 negaretur,
828 4414 861 4464 ut
891 4407 971 4466 adeo
1007 4407 1192 4485 innegabilis
1221 4408 1331 4466 exhinc
1367 4408 1456 4486 sequi
1490 4409 1618 4468 deberet
1655 4429 1703 4469 re·

419 4529 487 4569 rum
520 4511 670 4588 conlusio,
705 4533 785 4590 quae
818 4533 872 4592 per
905 4515 935 4573 id
967 4515 1062 4574 etiam
1094 4524 1270 4595 augeretur,
1303 4517 1387 4594 quod
1418 4518 1436 4592 §
1469 4514 1520 4577 40.
1553 4517 1620 4592 illis,
1652 4517 1703 4595 qui

421 4617 508 4678 iuxta
531 4620 548 4695 §
574 4615 625 4678 33.
658 4619 723 4679 iure
758 4620 917 4680 electionis
947 4622 1107 4700 pollerent,
1134 4622 1267 4682 facultas
1290 4623 1510 4702 magistratum
1534 4625 1703 4684 communi·

420 4723 496 4786 tatis
526 4727 662 4806 eligendi
692 4729 852 4803 tribuatur,
882 4738 1071 4808 quapropter
1102 4740 1199 4790 totum
1224 4730 1284 4789 hoc
1307 4731 1463 4789 obiectum
1488 4731 1528 4789 ad
1552 4731 1702 4791 maiorem

423 4833 595 4894 claritatem
619 4837 837 4896 deducendum
861 4847 979 4897 restare
1005 4838 1164 4897 indubium
1188 4846 1244 4904 est,
1268 4838 1321 4896 ubi
1345 4839 1448 4898 adhuc
1471 4839 1703 4898 observandum

424 4942 518 5018 venit,
541 4943 625 5021 quod
649 4944 688 5003 de
712 4944 847 5004 incolatu
872 4953 902 5004 et
919 4947 1064 5006 domicilii
1089 4947 1268 5027 acquirendi
1292 4948 1402 5024 modis,
1426 4949 1531 5008 demta
1555 4948 1703 5032 generice
