3934 5550
390 427 459 490 ’386

394 642 565 703 tiva'nova
588 641 671 701 bona
695 649 800 719 empta
824 660 862 700 ex
885 639 1099 717 Syljakovina,
1127 640 1286 698 fornacem
1315 639 1485 716 pistoream
1513 637 1672 716 antiquam

394 759 476 811 tecto
500 770 563 810 non
586 751 669 809 bono
692 749 860 828 provisam.

502 855 552 920 23.
569 856 689 917 Nobilis
701 856 834 916 loannes
851 857 972 934 Evang.
990 854 1147 932 Plepelich
1163 854 1295 913 larichin
1311 854 1421 926 dictus,
1436 853 1532 912 habet
1547 853 1674 912 domum

394 967 425 1025 in
449 966 531 1025 bono
555 965 672 1043 optimo
704 971 796 1038 statu,
828 963 924 1022 horea
956 961 1018 1020 duo
1043 961 1172 1040 antiqua
1205 961 1313 1020 ruinae
1341 960 1482 1039 proxima
1514 961 1571 1020 sed
1607 969 1677 1038 post

395 1074 511 1152 aliquot
535 1093 634 1134 annos
658 1071 757 1151 primo
782 1071 906 1130 novitus
931 1069 1107 1149 errigenda,
1138 1071 1233 1128 haras
1254 1068 1458 1147 biangulares
1482 1088 1523 1127 an
1547 1067 1567 1127 5
1592 1068 1675 1126 clau·

394 1200 493 1255 surae,
516 1199 573 1258 pro
596 1179 709 1258 quibus
731 1178 794 1238 iarn
820 1178 937 1256 aliquot
961 1177 1073 1236 robora
1097 1177 1240 1236 nimirum
1265 1176 1296 1234 in
1318 1175 1486 1235 medietate
1509 1174 1613 1248 habet,
1636 1193 1674 1234 ex

395 1289 530 1368 antiquis
554 1295 658 1348 autem
682 1287 767 1347 haris
791 1285 949 1345 maialium
974 1284 1151 1345 aedificium
1167 1284 1314 1345 facturus.
1338 1283 1508 1343 Cameram
1530 1283 1571 1342 ad
1595 1283 1674 1341 duas

396 1397 558 1456 clausuras
582 1396 717 1468 bonam3
741 1394 815 1453 item
831 1393 1022 1452 camerulam
1046 1410 1144 1470 penes
1166 1392 1292 1451 hortum
1313 1391 1472 1468 antiquam
1495 1389 1675 1467 pavimento

395 1502 605 1582 indigentem3
640 1501 713 1561 item
738 1501 929 1560 camerulam
954 1508 1027 1558 ante
1056 1501 1182 1559 domum
1213 1498 1342 1558 basibus
1365 1497 1566 1577 indigentem,
1601 1497 1675 1556 item

394 1610 585 1670 camerulam
615 1616 687 1687 post
711 1606 873 1685 antiquum
897 1608 1044 1666 horreum
1067 1607 1192 1681 bonam,
1228 1605 1361 1665 culinam
1391 1603 1578 1665 forinsecam
1603 1623 1674 1663 cum

394 1717 522 1777 fornace
546 1717 691 1795 pistorea,
707 1714 870 1792 perpluum
895 1720 1013 1772 tectum
1036 1714 1204 1773 habentem
1229 1712 1455 1785 adinvenimus,
1471 1730 1552 1790 quae
1574 1710 1677 1770 culina

397 1825 525 1885 basibus
549 1823 677 1903 indiget.

504 1930 555 1992 24.
586 1929 707 1990 Nobilis
739 1927 876 1987 Mathias
907 1926 1084 1985 Kussevich
1108 1927 1204 1986 habet
1226 1925 1257 1985 in
1281 1927 1395 1985 misero
1419 1932 1502 1985 statu
1529 1925 1675 1985 horreum

396 2041 562 2111 mediocre,
593 2039 687 2097 haras
718 2037 758 2095 ad
790 2036 951 2094 clausuras
983 2032 1004 2092 4
1036 2033 1119 2093 bono
1150 2033 1330 2111 pavimento
1353 2033 1489 2093 inferiori
1524 2039 1676 2106 carentes,

396 2146 597 2225 foenilegium
633 2143 794 2222 antiquum
831 2141 961 2202 basibus
996 2141 1124 2220 indiget,
1159 2159 1318 2200 cameram
1365 2141 1512 2202 frumenti
1546 2142 1676 2220 perpluo

397 2263 479 2313 tecto
504 2251 653 2312 assericio
677 2250 844 2328 provisam,
876 2249 1018 2307 harulam
1052 2248 1200 2307 alatilium
1233 2248 1345 2307 nullius
1369 2248 1492 2325 valoriS,
1516 2248 1674 2308 stabulum

397 2361 559 2438 antiquum
593 2357 721 2417 basibus
755 2357 884 2435 indiget,
909 2365 940 2414 et
963 2356 1143 2434 pavimento
1177 2356 1323 2432 inferiori,
1358 2356 1493 2416 culinam
1517 2357 1675 2435 antiquam

397 2469 558 2547 perpluum
583 2472 699 2525 tectum
724 2465 901 2540 habentem,
925 2463 1016 2523 simul
1040 2483 1111 2522 cum
1134 2463 1260 2523 fornace
1285 2465 1429 2542 pistorea

505 2573 557 2633 25.
581 2573 700 2633 Nouus
724 2571 871 2651 Georgia
896 2571 1084 2630 urkurchicn
1108 2571 1204 2630 habet
1227 2572 1344 2631 curiam
1362 2572 1522 2650 antiquam
1543 2572 1676 2651 elangu-

397 2683 504 2754 larem,
527 2680 580 2739 ubi
604 2698 698 2739 unam
733 2689 853 2757 partem
878 2678 1037 2737 meliorem
1069 2678 1194 2738 domino
1219 2681 1355 2756 parocho
1386 2679 1568 2738 Goriczensi
1602 2697 1677 2738 ven·

399 2788 485 2862 didit,
509 2788 601 2847 aliam
633 2797 754 2865 partem
786 2786 993 2864 antiquiorem
1023 2787 1127 2865 magis
1160 2786 1318 2846 ruinosam
1349 2806 1406 2865 pro
1437 2806 1472 2846 se
1496 2787 1678 2861 reservavit,

398 2914 480 2976 quae
504 2914 577 2974 pars
602 2913 718 2974 magna
742 2893 940 2970 reparatione
964 2893 1092 2973 indiget,
1108 2903 1141 2953 et
1155 2902 1271 2953 tectum
1296 2895 1388 2954 valde
1412 2896 1575 2973 perpluum
1593 2914 1677 2954 asse-

397 3003 515 3076 ricium,
539 3020 596 3080 pro
620 3020 682 3079 qua
714 2999 800 3059 curia
823 3000 916 3059 bases
947 2999 1044 3059 habet
1075 3001 1137 3060 iam
1165 3001 1274 3077 factas,
1298 3002 1355 3061 sed
1380 3001 1447 3062 aliis
1471 3020 1527 3080 pro
1551 3020 1676 3080 repara-

398 3110 483 3169 tione
513 3108 607 3187 lignis
640 3106 799 3187 indigebit,
831 3107 977 3166 horreum
1001 3107 1115 3166 bonum
1140 3109 1268 3168 basibus
1300 3108 1451 3188 indigebit
1473 3119 1591 3187 postea
1615 3108 1678 3167 Cu-

397 3217 494 3275 tinam
526 3234 596 3301 cum
629 3216 755 3273 lomace
786 3213 924 3292 pistorea
955 3213 986 3273 in
1019 3214 1136 3291 optimo
1160 3224 1251 3290 statu,
1278 3218 1373 3275 haras
1398 3216 1601 3296 biangulares
1624 3236 1677 3276 an·

399 3323 502 3401 tiquas
525 3321 626 3381 bonas
657 3341 749 3382 secus
774 3320 812 3379 ad
838 3320 1000 3380 clausuras
1025 3321 1045 3380 5
1069 3322 1249 3400 pavimento
1283 3343 1344 3383 non
1368 3324 1451 3383 bono
1483 3324 1625 3402 provisas
1648 3333 1679 3383 et

400 3430 531 3488 basibus
554 3437 665 3507 postea
690 3428 882 3508 indigebunt,
905 3428 1000 3487 haras
1024 3428 1182 3491 maialium
1214 3431 1254 3489 ad
1288 3450 1381 3491 unam
1412 3432 1589 3490 clausuram
1614 3451 1677 3491 me·

401 3538 524 3595 diocres
557 3536 737 3613 pavimento
760 3536 842 3595 bono
873 3544 1025 3609 carentes
1050 3537 1143 3596 haras
1168 3538 1317 3597 alatilium
1341 3537 1469 3598 basibus
1492 3539 1679 3619 indigentes

400 3662 557 3704 cameram
577 3643 722 3703 frumenti
738 3644 854 3703 bonam
877 3663 1002 3713 novam,
1018 3645 1198 3723 pavimento
1215 3655 1316 3719 caret;
1339 3647 1414 3707 item
1429 3648 1574 3707 horreum
1593 3648 1676 3707 aliud

399 3753 514 3811 bonum
540 3770 664 3828 novum,
696 3752 919 3811 columbarium
945 3752 975 3810 in
999 3754 1082 3813 malo
1108 3761 1199 3827 statu,
1236 3754 1329 3814 habet
1352 3755 1391 3814 de
1423 3754 1581 3814 asseribus
1605 3756 1679 3815 Nro.

400 3856 482 3931 900;
506 3858 579 3917 item
604 3867 740 3935 puteum,
764 3858 838 3918 nihil
862 3859 954 3918 valet.

509 3962 559 4027 26.
583 3964 703 4024 Nobilis
727 3967 860 4025 loannes
884 3966 1006 4045 Evang.
1023 3967 1157 4026 Terbich
1175 3968 1270 4026 habet
1286 3968 1412 4029 domum
1432 3987 1547 4029 novam
1565 3969 1679 4029 bonam

402 4071 545 4130 omnibus
561 4072 747 4132 necessariis
761 4072 928 4150 provisam.
953 4074 1030 4133 ltem
1044 4074 1190 4134 horreum
1206 4094 1323 4134 novum
1342 4076 1458 4135 bonum
1474 4076 1582 4150 habet;
1606 4077 1680 4137 item

403 4177 497 4237 habet
528 4178 689 4256 antiquum
720 4180 866 4238 horreum
897 4198 958 4239 non
984 4180 1067 4241 bona
1098 4190 1188 4259 porta
1211 4181 1371 4260 provisum
1395 4183 1562 4257 mediocre,
1585 4184 1679 4244 haras

401 4285 602 4365 triangulares
626 4306 726 4347 novas
759 4288 866 4361 bonas,
882 4307 944 4347 una
968 4308 1038 4348 cum
1063 4289 1185 4349 stabulo
1211 4289 1250 4347 ad
1274 4289 1435 4349 clausuras
1459 4289 1489 4365 7,
1512 4291 1602 4350 bonis
1626 4311 1679 4370 pa-

315 4474 317 4481 ‚
401 4392 545 4451 vimentis
580 4411 643 4453 non
679 4394 829 4471 provisas,
861 4410 917 4472 pro
941 4395 1054 4473 quibus
1085 4395 1272 4473 pavimentis
1295 4396 1357 4456 iarn
1382 4397 1528 4476 aquisivit
1552 4400 1679 4459 arbores

401 4497 420 4557 3
446 4500 495 4559 die
532 4498 579 4561 15.
604 4500 705 4559 martii
732 4498 841 4577 1796.;
874 4500 947 4560 item
972 4502 1120 4561 alatilium
1152 4504 1246 4563 haras
1270 4504 1301 4563 in
1324 4506 1473 4565 mediocri
1504 4514 1596 4580 statu,
1628 4527 1679 4566 cu·

398 4606 494 4665 linam
526 4607 688 4684 parvulam
720 4626 790 4667 eum
822 4609 948 4669 fornace
979 4610 1116 4687 pistorea
1140 4610 1170 4669 in
1194 4612 1277 4669 malo
1301 4619 1398 4687 statu;
1422 4613 1496 4673 item
1521 4633 1679 4673 cameram

399 4713 545 4772 frumenti
579 4714 618 4773 ad
651 4715 729 4773 duas
754 4716 916 4776 clausuras
952 4717 1097 4796 antiquas
1121 4717 1150 4775 in
1175 4719 1258 4776 bono
1293 4726 1392 4793 statu;
1425 4721 1498 4780 item
1522 4723 1679 4781 camerula
1713 4778 1717 4785 .

402 4820 537 4881 Ladislai
570 4822 692 4898 privata
716 4832 820 4900 empta
845 4824 916 4883 olim
942 4826 972 4883 in
996 4826 1079 4884 bono
1103 4835 1202 4899 statu;
1226 4826 1300 4886 item
1325 4828 1385 4886 alia
1408 4829 1533 4888 loannis
1556 4830 1678 4910 Evang.

401 4928 531 5005 privata,
568 4939 673 5007 empta
704 4949 723 4989 a
755 4932 891 4991 Luchich
920 4932 1028 4992 Grana
1051 4933 1149 5007 dicto,
1185 4934 1259 4994 item
1283 4935 1388 4994 uxoris
1412 4936 1552 4996 eiusdem
1576 4956 1678 4997 came·
