3934 5550
868 629 946 717 30.
1010 676 1013 685 ·
1078 654 1080 661 ’

266 810 283 906 ⁴⁴
314 896 318 905 .
371 807 465 867 Anno
492 783 586 898 1602.
610 807 661 873 29.
684 808 796 896 martii.
821 786 982 907 Plagae(

265 998 468 1087 eutropius
499 982 780 1087 refrangante
817 1005 876 1067 etc.
910 1021 980 1082 rex,
1007 1002 1229 1089 privelegium
1270 998 1482 1067 serenam
1520 998 1546 1067 J.

266 1105 473 1193 Hungarioe
505 1111 565 1173 eie.
599 1110 701 1195 regis,
732 1131 762 1174 o.
798 1112 885 1188 1548.
921 1124 966 1186 25.
1006 1109 1198 1175 rwoembris
1237 1110 1413 1193 (exemptio
1453 1108 1545 1173 nobi·

262 1246 265 1250 ·
308 1228 311 1232 ·
382 1214 469 1279 lium
492 1216 602 1313 unius
623 1216 789 1281 sessionis
810 1238 833 1279 a
855 1215 1025 1281 solutione
1048 1220 1222 1295 taxarum)
1240 1214 1433 1300 confirmat.
1447 1214 1460 1305 1'
1535 1218 1538 1225 '

359 1412 438 1471 Nos
461 1413 646 1493 Rvdolphus
668 1416 827 1475 secundus
851 1414 958 1475 divina
984 1414 1110 1475 favente
1142 1415 1307 1475 clementia
1338 1415 1455 1475 electus
1487 1416 1545 1475 Ro-

269 1538 433 1581 manorum
457 1521 627 1600 imperator
650 1542 775 1601 semper
798 1531 960 1603 augustus,
986 1539 1024 1583 ac
1048 1522 1247 1599 Germaniae,
1270 1523 1463 1603 Hungariae,
1484 1524 1546 1583 Bo-

270 1629 616 1705 hemiae,1·Dalmatiae‚
633 1651 634 1654 ¹
649 1630 807 1705 Croatiae,
839 1630 1037 1709 Sclauoniae,
1072 1624 1199 1703 Ramae,
1231 1630 1370 1705 Serviae,
1394 1630 1547 1705 Gallitiae,

270 1736 486 1811 Lodomeriae,
501 1736 686 1813 Cumaniae,
701 1737 932 1818 Belgariaeque
956 1746 1015 1799 etc.
1046 1757 1109 1811 rex,
1133 1736 1282 1798 archidux
1307 1736 1461 1812 Austriae,
1485 1737 1546 1795 dux

269 1843 482 1921 Burgundiae,
504 1845 704 1918 Brabantiae‚
735 1845 867 1921 Styriae,
899 1844 1092 1919 Corinthiae,
1116 1844 1292 1919 carniolae,
1316 1844 1455 1905 marchio
1480 1844 1547 1903 Mo·

268 1950 392 2026 raviae,
409 1953 472 2012 dux
496 1953 745 2033 Lucemburgae,
770 1972 808 2011 ac
830 1953 1008 2032 Superioris
1033 1962 1063 2012 et
1095 1952 1254 2012 lnlerioris·
1279 1952 1419 2031 Silesiae‚
1443 1952 1543 2011 Wier·

266 2058 471 2140 thembergae
495 2074 526 2119 et
549 2062 688 2133 Tbekae,
719 2059 865 2139 princeps
896 2061 1043 2134 Sueuiae,
1065 2080 1175 2121 comes
1197 2060 1388 2143 Habspurgi,
1413 2060 1545 2137 l'yrolis,

268 2166 395 2238 Ferreti,
418 2167 563 2248 Kyburgi
586 2176 619 2228 et
639 2168 1019 2248 Goritiae,·landgravius
1042 2168 1193 2244 A'lsatiae,
1214 2168 1355 2229 marchio
1379 2168 1460 2227 sacri
1480 2166 1543 2226 «Ro-

265 2274 351 2333 mani
383 2274 504 2353 imperii
536 2294 633 2353 supra
664 2276 806 2335 Anasum
838 2275 1026 2355 Burgouiae,
1052 2296 1089 2337 ac
1120 2274 1298 2354 Superioris
1330 2284 1361 2335 et
1392 2274 1548 2335 Inferioris

267 2380 425 2455 Lusatiae,
449 2381 593 2441 dominus
617 2382 775 2442 marchiae
798 2382 1013 2457 Sclauonicae,
1037 2384 1150 2443 Portus
1175 2382 1293 2443 Naonis
1318 2390 1349 2443 et
1371 2382 1547 2443 Salinarum

268 2497 336 2564 etc,
358 2489 529 2549 memoriae
553 2490 810 2551 commendamus
833 2502 942 2551 tenore
961 2490 1174 2570 praesentium
1197 2491 1412 2572 significantes
1436 2487 1548 2569 quibus

269 2596 395 2675 expedit
418 2597 581 2658 universis.
612 2598 706 2673 Quod
728 2618 786 2677 pro
810 2609 898 2678 parte
922 2608 954 2659 et
976 2600 1008 2659 in
1032 2599 1174 2678 personis
1206 2600 1342 2660 fidelium
1370 2606 1547 2661 nostrorum

260 2702 485 2767 ‚universorum
523 2704 617 2763 unius
653 2705 803 2765 sessionis
838 2707 987 2767 nobilium
1023 2706 1103 2766 intra
1138 2706 1289 2766 ambitum
1325 2706 1414 2788 regni
1448 2704 1546 2765 nostn'

266 2811 453 2871 Sclauoniae
483 2813 752 2890 commorantium,
775 2813 931 2874 exhibitae
952 2814 1138 2875 suntnobis
1162 2816 1194 2874 et
1208 2807 1546 2893 ,praesentataequaess

269 2919 341 2978 dam
365 2918 473 2979 literae
498 2920 701 2980 sacratissimi
725 2922 884 3000 quondam
907 2923 1057 3001 principis
1080 2921 1198 2981 domini
1221 2917 1542 2982 FerdinandiRoma·

268 3045 441 3103 manorum,
463 3026 657 3108 Hungariae,
688 3028 860 3089 Bohemiae
884 3039 941 3094 etc.
965 3030 1060 3109 regis,
1094 3029 1286 3090 dominiavi
1310 3029 1407 3090 nostri
1431 3029 1547 3090 charis·

268 3134 337 3193 simi
361 3142 492 3194 sanctae,
513 3137 694 3213 memoriae,
708 3135 929 3217 privilegiales,
952 3137 984 3196 in
1007 3155 1203 3217 pergameno
1217 3143 1361 3214 patenter
1377 3137 1547 3213 coniectae,

266 3241 431 3320 sigilloque
450 3242 603 3302 eiusdem
634 3251 766 3316 secreto,
798 3263 860 3322 quo
892 3253 926 3303 ut
956 3262 1010 3303 rex
1044 3244 1228 3324 Hungariae
1261 3241 1406 3304 utebatur
1429 3245 1546 3323 impen-

267 3347 361 3422 denti,
394 3358 425 3407 et
456 3350 601 3435 propriae
624 3370 738 3410 manus
768 3369 845 3411 suae
868 3351 1052 3411 maiestatis
1066 3351 1294 3430 subscriptione
1330 3351 1547 3423 communitae,

269 3455 381 3532 quibus
404 3455 613 3516 mediantibus
637 3476 694 3516 sua
717 3457 1038 3536 maiestasquasdam
1054 3459 1160 3519 literas
1175 3457 1365 3519 serenissimi
1389 3459 1547 3538 quondam

267 3562 415 3641 principis
439 3563 556 3624 domini
579 3565 734 3626 Matthiae
758 3566 899 3625 similiter
922 3567 1215 3646 Hungariaeregis
1238 3567 1449 3646 privilegiales
1473 3585 1546 3626 con·

267 3669 420 3746 firmasse,
443 3671 606 3750 dictosque
637 3673 801 3733 universos
833 3683 958 3732 nostros
993 3675 1084 3733 unius
1108 3675 1257 3734 sessionis
1280 3675 1400 3735 nobiles
1425 3694 1444 3733 a
1467 3675 1546 3734 solu-

265 3777 351 3836 tione
380 3787 523 3840 taxarum
555 3787 587 3838 et
615 3781 877 3841 contributionum
912 3782 1064 3861 regalium
1100 3782 1193 3842 medii
1218 3783 1304 3842 aurei
1340 3777 1493 3842 exemisse
1518 3790 1548 3842 et

266 3884 434 3947 libertasse¹
453 3885 683 3958 dinoscebatur,
707 3889 824 3948 tenoris
855 3888 1049 3968 infrascripti.
1067 3889 1281 3969 Supplicatum
1305 3892 1471 3968 propterea
1494 3909 1549 3950 no·

267 3992 401 4051 minibus
430 4000 461 4052 et
491 3993 523 4053 in
556 3995 698 4070 personis
734 3995 965 4073 praedictorum
997 3997 1232 4056 universorum
1249 4006 1425 4057 nostrorum
1456 3997 1549 4058 unius

266 4098 415 4158 sessionis
439 4099 588 4160 nobilium
613 4101 688 4161 dicti
712 4103 802 4183 regni
824 4103 924 4163 nostri
953 4102 1141 4166 Sclauoniae
1165 4104 1322 4165 maiestati
1345 4103 1472 4166 nostrae
1496 4124 1547 4165 ex·

265 4203 326 4263 titit
357 4205 525 4279 humilime,
558 4217 713 4286 quatenus
734 4209 908 4288 praefatas
939 4209 1235 4271 literasmemorati
1259 4212 1418 4291 quondam
1441 4212 1547 4273 Ferdi·

266 4311 362 4372 nandi
378 4313 463 4393 regis
479 4314 699 4394 privilegiales,
715 4318 883 4396 omniaque
907 4328 938 4377 et
961 4319 1086 4399 singula
1102 4320 1133 4379 in
1146 4317 1265 4380 eisde'm
1284 4327 1438 4393 contenta,
1453 4327 1547 4394 ratas,

266 4429 377 4499 gratas
410 4431 444 4482 et·
460 4431 602 4500 accepta
625 4423 780 4501 habendo,
809 4426 967 4504 literisque
993 4428 1106 4486 nostris
1131 4427 1376 4506 privilegialibus
1399 4426 1495 4488 inseri
1518 4435 1549 4486 et

265 4525 392 4586 inscribi
422 4528 582 4602 iacientes,
607 4532 791 4608 approbare,
816 4533 965 4593 roborare
989 4545 1020 4594 et
1033 4532 1208 4613 jratifica're,
1233 4555 1271 4595 ac
1294 4555 1351 4614 pro
1379 4531 1548 4614 saepefatis

268 4631 430 4694 universis,
449 4633 547 4701 unius
576 4637 725 4698 sessionis
749 4641 914 4698 memorati
937 4642 1027 4720 regni
1052 4643 1158 4702 nostri
1172 4642 1358 4702 Sclauoniae
1383 4642 1545 4716 nobilibus,

264 4739 467 4820 ipsorumque
482 4743 670 4802 haeredibus
687 4754 723 4803 et«
743 4747 977 4823 posteritatibus
1000 4749 1153 4808 universis
1177 4750 1373 4823 innovantes,
1398 4759 1548 4828 perpetuo

266 4847 415 4911 valituras
445 4850 583 4929 gratiose
616 4851 800 4916 confirmare
833 4853 1044 4933 dignaremur.
1068 4857 1210 4933 Quarum
1234 4857 1359 4937 quidem
1390 4858 1549 4916 literarum

267 4961 357 5014 tenor
380 4955 450 5014 talis
471 4964 538 5044 est:
562 4957 790 5033 (V-ide'd'oc.
815 4981 842 5022 a·
870 4959 964 5026 1548,
978 4961 1029 5023 25.
1047 4965 1297 5027 novembris.
1315 4965 1397 5026 Vol.
1413 4962 1463 5025 ΙΙΙ,
1487 4961 1554 5048 No
