3934 5550
376 835 469 896 Anno
498 831 590 895 1581.
618 831 665 893 19.
697 832 811 911 aprilis.

592 1049 850 1116 Testamentum
874 1044 1031 1111 Mathiae
1054 1042 1233 1130 Krwpych.

377 1271 412 1330 In
435 1267 561 1329 nomine
593 1276 702 1343 sancte
736 1264 896 1326 Trinitatis
920 1272 951 1325 et
983 1262 1142 1339 indiVidue
1166 1259 1293 1321 unitatis
1317 1262 1413 1339 patris
1445 1270 1475 1321 et
1499 1263 1551 1322 filii

274 1388 304 1438 et
327 1377 454 1457 spiritus
477 1375 586 1442 sancti.
609 1375 721 1435 Amen.

380 1485 473 1545 Anno
497 1483 615 1544 domini
642 1479 735 1543 1581.
760 1480 865 1560 aprilis
889 1479 938 1539 die
963 1480 1085 1540 decima
1108 1500 1199 1543 nona.

379 1592 451 1671 Ego
477 1590 626 1650 Matthias
658 1589 816 1667 Krwpych
841 1587 913 1647 licet
937 1606 1067 1665 corpore
1091 1587 1202 1649 debilis
1226 1598 1330 1650 mente
1360 1597 1466 1649 tamen
1497 1606 1553 1668 per

272 1700 377 1761 omnia
407 1699 488 1759 bene
520 1716 625 1773 sanus,
657 1696 696 1756 de
728 1694 850 1775 exiguis
881 1694 959 1754 meis
989 1695 1079 1755 bonis
1110 1696 1184 1756 mihi
1218 1716 1236 1756 a
1270 1699 1330 1758 deo
1354 1697 1482 1770 collatis,
1510 1696 1551 1757 ita

272 1808 421 1887 dispono:

377 1913 534 1993 Imprimis
566 1912 752 1972 commendo
788 1911 924 1971 animam
957 1930 1060 1971 meam
1094 1913 1154 1972 deo
1178 1914 1311 1973 creatori
1335 1931 1414 1986 meo,
1440 1931 1552 1991 corpus

271 2042 346 2083 vero
369 2042 474 2081 meum
498 2027 590 2097 terre,
615 2020 697 2079 unde
722 2029 880 2098 sumptum
903 2013 974 2083 θεῖ’.

379 2131 401 2207 †
426 2131 501 2189 Item
525 2129 598 2208 lego
623 2127 664 2187 ad
686 2128 812 2189 beatam
836 2126 991 2207 virginem
1017 2127 1083 2187 flor.
1108 2125 1137 2191 3.
1161 2129 1330 2191 solvantur.

380 2240 403 2315 †
426 2239 503 2297 Item
528 2237 630 2297 habeo
654 2237 739 2315 apud
761 2243 967 2295 mercatorem
991 2237 1140 2295 Ioannem
1164 2237 1292 2297 Bwseta
1314 2256 1385 2297 cum
1408 2236 1470 2298 filio
1486 2237 1552 2297 eius

272 2345 305 2405 in
328 2346 433 2424 speeie
457 2344 584 2405 talleros
607 2350 741 2416 centum,
765 2344 874 2417 solvat,
898 2362 978 2421 quos
1003 2343 1202 2403 adfuturam
1226 2344 1309 2405 diem
1333 2344 1435 2405 carnis
1462 2345 1551 2424 privii

272 2454 432 2513 debebunt
466 2451 639 2525 restituere,
663 2459 694 2511 et
718 2451 786 2511 illos
809 2452 882 2531 lego
916 2452 1005 2510 uxori
1037 2467 1107 2527 mee
1137 2450 1300 2512 Elizabeth
1333 2452 1550 2530 deosychne

273 2582 344 2622 cum
368 2562 431 2622 lilio
455 2580 526 2621 meo
550 2561 710 2639 Stephano
734 2560 901 2638 Krwpych.

381 2671 458 2729 Item
482 2668 588 2728 omnia
611 2686 680 2727 mea
705 2667 789 2726 bona
820 2666 946 2726 mobilia
971 2674 1002 2726 et
1026 2666 1196 2727 immobilia
1219 2668 1310 2727 simul
1341 2687 1410 2727 cum
1443 2662 1552 2729 domo²

273 2789 304 2839 et
329 2779 396 2838 eius
428 2777 587 2852 clenodiis,
611 2777 722 2856 quovis
752 2776 887 2835 nominis
917 2775 1072 2835 vocabulo
1106 2777 1251 2850 vocitata,
1276 2785 1307 2836 et
1337 2777 1420 2836 bona
1443 2777 1550 2837 nobili-

271 2887 362 2963 tatia,
385 2903 447 2966 que
469 2886 573 2945 habeo
595 2893 683 2944 trans
706 2877 846 2950 Zawus³‚
858 2883 888 2942 in
913 2884 1062 2944 comitatu
1085 2878 1314 2964 Zagrabiensi⁴,
1337 2884 1410 2944 mihi
1434 2892 1465 2944 et
1487 2883 1548 2944 ira-

271 2994 368 3054 tribus
400 2993 479 3053 meis
511 2999 717 3072 sequestrata,
741 2999 772 3050 et
801 2990 928 3050 vineam
959 2985 1084 3066 eciam⁵,
1108 3009 1203 3070 quam
1226 2991 1329 3051 habeo
1352 2992 1384 3051 in
1408 3009 1550 3070 promon-

271 3103 351 3162 torio
374 3103 523 3161 Ialsewcz
547 3099 764 3176 Brelynschak
780 3098 871 3172 dicto,
888 3117 959 3158 cum
975 3098 1129 3158 unwersis
1154 3098 1221 3158 eius
1245 3092 1450 3175 utilitatibusff,
1464 3098 1546 3158 simi·

271 3211 340 3271 liter
362 3211 436 3290 lego
459 3208 548 3269 uxori
573 3216 604 3268 et
626 3207 690 3266 filio
712 3199 808 3266 meoff.

378 3319 455 3378 Item
478 3316 654 3396 pecuniam,
682 3332 775 3395 quarn
810 3314 901 3374 divisi
925 3314 966 3374 ad
990 3322 1135 3388 mustum,
1160 3333 1231 3374 cum
1262 3313 1406 3373 omnibus
1429 3313 1543 3373 debito·

270 3427 363 3501 ribus,
397 3426 511 3485 iustam
540 3423 601 3484 feci
634 3422 803 3497 racionem,
831 3438 894 3500 que
925 3421 1006 3482 iuste
1038 3429 1142 3500 potest
1164 3439 1262 3499 penes
1285 3429 1421 3480 tesseres
1446 3429 1546 3480 extor-

270 3534 369 3614 queri,
394 3542 425 3593 et
447 3531 530 3592 illam
555 3533 628 3611 lego
651 3530 742 3589 uxori
766 3549 837 3589 cum
860 3529 923 3590 filio
947 3549 1026 3589 meo.

376 3642 452 3700 Item
485 3639 609 3718 obligor
643 3637 780 3698 Antonio
811 3657 903 3712 non0,
927 3637 1102 3710 mercatori,
1134 3655 1190 3714 pro
1222 3655 1326 3714 panno
1357 3636 1493 3694 florenos
1527 3633 1549 3694 9

270 3747 418 3809 denarius
445 3745 497 3820 25,
521 3748 689 3807 solvantur.

377 3857 454 3915 Item
479 3854 637 3934 obligatur
659 3850 733 3912 mihi
758 3853 913 3912 Martinus
936 3853 1085 3913 Salomon
1110 3871 1148 3911 ex
1173 3850 1296 3909 Nowak
1312 3897 1343 3914 ..
1366 3851 1502 3910 florenos
1518 3847 1547 3922 6,

266 3963 413 4025 denarios
436 3961 488 4033 70,
512 3963 622 4023 solvat.

372 4072 451 4132 Item
473 4070 631 4151 obligatur
653 4069 729 4129 inihi
752 4070 920 4129 szmecz
944 4069 1010 4130 flor.
1040 4067 1063 4127 l.

372 4181 449 4239 ltem
475 4178 633 4258 obligatur
656 4177 731 4236 mihi
754 4177 870 4237 Paulus
893 4176 1054 4254 Krwpych
1077 4177 1143 4239 flor.
1172 4174 1197 4252 l,
1221 4174 1367 4234 denarios
1392 4173 1443 4237 70.

371 4289 449 4347 Item
473 4286 631 4367 obligatur
653 4285 729 4344 mihi
752 4284 903 4345 Matthias
927 4284 1087 4363 Krwpych
1111 4285 1176 4346 flor.
1206 4282 1230 4356 l,
1256 4283 1361 4342 denar.
1390 4279 1437 4343 10.

369 4393 577 4454 Inferius:
601 4393 737 4452 Tutores
759 4392 852 4451 huius
874 4409 945 4469 mee
968 4390 1141 4472 legacionis
1166 4389 1322 4450 constituo
1348 4388 1542 4449 baltasarem

263 4501 447 4564 Barberium
470 4508 502 4560 et
525 4499 698 4579 Georgium
723 4498 900 4558 Politorem.
952 4479 956 4483 ’

282 4643 285 4646 ·
367 4609 445 4668 Item
468 4615 565 4668 testes
579 4605 672 4665 huius
688 4606 859 4687 legacionis
876 4613 962 4665 sunt:
987 4605 1098 4665 nobilis
1114 4605 1226 4664 Petrus
1242 4604 1419 4680 Condrych,
1437 4604 1541 4662 Lucas

260 4716 516 4793 Symwnowych,
532 4714 720 4774 Franciscus
742 4715 859 4788 Sartor,
879 4713 1029 4773 Matthias
1053 4714 1163 4787 Faber,
1179 4711 1369 4772 Benedictus
1393 4710 1542 4787 Czymer·

265 4843 349 4899 man,
380 4832 412 4884 et
444 4822 566 4882 Blasius
589 4822 785 4899 Gryeksych,
815 4816 933 4898 spanus
956 4821 1082 4899 capituli
1117 4813 1272 4896 ecclesie⁸
1297 4812 1536 4898 Zagrabiensis⁹

262 4931 416 5010 presentis
447 4929 628 4989 testamenti
652 4936 837 5006 surrogatus
861 4927 964 4987 scriba
988 4947 1026 4987 m.
1051 4947 1079 5005 p.
