3934 5550
385 379 449 442 552

383 609 445 671 que
479 609 640 670 persuasa,
675 590 924 651 abrenuntiando
959 589 1086 667 ipsimet
1119 589 1335 650 sanctissimae
1371 590 1524 666 Trinitati,
1560 589 1666 668 sicque

388 697 497 758 uniet
519 716 595 758 vero
619 698 679 758 deo
703 716 761 774 suo
788 697 922 758 iuratam
946 695 1091 775 perprius
1114 697 1209 756 fidem
1233 715 1322 756 suam
1347 697 1545 777 abnegando,
1569 705 1600 756 et
1622 697 1666 759 in-

382 805 493 866 fernali
511 805 682 866 vexillifero
706 804 831 865 diabolo
855 812 967 882 sponte
993 804 1204 880 adhaerendo,
1228 823 1266 864 ac
1290 805 1333 863 ita
1357 823 1376 864 a
1399 803 1600 885 dogmatibus
1616 804 1667 864 dei

384 922 416 974 et
445 913 598 974 ecclesiae
622 913 762 974 eiusdem
796 911 982 987 recedendo,
1013 912 1114 990 primo
1148 911 1283 993 sigillum
1315 912 1431 973 diaboli
1454 913 1486 972 in
1509 918 1665 972 contesta-

382 1020 501 1081 tionem
523 1020 572 1080 sui
595 1018 793 1098 mancipatus
825 1017 883 1080 sibi
917 1017 1053 1097 imprimi
1087 1019 1272 1092 admisisset,
1297 1019 1478 1099 cohortique
1502 1037 1666 1100 magorum

383 1134 415 1188 et
438 1145 596 1207 sagarum,
635 1127 869 1205 earundemque
910 1125 1072 1186 sceleratis
1103 1135 1135 1186 et
1164 1126 1222 1186 toti
1250 1125 1478 1186 Christianitati
1515 1144 1667 1205 perquam

382 1235 503 1296 nocivis
534 1234 769 1314 operationibus
800 1232 1007 1310 adhaesisset,
1040 1242 1072 1294 et
1102 1235 1142 1294 ad
1174 1216 1303 1295 easdem
1327 1240 1517 1314 cooperante
1541 1233 1666 1293 diabolo

382 1349 494 1422 sponte
518 1341 639 1402 vicibus
661 1340 713 1401 vix
735 1341 945 1420 exprimendis
963 1341 1182 1415 concurrisset,
1205 1341 1371 1420 taliterque
1394 1341 1593 1402 manifestam
1616 1359 1667 1401 sa·

382 1468 458 1529 gam
481 1457 582 1509 semet
604 1448 730 1510 efficere
752 1469 815 1510 non
839 1448 1049 1523 formidasset,
1074 1467 1177 1528 neque
1200 1468 1335 1528 poenam
1360 1448 1392 1508 in
1416 1448 1557 1530 generali
1574 1463 1669 1527 regni

382 1558 509 1618 decreto
540 1556 659 1634 passim
689 1555 761 1616 hinc
793 1555 865 1617 inde
897 1574 992 1635 super
1022 1555 1178 1616 talismodi
1211 1556 1338 1616 nefariis
1373 1556 1495 1616 actibus
1533 1555 1667 1635 magicis

383 1663 537 1724 sancitam
560 1663 720 1724 incurrere
743 1663 922 1726 horruisset.

488 1788 536 1848 Ex
560 1806 598 1848 eo
621 1789 716 1850 vellet
746 1789 902 1848 antelatus
929 1788 1047 1848 fiscalis
1071 1795 1103 1848 et
1126 1796 1213 1848 actor
1246 1788 1356 1868 vigore
1381 1789 1580 1849 articulorum
1604 1789 1662 1849 Po·

383 1896 574 1956 soniensium
603 1896 708 1956 brevis
731 1915 898 1976 processus
921 1915 1016 1975 super
1041 1895 1195 1956 eiusmodi
1220 1896 1341 1956 aetibbs
1371 1896 1575 1971 conditorum,
1600 1915 1666 1957 me·

381 2011 536 2064 moratam
552 2003 583 2063 in
600 2023 730 2064 causam
755 2012 921 2065 attractam
945 2004 976 2064 in
1000 2003 1049 2064 ius
1073 2011 1104 2064 et
1127 2022 1257 2064 causam
1273 2004 1449 2077 convenire,
1468 2005 1665 2082 eandemque

382 2110 478 2170 veluti
506 2111 600 2172 modo
630 2111 759 2191 praevio
796 2131 909 2193 sagam
942 2112 983 2171 ad
1014 2112 1202 2172 revelandos
1226 2111 1396 2189 complices
1431 2120 1463 2170 et
1486 2111 1666 2192 detegenda

382 2219 535 2278 scelerata
558 2238 617 2278 sua
639 2219 723 2279 facta
745 2219 846 2300 primo
869 2227 1009 2279 torturae
1033 2218 1152 2292 subiici,
1177 2227 1288 2297 expost
1305 2219 1346 2278 ad
1362 2219 1509 2280 horribile
1534 2219 1664 2280 aliorum

382 2327 558 2404 exemplum
574 2344 653 2406 rogo
670 2326 774 2386 vivam
795 2326 1066 2402 concremandam,
1084 2327 1134 2386 vel
1159 2333 1250 2405 prout
1274 2325 1331 2386 iuri
1356 2334 1387 2386 et
1410 2325 1546 2386 iustitiae
1564 2325 1666 2386 visum

379 2432 472 2492 fuerit
494 2433 587 2492 morti
610 2433 792 2495 adiudicari.
815 2433 932 2494 Datum
956 2433 1033 2493 Also
1058 2434 1235 2508 Lukauecz,
1260 2432 1311 2495 die
1335 2433 1442 2513 quinta
1466 2433 1583 2494 mensis
1607 2453 1664 2493 no·

381 2539 528 2614 vembris,
552 2559 635 2602 anno
658 2540 775 2602 domini
803 2539 896 2603 1733.

795 2688 857 2748 Per
880 2706 930 2747 me
955 2687 1122 2747 Matthiam
1145 2685 1273 2763 Mixich,
1299 2686 1499 2745 substitutum
1524 2705 1563 2747 m.
1588 2707 1616 2765 p.

489 2872 534 2930 ln
568 2869 728 2929 dorso:
761 2901 801 2911 -
835 2866 869 2926 L.
900 2900 942 2909 -—
978 2866 1141 2947 Originale
1178 2866 1309 2926 actionis
1340 2866 1456 2927 fiscalis
1488 2875 1519 2927 et
1550 2867 1665 2927 actoris

382 2986 491 3038 contra
513 2985 544 3038 et
568 2978 720 3038 adversus
743 2973 915 3035 Barbaram
933 2972 1057 3048 Muselr,
1081 2974 1240 3033 Laurentii
1266 2973 1339 3033 olim
1355 2975 1499 3053 Krapecz
1524 2974 1661 3035 relictam

382 3085 518 3160 viduam,
541 3083 637 3145 veluti
652 3083 746 3143 modo
767 3081 964 3159 introscripto
989 3100 1101 3162 sagam
1127 3089 1158 3141 et
1181 3081 1212 3140 in
1232 3100 1361 3141 causam
1386 3089 1559 3143 attractam.
1584 3084 1661 3143 Ter·

381 3193 484 3254 minus
515 3192 673 3272 praefixus
704 3191 736 3250 in
764 3190 893 3249 castello
923 3190 1092 3249 Lukaueez
1124 3208 1180 3268 pro
1211 3189 1262 3249 die
1295 3187 1347 3251 23.
1386 3189 1480 3249 modo
1512 3189 1664 3249 currentis

380 3299 499 3360 mensis
521 3298 701 3360 novembris
729 3293 822 3360 1733.

1062 3424 1123 3483 Per
1146 3424 1279 3483 eundem
1304 3422 1503 3483 substitutum
1527 3442 1567 3482 m.
1591 3441 1619 3501 p.

950 3652 966 3687 ¹l¹
1075 3652 1091 3687 ¹l¹

1013 3702 1029 3736 ἡ

488 3886 581 3948 Actio
604 3886 751 3968 generosi
775 3887 892 3946 domini
915 3885 1069 3947 Matthiae
1094 3886 1231 3961 Mndich,
1255 3906 1317 3966 qua
1342 3888 1553 3949 universitatis
1577 3888 1664 3949 nobi·

381 3998 448 4057 ium
475 3994 595 4073 Campi
629 3994 811 4073 Turopolya
833 3993 949 4053 fiscalis
974 4002 1005 4053 et
1029 3992 1152 4067 actoris,
1176 3999 1285 4055 contra
1309 4002 1340 4054 et
1364 3995 1516 4055 adversus
1540 3995 1666 4055 Annam

380 4103 506 4165 natione
535 4101 730 4176 Camiolam,
754 4109 788 4161 ut
812 4101 950 4161 referunt
973 4100 1087 4162 nobilis
1109 4102 1264 4163 Matthiae
1288 4101 1418 4179 Gyurak
1442 4104 1665 4177 conthoralem,

380 4210 477 4272 veluti
507 4208 690 4270 modalitate
721 4208 919 4287 infrascripta
951 4228 1064 4288 sagam
1097 4217 1127 4269 et
1159 4210 1189 4268 in
1219 4228 1348 4270 causam
1373 4218 1547 4286 attractam,
1571 4230 1665 4272 occa·

380 4320 468 4381 sione
500 4326 531 4378 et
560 4325 724 4396 praetextu
755 4316 950 4379 diversorum
979 4325 1106 4377 actuum
1131 4318 1327 4398 magicorum
1350 4337 1405 4396 per
1430 4320 1565 4379 eandem
1589 4338 1665 4379 vero

379 4419 413 4489 in
445 4444 574 4486 causam
604 4433 770 4486 attractam
801 4433 1054 4504 perpetratorum
1085 4434 1117 4485 et
1149 4424 1230 4485 infra
1253 4425 1379 4485 uberius
1408 4427 1664 4505 exponendorum

379 4541 466 4597 mota
489 4540 522 4593 et
543 4540 657 4593 erecta.

486 4658 630 4737 Qualiter
663 4658 808 4719 nimirum
831 4657 1104 4737 praementionata
1128 4660 1158 4720 in
1182 4678 1311 4719 causam
1335 4668 1477 4735 attracta,
1500 4661 1663 4739 ignoratur

379 4767 462 4828 unde
487 4773 581 4840 mota,
604 4784 707 4845 quove
731 4766 886 4827 diabolico
921 4776 953 4827 et
988 4766 1127 4846 maligno
1159 4768 1200 4827 ad
1230 4768 1260 4827 id
1295 4767 1421 4827 inducta
1455 4776 1486 4828 et
1510 4766 1666 4828 concitata

379 4873 497 4953 spiritu,
520 4873 695 4953 postposito
721 4872 771 4933 dei
795 4874 1021 4953 hominumque
1045 4874 1164 4950 timore,
1191 4874 1390 4953 iustitiaeque
1424 4892 1461 4934 ac
1482 4876 1587 4955 legum
1612 4893 1666 4953 pa·
