3934 5550
1507 396 1569 459 ton

287 619 397 693 rinam,
420 620 546 680 Annam
571 614 605 679 et'
622 620 832 692 Susanam30
862 626 944 679 statu
976 623 1009 678 et
1039 618 1227 679 conditione·
1253 616 1344 693 civili,
1380 615 1411 674 in
1445 621 1568 674 coetum

285 726 434 787 nobilium
458 726 597 798 assumit,
621 725 730 805 eisque
754 743 842 785 arma
864 744 922 786 seu
945 724 1114 787 nobilitatis
1138 725 1274 805 insignia
1297 722 1426 783 confert.

392 834 463 895 Hae
493 834 536 895 lit.
570 852 644 893 arm
667 833 844 913 publicatae
868 840 940 892 sunt
963 831 994 891 in
1028 832 1168 912 generali
1200 831 1289 911 regni
1321 828 1568 909 congregatione

287 940 474 1020 Zagrabiae‚
510 960 537 1001 a.
575 937 669 1001 1612.
703 939 780 1000 feria
817 939 958 1002 secunda
993 947 1064 1016 post
1087 938 1203 999 festum
1227 935 1415 998 inventionis
1439 943 1568 995 sanctae

288 1046 399 1106 Crucis
407 1042 423 1109 ¹.

394 1167 540 1239 Originale
558 1169 782 1233 membraneum,
795 1166 918 1238 sigillum
937 1173 967 1219 et
986 1182 1057 1220 zona
1069 1167 1160 1235 periit.
1174 1168 1205 1220 In
1218 1166 1333 1220 archivo
1345 1180 1487 1219 commun.
1502 1166 1567 1218 nob.

288 1258 325 1310 de
344 1257 506 1327 Turopoije.
527 1285 560 1293 —
580 1256 734 1319 Viteaovi6‚
753 1254 910 1325 mjesebnik
930 1270 962 1311 za
990 1255 1179 1325 genealogijm
1208 1252 1363 1323 biogratiju‚
1390 1252 1538 1307 heraldiku
1560 1254 1568 1305 i

288 1345 452 1417 sinagistiku
470 1347 491 1401 1.
511 1362 574 1417 pag.
594 1346 636 1399 54.

398 1472 407 1502 ¹
425 1472 450 1525 6.
470 1473 546 1525 maii.

392 1941 484 2001 Anno
513 1937 606 2002 1612.

361 2132 561 2220 Regisirum
586 2132 854 2198 contributionis
878 2130 932 2197 80.
955 2132 1029 2198 den.
1053 2133 1090 2197 in
1117 2132 1246 2219 Campo
1270 2132 1502 2220 Zugnabtknsi.

397 2330 489 2395 1612.
513 2334 737 2412 Regestum
770 2331 1106 2392 contributionis
1137 2352 1210 2412 per
1242 2334 1442 2394 denarios
1473 2330 1516 2393 80
1549 2354 1566 2393 a

287 2439 459 2519 singula
483 2439 603 2499 domo.

844 2634 1022 2695 Plezzo

397 2759 580 2820 Rhenenses
602 2760 740 2821 florenos
768 2758 815 2823 tt.
840 2761 940 2824 solvit.

868 2958 991 3018 Luse

396 3084 423 3141 A
447 3082 592 3144 domibus
615 3090 689 3142 octo
711 3072 895 3145 Rhenenses
918 3085 1055 3144 florenos
1079 3053 1104 3143 8Ἰ
1123 3086 1224 3146 solvit.

785 3279 901 3360 Nagh
924 3280 1074 3342 Mlaka.

397 3403 426 3462 A
449 3403 595 3463 domibus
617 3403 729 3484 viginti
752 3404 850 3464 tribus
873 3406 1057 3466 Rhenenses
1079 3407 1216 3466 florenos
1239 3405 1291 3469 23.

832 3601 1034 3664 Hrasche:

385 3725 425 3784 Ἀ
448 3725 593 3786 domibus
616 3745 729 3785 novem
755 3727 937 3807 Rhenenses
959 3728 1095 3804 florenos
1120 3726 1149 3788 9.

396 3833 473 3892 Item
506 3833 622 3896 Paulus
658 3833 808 3910 Krupych
843 3853 899 3912 pro
930 3835 1070 3916 Georgio
1101 3835 1291 3913 Czwetasyn
1324 3839 1522 3899 Rhenensem
1551 3840 1562 3899 1

290 3940 391 4001 soivit.
424 3962 426 3965 ·

404 4115 550 4195 Felseb
574 4143 614 4195 et
637 4135 735 4196 Also
758 4136 979 4209 Lukauecz,
1004 4156 1089 4197 curn
1115 4138 1400 4216 Lodomerych
1425 4149 1464 4200 et
1503 4205 1505 4212 Α
1561 4181 1564 4186 -

637 4308 642 4320 ¹
739 4309 742 4315 ¹
801 4243 1052 4320 Voytosych.

398 4368 580 4428 Rhenenses
603 4368 740 4428 florenos
768 4366 815 4430 14.

335 4515 339 4521 ·
364 4546 369 4552 ,
395 4475 552 4536 Borkolab
576 4493 657 4552 mye
672 4475 744 4536 dala
767 4475 934 4564 Kataohka
957 4477 1210 4555 pethynadezthe
1233 4482 1403 4558 ranychky.
1460 4517 1462 4522 ·

746 4671 845 4732 Also
869 4672 1115 4748 Lomnycza.

310 4839 314 4847 -
394 4796 578 4857 Rhenenses
601 4796 737 4857 florenos
761 4794 812 4859 35.

395 4903 471 4963 Item
495 4903 621 4963 Martha
645 4904 799 4980 Vmoczy,
823 4924 951 4965 consors
975 4906 1126 4984 Stephani
1151 4909 1298 4968 Arbanaz
1323 4911 1505 4972 Rhenenses
1540 4912 1569 4975 2.
