3934 5550
1551 360 1618 424 375

334 583 399 637 tres
421 573 583 638 clausuras
606 574 734 638 basibus
759 585 790 637 et
814 575 993 656 pavimento
1031 576 1218 658 indigentes,
1256 596 1348 638 secus
1371 578 1476 657 quoad
1493 578 1607 638 robora

336 683 368 743 in
391 684 541 746 mediocri
563 691 656 758 statu,
680 686 773 744 haras
797 685 956 746 maialium
993 686 1034 746 ad
1056 705 1153 746 uuam
1177 687 1353 746 clausuram
1387 687 1505 760 bonas;
1540 685 1615 746 item

336 793 463 852 domum
486 792 628 853 fabrilem
650 793 746 853 habet
769 793 930 873 antiquam
953 812 1016 854 non
1039 794 1123 854 bono
1144 802 1238 868 tecto,
1261 795 1305 854 ita
1328 803 1361 854 et
1383 793 1544 854 fornacem
1567 793 1613 872 pi-

334 907 472 960 stoream
495 919 552 979 per
574 900 800 980 negligentiam
823 900 991 979 provisam

439 1007 469 1070 7.
492 1007 613 1067 Nobilis
636 1009 769 1068 loannes
792 1008 931 1087 Spisslch
956 1009 1052 1068 habet
1075 1010 1204 1069 domum
1231 1010 1344 1069 saltem
1366 1008 1501 1087 primum
1525 1008 1609 1068 cubi-

334 1115 437 1174 culum
461 1123 493 1174 et
515 1115 650 1176 culinam
682 1115 880 1190 mediocrem,
912 1117 1007 1176 haras
1032 1117 1175 1176 adduas
1198 1117 1361 1176 clausuras
1394 1135 1493 1176 novas
1524 1114 1611 1194 pavi·

335 1230 440 1281 mento
464 1222 617 1301 superiori
641 1232 671 1282 et
694 1222 831 1282 triferion'
854 1222 1040 1304 indigentes.

436 1326 465 1389 8.
489 1329 638 1396 Nicolaus
661 1329 793 1390 Sordich
816 1330 905 1390 aliter
928 1330 1046 1408 Quinta
1069 1331 1164 1391 habet
1180 1332 1309 1392 domum
1328 1332 1534 1410 posteriorem
1549 1349 1604 1390 no·

334 1454 414 1510 vam,
438 1436 573 1515 priorem
597 1436 757 1515 antiquam
792 1445 918 1516 propter
955 1438 1136 1518 angustiam
1167 1457 1251 1499 nova
1284 1439 1404 1518 indiget
1439 1439 1491 1508 ita,
1515 1447 1548 1497 ut
1571 1457 1609 1497 ex

331 1544 494 1604 roboribus
518 1543 653 1622 antiquis
677 1544 761 1604 aliud
784 1564 917 1623 parvum
941 1545 1118 1606 aedificium
1140 1546 1199 1606 sibi
1216 1545 1354 1625 errigere
1377 1545 1521 1624 potuerit,
1537 1546 1609 1606 hor·

333 1671 420 1711 reum
453 1653 614 1731 antiquum
651 1651 795 1725 dirutum,
819 1652 932 1712 robora
955 1671 1013 1731 pro
1037 1653 1121 1712 nullo
1145 1672 1205 1713 usu
1228 1653 1298 1728 alio,
1321 1671 1416 1732 quam
1448 1671 1504 1731 pro
1535 1653 1609 1732 igne

330 1759 431 1818 locali.
453 1761 531 1819 Item
555 1777 713 1819 cameram
737 1778 852 1819 novam
876 1761 1016 1837 pulcram
1052 1760 1119 1820 sine
1150 1767 1241 1838 porta
1273 1761 1469 1839 pavimentis.
1501 1760 1607 1819 Haras

330 1865 530 1946 biangulares
565 1866 744 1926 animalium
775 1866 807 1926 in
838 1867 921 1926 bono
953 1876 1045 1940 statu,
1075 1867 1117 1927 ad
1147 1867 1309 1927 clausuras
1339 1866 1368 1930 4.
1400 1868 1478 1926 Item
1510 1867 1604 1926 haras

329 1972 488 2032 maialium
512 1973 553 2032 ad
576 1972 655 2031 duas
679 1973 841 2032 clausuras
864 1992 965 2033 novas
996 1973 1106 2048 bonas,
1134 1974 1296 2034 fornacem
1326 1975 1497 2053 pistoream
1529 1975 1607 2034 anti·

329 2099 424 2158 quam
447 2080 530 2140 bono
553 2098 616 2138 non
638 2088 722 2140 tecto
746 2099 802 2157 per
825 2080 984 2141 miseriam
1007 2081 1177 2160 provisam.

435 2185 464 2248 9.
487 2187 641 2248 Providus
672 2187 829 2268 Georgius
860 2188 1112 2262 Hervatinchich,
1136 2188 1252 2250 domini
1276 2190 1457 2267 perillustris
1479 2190 1606 2250 Modich

328 2295 484 2355 substituti
518 2295 639 2355 comitis
669 2295 826 2356 terrestris
854 2296 992 2372 colonus,
1015 2296 1112 2356 habet
1141 2295 1172 2355 in
1205 2296 1342 2374 pessimo
1364 2304 1448 2356 statu
1472 2297 1608 2372 domum,

327 2403 471 2462 horreum
498 2403 657 2482 antiquum
681 2403 878 2480 reparatione
909 2403 1064 2484 indigens,
1098 2405 1193 2464 haras
1228 2401 1324 2466 etiam
1356 2405 1553 2484 reparatione
1577 2415 1609 2464 et

325 2509 453 2569 basibus
477 2509 663 2588 indigentes
686 2509 846 2571 fornacem
869 2511 1040 2589 pistoream
1064 2519 1147 2571 tecto
1170 2513 1300 2591 perpluo
1323 2513 1491 2591 provisam

437 2615 483 2676 10.
508 2614 627 2676 Nobilis
659 2617 791 2676 loannes
820 2617 942 2697 Evang.
968 2618 1183 2677 Arbanaszicb
1208 2637 1300 2678 secus
1323 2618 1488 2678 Arbauasz
1512 2619 1607 2679 habet

325 2723 452 2783 domum
475 2722 673 2797 mediocrem,
708 2725 854 2784 horreum
878 2724 1040 2804 antiquum
1063 2724 1095 2784 in
1118 2726 1201 2785 bono
1225 2733 1317 2802 statu,
1345 2725 1438 2785 haras
1461 2724 1607 2805 antiquas

322 2831 451 2891 basibus
475 2841 507 2891 et
529 2832 708 2910 pavimento
734 2833 928 2913 indigentes3
951 2832 1026 2893 item
1040 2833 1150 2892 harula
1167 2853 1223 2911 pro
1244 2833 1409 2893 maiulibus
1432 2834 1607 2910 mediocris,

321 2957 480 2999 cameram
502 2940 648 2998 frumenti
671 2940 795 3013 bonam,
818 2940 953 2999 culinam
977 2958 1048 2999 cum
1078 2941 1206 3000 lomace
1235 2941 1371 3019 pistorea
1396 2941 1522 3017 bonam,
1549 2941 1606 3000 sed

320 3048 430 3105 tornax
452 3054 536 3107 tecto
558 3047 642 3106 bono
666 3066 721 3125 per
743 3047 970 3128 negligentiam
993 3066 1056 3107 non
1078 3048 1213 3127 provisa.

432 3152 480 3216 ll.
510 3152 663 3213 Providus
695 3155 827 3213 loannes
851 3154 944 3233 Bapt.
976 3154 1105 3215 Klarich
1127 3155 1159 3214 in
1182 3156 1323 3215 sessione
1346 3155 1604 3229 Vinkovichiana,

321 3262 449 3321 colonus
481 3280 562 3321 nunc
595 3261 710 3320 domini
743 3263 899 3323 substituti
930 3262 1051 3322 comitis
1085 3262 1221 3338 Modich,
1255 3264 1350 3323 habet
1373 3264 1500 3323 domum
1525 3266 1611 3325 anti.

320 3386 415 3446 quam
445 3368 476 3427 in
508 3375 593 3427 statu
623 3387 684 3446 quo
715 3388 797 3427 nunc
830 3369 988 3445 mediocri,
1021 3371 1114 3429 haras
1146 3370 1347 3451 biangulares
1383 3370 1527 3449 antiquas
1561 3371 1601 3430 ad

320 3483 384 3534 tres
408 3476 568 3534 clausuras
591 3475 718 3535 basibus
742 3476 927 3555 indigentes,
952 3496 1044 3537 secus
1067 3476 1099 3536 in
1122 3476 1271 3537 mediocri
1294 3486 1386 3553 statu,
1409 3496 1502 3537 secus
1529 3476 1604 3537 nihil

321 3582 427 3644 habet.
563 3650 565 3654 ,

431 3688 478 3752 12.
503 3690 622 3750 Nobilis
653 3692 785 3751 loannes
808 3694 899 3772 Bapt
930 3694 1123 3753 lvanlrovich
1152 3693 1248 3752 habet
1278 3693 1407 3754 domum
1430 3693 1599 3774 antiquam,

318 3798 515 3876 reparatione
547 3798 748 3878 indigentem,
781 3800 928 3860 horreum
958 3801 1075 3861 bonum
1107 3819 1232 3876 novum,
1267 3800 1335 3861 sine
1372 3810 1471 3880 porta,
1503 3803 1598 3863 haras

316 3906 496 3967 animalium
520 3906 721 3985 biangulares
746 3908 786 3966 ad
810 3906 830 3965 4
862 3909 1024 3968 clausuras
1054 3928 1163 3983 novas,
1194 3908 1344 3968 mediocri
1376 3909 1512 3969 inferiori
1543 3928 1599 3988 pa·

318 4015 456 4075 vimento
491 4014 642 4093 provisas,
678 4015 820 4074 harulam
853 4015 1012 4075 maialium
1043 4016 1084 4075 ad
1115 4015 1293 4075 clausuram
1323 4034 1419 4075 unam
1452 4015 1483 4074 in
1515 4015 1598 4075 bono

317 4131 417 4199 statu;
447 4122 520 4182 item
553 4122 698 4201 antiquae
734 4123 830 4183 harae
862 4132 934 4182 sunt
969 4124 1037 4183 sine
1060 4131 1152 4196 tecto,
1184 4132 1216 4182 et
1237 4131 1305 4182 tota
1327 4121 1479 4200 superiori
1510 4132 1599 4200 parte

320 4232 360 4291 ad
384 4231 544 4292 clausuras
577 4232 664 4304 duas,
688 4250 767 4309 quas
791 4232 864 4292 dicit
880 4232 921 4291 ad
944 4231 1204 4308 Kosztanyevecz
1227 4231 1467 4308 promovendas,
1490 4230 1600 4291 fornax

320 4340 457 4416 pistorea
481 4339 610 4416 antiqua
633 4346 690 4413 est,
714 4356 805 4397 secus
828 4339 859 4397 in
882 4338 1031 4398 mediocri
1054 4346 1147 4403 statu

430 4443 478 4507 13.
501 4444 620 4504 Nobilis
644 4446 755 4504 Petrus
778 4445 946 4506 Gerdinich
963 4446 1057 4506 habet
1074 4445 1250 4505 cubiculum
1272 4444 1414 4523 primum,
1438 4451 1469 4502 et
1486 4444 1599 4505 saltem

320 4555 453 4613 culinam
486 4571 577 4613 secus
608 4554 640 4612 in
671 4553 820 4613 mediocri
843 4563 935 4627 statu,
958 4555 1087 4614 basibus
1110 4562 1217 4614 tamen
1240 4560 1312 4631 post
1335 4552 1452 4631 aliquot
1475 4560 1599 4629 tempus

319 4660 471 4741 indigens,
501 4662 595 4719 haras
627 4660 770 4738 antiquas
800 4662 840 4721 ad
863 4670 927 4721 tres
962 4662 1123 4721 clausuras
1145 4662 1178 4720 iu
1200 4668 1284 4721 statu
1308 4679 1370 4720 non
1402 4660 1483 4719 adeo
1506 4659 1599 4733 bonu,

318 4768 391 4847 quia
413 4774 496 4827 tecto
520 4786 582 4826 non
606 4776 677 4826 sunt
701 4768 855 4845 provisae,
879 4768 1026 4828 horreum
1050 4769 1211 4846 antiquum
1227 4767 1323 4827 etiam
1339 4775 1466 4845 propter
1480 4772 1598 4825 tectum

319 4875 500 4949 ruinabitur,
525 4874 685 4934 fornacem
709 4874 879 4953 pistoream
902 4876 998 4935 etiam
1021 4876 1103 4934 bono
1127 4884 1209 4935 tecto
1232 4893 1296 4934 uon
1320 4874 1487 4952 provisam.
1574 4903 1576 4906 ·
