3934 5550
1481 430 1546 491 227

260 652 320 710 iter
344 670 433 710 suum
459 649 642 728 accipiendo
666 646 837 721 festinaret,
861 666 963 726 neque
987 666 1079 707 secus
1108 646 1238 722 factura,
1262 647 1464 726 caetoroquin
1488 666 1542 705 no-

265 757 366 817 verint
390 776 424 817 se
456 775 590 834 poenam
623 756 819 815 articularem
852 754 1102 815 irremissibiliter
1134 753 1324 833 exigendam
1355 753 1542 816 incursuros.

264 866 303 925 Et
327 865 383 939 his,
408 866 482 925 dum
506 881 695 943 generosam
719 863 749 923 d.
773 870 912 923 vestram
943 861 1117 921 diutissime
1151 880 1262 921 sanam
1294 870 1325 920 et
1356 860 1541 920 incolumem

263 974 369 1033 valere
394 980 517 1051 exopt0,
541 990 655 1031 maneo
678 988 855 1051 generosae
878 970 908 1033 d.
932 978 1057 1032 vestrae
1081 969 1199 1029 servire
1222 976 1351 1047 paratus

1012 1113 1191 1191 Stephanus
1214 1112 1436 1188 Selischeuich,

978 1220 1145 1299 episcopus
1168 1219 1391 1299 Zagrabiensis
1415 1238 1454 1279 m.
1479 1239 1498 1297 p

370 1367 527 1443 luaniehy,
556 1365 603 1427 14.
629 1365 742 1444 aprilis,
767 1384 849 1425 anno
878 1361 969 1427 1698.

370 1512 409 1570 ln
441 1511 579 1570 dorso:
617 1508 781 1569 Gerreroso
813 1508 940 1569 domino
971 1509 1065 1567 Petro
1097 1508 1347 1584 Szenlrouachky
1379 1508 1541 1582 Wallieza,

264 1618 476 1679 universitatis
500 1616 648 1677 nobilium
672 1616 786 1695 Campi
809 1616 1034 1695 Zagrabiensis
1058 1616 1238 1693 Turopolya
1261 1616 1333 1675 dicti
1350 1616 1453 1676 comiti
1479 1624 1541 1676 ter·

262 1726 351 1786 restri
375 1733 432 1787 etc.
458 1725 597 1802 (titulus),
621 1724 748 1785 domino
771 1722 1066 1784 observandissime

352 1864 396 1909 ito.

261 1876 397 2071 Cito.

353 1972 396 2015 ito.

352 2025 457 2071 itisrlme
473 2025 614 2081 ubicunque
629 2022 712 2069 luerlt.

367 2134 513 2206 Originale
533 2135 723 2201 chartaceum,
743 2152 759 2189 a
778 2143 859 2205 tergo
872 2136 1002 2203 appressi
1015 2134 1097 2205 sigilli
1110 2134 1269 2204 vestigium,
1282 2150 1339 2202 quo
1353 2132 1434 2186 litera
1445 2133 1541 2187 clausa

260 2233 331 2279 crat.
352 2225 381 2278 ln
401 2225 516 2279 archivo
535 2240 678 2278 commun.
698 2226 763 2279 nob.
783 2226 820 2278 de
839 2224 1001 2294 Turopolje.

848 2563 952 2638 1⁷0.

366 2764 457 2824 Anno
487 2761 578 2827 1698.
608 2763 654 2826 15.
679 2765 751 2826 iulii.
775 2766 808 2825 ln
834 2764 989 2825 Rohoncz.

259 2976 419 3040 Adumus
441 2977 482 3040 de
515 2975 699 3062 Battlryan,
733 2976 853 3056 barrus,
889 2977 1009 3040 comiti
1042 2977 1200 3040 terrestri
1226 2977 1348 3061 Carrrpi
1389 2977 1537 3061 Turopo-

257 3082 379 3146 lierrsr's
414 3084 608 3162 committit,
632 3088 670 3147 ut
703 3104 781 3148 cum
813 3083 1015 3148 horninibus
1052 3084 1128 3147 suis
1158 3087 1307 3168 paratus
1336 3085 1384 3148 sit
1416 3088 1538 3148 contra

732 3189 862 3254 hostem
887 3191 1079 3276 insurgere.

475 3408 637 3466 Generose
661 3406 787 3466 domine
811 3408 900 3466 nobis
924 3406 1218 3469 observandissime.

368 3554 507 3612 Salutem
545 3561 576 3612 et
618 3551 857 3612 benevolentiae
893 3559 1021 3611 nostrae
1056 3553 1367 3614 commendationem.
1404 3554 1540 3631 Quando

264 3659 389 3738 quidem
425 3660 618 3736 publicorum
656 3678 732 3718 suae
768 3658 941 3719 maiestatis
978 3658 1209 3719 sacratissimae
1234 3660 1430 3720 servitiorum
1455 3681 1538 3721 corn-

263 3769 388 3827 modum
415 3787 451 3826 ac
476 3766 719 3826 emolumentum
752 3766 902 3846 exigeret,
927 3767 957 3826 id
981 3767 1146 3845 ipsumque
1180 3767 1270 3826 nobis
1300 3788 1358 3827 sua
1391 3769 1540 3829 maiestas

263 3875 475 3934 sacratissima
499 3893 556 3954 per
580 3876 737 3934 excelsum
774 3893 866 3934 suum
902 3874 993 3934 aulae
1029 3874 1172 3933 bellicum
1207 3874 1370 3935 consilium
1404 3877 1539 3936 clemen·

264 3982 382 4042 tissime
407 3982 601 4060 praeciperet
624 4000 749 4060 quoque
774 3991 804 4040 et
829 3982 1000 4054 mandaret,
1024 3989 1179 4061 quatenus
1202 4002 1259 4060 pro
1283 3992 1434 4042 consueto
1461 4003 1538 4064 erga

263 4090 422 4149 servitium
447 4089 649 4150 altetitulatae
683 4107 759 4148 suae
789 4088 960 4147 maiestatis
984 4087 1225 4159 sacratissimae,
1249 4099 1280 4150 et
1303 4090 1436 4168 patriam
1460 4092 1537 4166 zelo,

260 4216 298 4258 eo
324 4197 407 4256 vires
431 4207 461 4256 et
485 4197 606 4257 animos
630 4204 754 4256 nostros
778 4195 960 4275 dirigamus
985 4215 1021 4255 ac
1046 4196 1077 4255 in
1093 4215 1131 4256 eo
1157 4197 1383 4272 collaberimus,
1400 4208 1434 4258 ut
1454 4199 1537 4258 idern

261 4323 337 4363 suae
361 4303 534 4364 maiestatis
559 4303 791 4364 sacratissimae
815 4303 977 4363 servitium
1001 4304 1032 4362 in
1057 4305 1150 4364 rebus
1173 4305 1291 4365 bellicis
1315 4306 1455 4365 debitum
1472 4326 1536 4366 sor·

260 4410 352 4470 tiatur
377 4411 530 4472 eflectum.
555 4411 602 4470 Ac
626 4411 756 4490 proinde
789 4411 910 4487 inclytis
934 4411 1066 4470 statibus
1091 4421 1121 4472 et
1146 4412 1305 4472 ordinibus
1329 4414 1417 4490 regni
1442 4434 1537 4492 gene·

261 4518 356 4577 ralem
381 4517 636 4578 insurrectionem
671 4518 889 4597 publicandam
924 4537 995 4578 esse
1026 4519 1180 4593 duximus,
1209 4520 1319 4579 iisdem
1352 4520 1539 4580 authoritate

260 4634 367 4686 nostra
398 4625 502 4685 banali
539 4627 620 4686 serio
656 4627 783 4686 firmiter
819 4627 1048 4687 committentes
1085 4638 1116 4686 et
1150 4628 1345 4702 mandantes,
1385 4637 1539 4707 quatenus

261 4732 475 4810 unusquisque
499 4751 555 4811 pro
579 4733 671 4792 solita
694 4753 751 4792 sua
776 4733 978 4814 obligatione,
1002 4735 1096 4794 modo
1120 4735 1265 4795 videlicet
1289 4744 1320 4794 et
1343 4736 1490 4796 methodo
1507 4736 1538 4795 in

261 4839 373 4899 castris
405 4839 642 4917 praeteritorum
668 4859 819 4900 annorum
843 4841 1005 4901 observari
1028 4841 1134 4916 solitis,
1163 4843 1257 4902 armis
1288 4843 1369 4903 bene
1400 4844 1542 4903 instructi

257 4948 299 5010 ita
333 4967 458 5028 semper
481 4947 513 5008 in
536 4957 681 5027 promptu
712 4949 773 5008 sint
797 4957 828 5008 et
851 4949 960 5028 parati,
984 4957 1017 5008 ut
1047 4949 1101 5008 ubi
1135 4950 1269 5030 primum
1305 4949 1382 5010 alias
1416 4959 1540 5010 nostras

1451 5073 1466 5105 1
