3934 5550
1519 430 1562 505 ts

279 653 487 740 impetrasset,
510 652 568 721 sed
590 652 807 720 tantummodo
831 657 993 719 castellum
1017 660 1214 739 praedictum
1248 660 1443 733 Lwlraweez,
1476 660 1561 737 quod

278 770 489 849 praelatorum
512 768 672 847 quondam
695 768 891 827 dominorum
915 768 1061 827 lohannis
1086 766 1224 841 Coruini,
1249 768 1344 841 ducis,
1370 776 1400 826 et
1416 766 1556 828 Christo·

277 878 366 957 phori
389 878 442 937 lilii
466 877 606 938 eiusdem
630 876 748 949 luisset,
771 878 856 955 quod
879 895 951 936 cum
974 876 1040 936 suis
1071 874 1201 954 privatis
1233 884 1264 937 et
1287 876 1441 955 separatis
1465 876 1557 955 perti-

278 986 390 1046 nentiis
412 1005 576 1045 numerum
599 984 728 1064 triginta
751 984 883 1044 duarum
905 984 1083 1045 sessionum
1114 984 1359 1063 iobagionalium
1391 984 1556 1062 populosa-

277 1113 345 1153 rum
368 1113 431 1153 non
454 1094 629 1172 excederet,
653 1101 685 1152 et
706 1091 778 1152 ideo
802 1092 961 1171 praefatus
985 1092 1143 1171 quondam
1168 1092 1312 1151 dominus
1343 1092 1557 1152 locumtenens

275 1201 438 1260 castellum
460 1200 564 1279 ipsum
588 1199 691 1273 eidem
714 1200 840 1260 domino
865 1199 963 1260 actori
987 1200 1044 1259 rite
1069 1208 1099 1259 et
1130 1200 1281 1279 legittime
1312 1200 1387 1261 dare
1420 1210 1452 1261 et
1482 1220 1555 1260 con·

276 1306 355 1367 ferre
379 1308 541 1386 potuisset,
565 1316 595 1367 et
620 1308 651 1367 in
676 1326 714 1367 eo
737 1316 802 1367 tam
826 1307 909 1367 idem
933 1315 1115 1385 procurator
1146 1308 1280 1367 eundem
1313 1308 1473 1368 dominum
1506 1326 1554 1367 ae·

276 1424 385 1489 torem,
408 1434 503 1494 quam
527 1414 622 1475 etiam
645 1414 805 1492 praefatus
829 1423 1013 1493 procurator
1036 1414 1190 1475 dictorum
1214 1416 1244 1474 in
1278 1434 1408 1476 causam
1441 1424 1554 1476 attrac-

276 1532 377 1583 torum
400 1522 530 1583 eosdem
554 1522 585 1581 in
609 1540 738 1582 causam
763 1530 913 1581 attractos
938 1520 1094 1581 veridicae
1119 1521 1311 1581 attestationi
1335 1522 1510 1583 vicinorum
1526 1531 1557 1582 et

278 1638 565 1690 commetaneorum
598 1628 672 1689 dicti
707 1629 826 1689 castelli
861 1629 1059 1701 kaawecz,
1094 1628 1305 1708 nobiliumque
1341 1630 1557 1691 tantummodo

275 1737 573 1817 conprovincialium
595 1737 747 1815 praetacti
772 1737 938 1797 comitatus
961 1736 1194 1817 Zagrabiensis,
1226 1756 1282 1816 per
1312 1736 1446 1797 formam
1471 1756 1558 1799 com-

277 1846 379 1905 munis
403 1845 612 1923 inquisitionis
635 1845 760 1905 fiendae
783 1844 1002 1919 submiserant,
1026 1844 1178 1924 adquam
1195 1846 1420 1925 peragendam,
1437 1846 1558 1923 riteque

277 1962 309 2013 et
323 1952 475 2033 legittime
498 1952 731 2031 perficiendam,
754 1952 915 2031 praelatus
938 1952 1084 2012 dominus
1108 1952 1257 2012 Nicolaus
1280 1970 1387 2012 comes
1400 1961 1431 2012 et
1448 1953 1558 2025 banuo,

277 2078 369 2119 suum
399 2069 432 2119 et
455 2067 594 2119 vestrum
625 2059 768 2119 homines
799 2059 976 2133 transmitti,
995 2060 1173 2138 'ipsamque
1203 2059 1436 2121 attestationem
1467 2060 1560 2119 tertio

277 2168 327 2227 die
349 2168 422 2227 lesti
444 2167 530 2227 beati
553 2167 681 2227 Martini
705 2168 843 2245 episcopi
875 2176 907 2227 et
941 2166 1138 2240 confessoris,
1173 2168 1206 2226 in
1241 2166 1436 2245 praescripto
1474 2186 1557 2227 anno

278 2274 394 2335 domiui
418 2274 583 2334 millesimo
607 2274 858 2354 quingentesimo
882 2273 1143 2355 quinquagesimo
1160 2275 1268 2353 quinto
1284 2283 1452 2348 transacto,
1468 2292 1558 2353 prae·

277 2383 368 2454 teriti,
391 2391 423 2442 et
446 2382 514 2442 aliis
537 2381 648 2443 diebus
672 2391 746 2442 tunc
769 2382 949 2443 immediate
972 2381 1202 2461 sequentibus⁴,
1226 2382 1257 2441 in
1277 2382 1357 2442 facie
1372 2382 1556 2460 praescripti

278 2490 396 2550 castelli
420 2490 789 2563 Lwlraweczcelebrare,
812 2508 850 2549 ac
874 2490 1001 2549 tandem
1025 2489 1138 2549 seriem
1156 2488 1333 2549 huiusmodi
1349 2488 1556 2549 attestationis

278 2605 309 2659 et
332 2597 505 2657 communis
528 2597 736 2676 inquisitionis
761 2596 801 2657 ad
825 2596 966 2674 quintum
990 2596 1145 2656 decimum
1170 2596 1252 2655 diem
1270 2595 1366 2655 ultimi
1383 2596 1444 2657 diei
1460 2596 1557 2674 ipsius

278 2705 485 2765 attestationis
501 2704 652 2785 legittime
668 2700 914 2784 perdurandae⁶,
940 2684 980 2763 aid
1004 2722 1039 2763 se
1063 2703 1215 2783 reportari
1240 2703 1356 2763 debere
1372 2703 1557 2764 decreverat

278 2822 309 2874 et
331 2812 546 2886 commiserat;
571 2831 676 2891 aquo
700 2813 825 2891 quidem
857 2812 965 2891 quinto
996 2812 1118 2872 decimo
1152 2811 1203 2872 die
1235 2812 1404 2890 reportatio
1437 2813 1493 2872 sed
1526 2821 1558 2873 et

278 2921 430 2982 discussio
452 2927 631 2999 reportatae
655 2920 748 2980 seriei
771 2919 964 2998 praemissae
990 2918 1197 2979 attestationis
1221 2927 1252 2979 et
1268 2920 1443 2980 communis
1458 2921 1559 3000 inqui·

278 3028 399 3089 sitionis
423 3026 554 3087 diversis
578 3027 835 3107 prorogationum
860 3029 991 3088 cautelis
1013 3027 1302 3102 intervenientibus,
1318 3027 1484 3089 terminum
1508 3048 1558 3090 ce·

278 3136 457 3198 lebrationis
480 3135 665 3196 iudiciorum
687 3137 792 3196 octavi
816 3135 878 3195 diei
900 3137 971 3196 lesti
995 3137 1079 3197 beati
1104 3135 1233 3216 Georgii
1257 3137 1412 3213 martyris,
1427 3137 1457 3196 in
1475 3156 1558 3198 anno

278 3244 395 3306 domini
429 3242 593 3304 millesimo
624 3244 876 3324 quingentesimo
908 3244 1169 3324 quinquagesimo
1200 3243 1342 3323 septimo,
1374 3240 1558 3323 praeteritil,

281 3353 322 3412 ad
353 3371 448 3432 quem
483 3351 628 3412 videlicet
658 3351 826 3411 terminum
856 3351 1023 3411 universae
1055 3369 1171 3411 causae
1203 3351 1434 3432 regnicolarum
1473 3352 1560 3412 iuxta

277 3468 425 3520 contenta
449 3457 650 3518 articulorum
672 3466 748 3518 tunc
770 3457 960 3518 novissimae
976 3458 1204 3518 constitutionis
1221 3459 1364 3538 publicae
1388 3459 1560 3520 adiudicati

277 3569 396 3643 solitae,
419 3586 477 3646 per
499 3566 703 3646 spectabilem
736 3573 767 3626 et
800 3567 1003 3646 magnificum
1038 3567 1196 3644 quondam
1232 3566 1391 3626 dominum
1431 3568 1559 3628 Petrum

211 3654 215 3661 ’
276 3677 434 3751 Erdewdy
457 3677 496 3736 de
520 3674 782 3752 Monyorolrerelr,
814 3674 960 3734 comitem
992 3682 1177 3753 perpetuum
1210 3673 1326 3734 Montis
1359 3673 1491 3748 Claudii,
1518 3693 1555 3734 ac

278 3783 356 3844 alias
379 3782 611 3861 praedictorum
628 3784 798 3861 regnor'um
815 3781 1000 3856 Dalmatiae,
1018 3780 1165 3841 Croatiae
1183 3789 1214 3840 et
1229 3781 1416 3841 Sclauoniae
1434 3782 1561 3852 barrum,

277 3889 467 3971 generaliter
488 3887 613 3948 fuerant
636 3896 835 3968 prorogatae,
866 3888 993 3949 dilative
1017 3888 1172 3968 attigerat
1196 3887 1268 3964 Quo
1292 3888 1436 3960 instante,
1461 3889 1557 3948 medi·

275 4017 357 4077 oque
380 4008 521 4076 tempore
544 3997 686 4076 praelato
710 3997 836 4058 domino
860 3997 991 4057 Nicolao
1004 3998 1117 4057 comite
1141 4005 1173 4057 et
1188 3998 1279 4070 bano,
1298 3998 1400 4059 olficio
1416 3999 1552 4058 banatus

277 4108 417 4183 cedente,
449 4105 650 4184 antelatoque
684 4105 810 4165 domino
834 4105 927 4164 Petro
951 4105 1109 4182 Erdewdy
1133 4105 1256 4182 inipso
1289 4105 1392 4165 officio
1423 4107 1557 4166 banatus

278 4213 485 4288 suecedende,
507 4212 586 4273 teria
609 4212 717 4291 quinta
740 4212 882 4291 proxima
905 4222 977 4290 post
1012 4213 1126 4272 testum
1162 4213 1327 4272 beatorum
1365 4213 1497 4292 Philippi
1530 4222 1561 4273 et

277 4321 382 4382 lacobi
405 4322 624 4400 apostolorum,
648 4321 680 4380 in
711 4320 904 4398 praescripto
939 4339 1023 4380 anno
1059 4319 1176 4380 domini
1207 4319 1370 4380 millesimo
1407 4320 1558 4400 quingen·

277 4428 388 4489 tesimo
419 4427 681 4507 quinquagesimo
715 4427 857 4506 septimo,
888 4420 1115 4504 praeteritum⁷,
1147 4427 1332 4486 Ambrosius
1370 4429 1408 4487 de
1445 4429 1557 4504 Beyez,

276 4555 334 4615 pro
357 4534 500 4615 praefato
535 4534 661 4596 domino
696 4533 834 4612 palatino
871 4542 903 4593 et
937 4535 1168 4594 locumtenente
1204 4534 1300 4613 regio,
1336 4544 1448 4606 actore,
1486 4553 1557 4593 cum

276 4643 499 4723 procuratoriis
522 4643 618 4703 literis
642 4642 782 4702 eiusdem
806 4643 837 4701 in
869 4643 971 4722 figura
1008 4641 1112 4701 iudicii
1144 4641 1285 4700 ciusdem
1322 4641 1439 4701 domini
1474 4643 1558 4701 Petri

278 4751 446 4827 Erdewdy,
463 4751 540 4810 alias
563 4749 646 4827 bani,
663 4749 884 4827 comparando,
901 4748 990 4827 paria
1006 4749 1202 4828 quarundam
1223 4749 1384 4808 literarum
1407 4749 1479 4808 dicti
1504 4750 1555 4808 do-

278 4858 353 4918 miui
376 4857 498 4917 comitis
530 4866 562 4916 et
593 4857 671 4916 alias
702 4857 775 4917 bani
806 4856 1053 4917 inhibitoriarum
1084 4856 1200 4935 pariter
1232 4865 1263 4916 et
1297 4856 1558 4932 evocatoriarum,

277 4967 389 5045 quibus
405 4965 523 5025 scilicet
545 4963 754 5025 mediantibus
769 4963 901 5043 praefati
926 4965 956 5024 in
981 4983 1109 5024 causam
1134 4963 1256 5024 attracti
1282 4982 1352 5024 sese
1378 4982 1415 5024 ac
1440 4964 1556 5024 dictum
1607 4989 1609 4992 ·
