3934 5550
393 332 459 393 472

393 546 476 606 niam
501 548 539 606 de
564 548 687 626 singula
722 546 944 606 communitate
979 546 1135 606 nobilitari
1167 547 1290 606 nonnisi
1322 564 1402 607 onus
1429 548 1522 608 iudex
1546 548 1576 607 in
1600 568 1672 609 con·

392 654 628 735 gregationibus
648 664 769 732 partem
794 654 906 732 capiat,
927 654 1091 733 taliterque
1110 652 1152 713 24
1168 654 1287 714 iudices
1311 655 1440 715 totidem
1464 656 1673 716 nobilitarium

393 762 648 820 communitatum
682 761 757 821 inibi
793 760 904 835 adsint,
940 761 994 820 ubi
1029 770 1134 821 tamen
1170 780 1209 820 ex
1233 761 1373 821 litteratis
1414 757 1451 820 12
1488 781 1673 835 assessores,

392 868 567 946 complures
598 868 753 927 honorarii
785 886 970 939 assessores,
1003 876 1035 928 et
1066 865 1108 926 24
1142 868 1399 941 viceassessores,
1428 887 1558 929 mensae
1595 869 1672 929 assi-

393 977 511 1051 dentes,
541 977 593 1054 qui
625 977 715 1035 simul
746 976 872 1035 sumtim
906 976 1066 1035 illiteratos
1097 974 1355 1035 communitatum
1387 976 1505 1035 iudices
1541 995 1672 1036 numero

393 1092 423 1143 et
440 1084 520 1143 votis
540 1084 604 1143 suis
620 1085 750 1142 multum
769 1093 926 1162 superant,
948 1084 1088 1161 generali
1105 1082 1343 1163 congregationi
1360 1083 1577 1144 interveniunt.
1595 1084 1674 1143 Dein

394 1191 523 1250 veroin
546 1192 710 1251 manifesta
743 1212 812 1250 cum
839 1190 974 1268 praeviis
1000 1190 1159 1250 collisione
1183 1194 1201 1267 §
1225 1188 1277 1251 49.
1301 1192 1485 1264 declaratur,
1510 1192 1594 1269 quod
1618 1212 1673 1270 ge·

393 1298 544 1359 ueralium
573 1298 854 1377 congregationum
878 1298 910 1357 in
934 1298 1057 1375 Campo
1075 1297 1246 1375 Turopolja
1270 1299 1529 1358 celebrandarum
1559 1300 1671 1359 eadem

393 1404 456 1463 sint
480 1410 629 1478 membra,
654 1424 734 1484 quae
759 1414 790 1464 et
814 1405 845 1463 in
870 1404 1073 1465 comitatuum
1098 1405 1407 1484 congregationibus,
1431 1407 1516 1485 quod
1535 1414 1675 1465 caetero-

393 1512 467 1592 quin
497 1512 528 1571 in
560 1515 813 1592 consequentiam
846 1516 863 1589 ξ
889 1510 939 1574 33.
972 1513 1101 1590 exprimi
1131 1514 1274 1587 debebat,
1299 1522 1333 1572 ut
1356 1515 1436 1574 adeo
1459 1534 1557 1591 penes
1581 1514 1676 1573 talem

392 1620 633 1698 repugnantium
667 1620 904 1697 dispositionum
935 1639 1121 1679 concursum
1155 1629 1292 1680 mentem
1315 1620 1520 1700 legislationis
1544 1622 1601 1681 rite
1626 1640 1675 1679 as·

394 1726 481 1804 sequi
505 1735 536 1786 et
560 1727 727 1786 effectuare
752 1727 893 1786 absolute
918 1726 1110 1804 impossibile
1134 1728 1292 1787 evaderet.

500 1834 550 1893 nd
581 1836 598 1909 ἓ
630 1832 680 1893 47.
715 1834 940 1893 advertendum
972 1843 1028 1907 est,
1065 1835 1149 1912 quod
1179 1834 1242 1895 iam
1273 1834 1416 1913 superius
1447 1836 1487 1894 ad
1517 1838 1535 1911 ξ
1559 1833 1611 1894 40.
1628 1854 1674 1894 re-

397 1942 511 1999 flexum
537 1942 684 2001 babetur:
720 1944 804 2020 quod
828 1942 973 2002 videlicet
997 1961 1052 2019 pro
1077 1961 1124 2016 en,
1147 1962 1188 2001 ne
1212 1942 1373 2002 arbitrium
1396 1951 1428 2003 et
1451 1943 1567 2002 diversi
1602 1942 1676 2002 abu·

394 2068 448 2108 sus
479 2049 509 2107 in
542 2048 693 2108 electione
722 2049 961 2128 magistratuum
986 2050 1225 2124 communitatis
1259 2051 1459 2129 ipsorumque
1493 2068 1675 2129 repraesen-

394 2157 524 2215 tantium
542 2176 579 2215 ex
595 2156 778 2234 imperfecta
795 2156 948 2216 eiusmodi
962 2157 1042 2237 legis
1062 2158 1239 2234 provisione
1252 2166 1449 2231 enascantur,
1462 2157 1676 2217 modalitatcm

396 2264 554 2323 electionis
580 2262 701 2342 aliaque
725 2282 839 2323 nexum
872 2264 1020 2323 habentia
1043 2265 1201 2343 requisita,
1225 2266 1327 2343 prouti
1351 2265 1382 2325 id
1406 2274 1550 2344 respectu
1575 2271 1676 2323 caete·

394 2388 498 2430 rorum
530 2370 724 2430 districtuum
755 2372 872 2431 lactum
904 2383 959 2446 est,
983 2392 1040 2451 pro
1064 2372 1188 2450 Campo
1217 2373 1312 2433 etiam
1336 2371 1507 2451 Turopolja
1531 2371 1679 2449 specifice

396 2475 526 2537 delinire
550 2478 769 2539 inevitabiliter
793 2479 1007 2539 necessarium
1031 2479 1079 2539 sit

501 2586 680 2645 Notandum
704 2596 877 2664 praeterea,
901 2588 984 2665 quod
1016 2595 1115 2645 totum
1147 2586 1423 2645 administrationis
1454 2586 1599 2664 publicae
1630 2605 1679 2661 sy·

395 2700 496 2751 stema
520 2710 575 2769 per
606 2694 788 2771 generalem
812 2696 829 2769 §
854 2692 904 2755 49.
931 2694 970 2752 ad
996 2695 1171 2770 exemplum
1195 2693 1397 2768 systhematis
1421 2693 1453 2751 in
1476 2692 1676 2751 comitatibus

396 2799 529 2880 vigentis
553 2800 752 2861 inviationem
785 2802 948 2861 absolvere
971 2821 1172 2880 nequaquam
1195 2801 1338 2876 sufficiat,
1363 2802 1437 2861 dum
1461 2801 1573 2875 scitur,
1597 2793 1680 2877 quod

394 2889 427 2966 in
453 2907 499 2966 his
530 2908 632 2966 adhuc
664 2909 780 2968 nullum
813 2917 930 2967 certum
959 2909 1119 2985 systhema
1143 2909 1296 2984 obtineat,
1320 2916 1351 2967 et
1374 2908 1473 2987 primo
1497 2927 1553 2986 per
1576 2908 1680 2986 legem

396 3015 669 3094 praescribendum
699 3015 812 3089 veniat,
836 3015 955 3075 interea
979 3034 1054 3075 vero
1079 3017 1118 3074 ab
1144 3016 1272 3076 arbitrio
1296 3016 1410 3095 singuli
1435 3016 1600 3076 comitatus
1624 3013 1677 3072 de·

397 3123 536 3200 pendens
569 3123 609 3181 ad
643 3123 861 3181 notorietatem
889 3123 1046 3201 publicam
1069 3123 1100 3182 in
1124 3123 1247 3204 singulo
1272 3125 1422 3182 comitatu
1447 3122 1554 3196 variet,
1578 3140 1680 3199 neque

398 3232 487 3290 adest
513 3229 590 3288 ratio
615 3249 633 3288 a
657 3231 882 3306 praeadoptato
907 3230 938 3289 in
962 3231 1081 3289 cunctis
1105 3231 1174 3290 aliis
1198 3231 1388 3290 districtibus
1413 3230 1563 3308 principio
1588 3229 1677 3287 unice

401 3337 484 3414 apud
508 3337 664 3413 Campum
689 3337 858 3415 Turopolja
890 3339 1105 3416 exceptionem
1133 3338 1297 3405 formandi.
1321 3336 1403 3415 §50.
1427 3347 1527 3398 totum
1551 3335 1679 3396 admini-

400 3443 558 3502 strationis
597 3443 738 3519 publicae
777 3443 916 3503 ordinem
956 3445 1074 3503 incerto
1109 3453 1295 3504 statutorum
1331 3444 1399 3504 eius
1434 3443 1560 3504 eventui
1596 3462 1677 3503 com·

400 3549 558 3609 mittendo

506 3657 556 3716 Ad
580 3660 597 3731 ξ
623 3655 673 3719 51.
698 3666 824 3734 puctum
850 3656 878 3716 3.
903 3658 986 3718 Cum
1010 3659 1041 3718 in
1065 3660 1188 3736 Campo
1203 3659 1373 3737 Turopolja
1397 3679 1502 3718 comcs
1526 3659 1681 3719 terrestris

398 3764 634 3843 campestribus,
667 3766 842 3826 vicecomes
878 3786 952 3826 vero
986 3768 1142 3826 montanis
1176 3767 1448 3827 communitatibus
1484 3768 1681 3846 praepositus

398 3872 446 3946 sit,
482 3872 623 3950 adeoque
655 3880 785 3951 uterque
817 3873 997 3933 distinctum
1030 3874 1201 3934 districtum
1232 3894 1289 3953 pro
1321 3875 1589 3935 administratione
1623 3875 1681 3934 sibi

398 3979 592 4059 assignatum
624 3981 748 4055 habeat,
779 3982 971 4058 paradoxum
1005 3982 1134 4055 videtur,
1158 3989 1192 4040 ut
1216 3984 1300 4042 solus
1334 3983 1518 4054 vicecomes,
1542 3981 1622 4054 licet,
1646 3990 1679 4041 ut

398 4086 604 4164 praemissum
636 4095 692 4160 est,
708 4089 865 4166 proprium
885 4087 1059 4151 districtum
1075 4089 1195 4148 habens
1219 4089 1250 4147 in
1274 4089 1412 4148 recinctu
1436 4089 1529 4147 totius
1553 4106 1675 4147 neocre·

399 4194 472 4254 andi
496 4193 653 4253 districtus
670 4195 904 4272 Turopoljitani,
928 4197 958 4254 in
982 4197 1109 4255 sedibus
1133 4195 1340 4254 dominalibus
1356 4195 1559 4255 urbarialibus
1584 4195 1679 4253 relate

400 4301 439 4360 ad
462 4301 588 4361 colonos
607 4321 625 4360 a
640 4301 851 4361 iurisdictione
869 4303 1033 4362 comitatus
1050 4302 1272 4381 Zagrabiensis
1290 4302 1469 4361 avellendos
1487 4300 1681 4361 celebrandis

399 4407 611 4468 testimonium
641 4417 724 4488 agat.
770 4445 786 4451 --
825 4410 874 4469 Ad
905 4418 1054 4488 punctum
1085 4408 1115 4470 4.
1148 4409 1239 4468 huius
1264 4409 1455 4489 paragraphi
1478 4408 1589 4467 intuitu
1613 4427 1681 4466 ver-

399 4514 513 4573 balium
539 4533 704 4574 causarum
728 4525 759 4574 et
783 4517 907 4594 politiae
925 4517 1109 4595 campestris
1134 4517 1435 4594 praevaricationum
1460 4537 1515 4595 per
1540 4537 1677 4576 commu·

399 4621 513 4680 nitates
538 4621 567 4680 in
592 4622 691 4698 prima
713 4624 858 4683 instantia
875 4625 1111 4684 iudicandarum
1136 4632 1198 4682 stat
1222 4625 1349 4684 reflexio
1374 4626 1414 4685 ad
1439 4627 1476 4700 ἓξ
1499 4623 1550 4683 42.
1575 4634 1606 4682 et
1629 4622 1681 4684 43.

402 4748 570 4801 occurens,
596 4729 637 4788 ita
661 4751 804 4808 qnoque:

508 4837 546 4894 ad
572 4839 589 4910 ξ
615 4835 664 4895 52.
691 4839 817 4896 rcilexio
842 4841 985 4918 superius
1010 4842 1050 4899 ad
1074 4844 1111 4915 ἓξ
1142 4842 1150 4898 l
1181 4851 1211 4900 ct
1236 4842 1254 4898 2
1281 4842 1389 4924 posita.
