3934 5550
1493 432 1553 498 441

281 662 396 719 suram,
429 646 602 726 eodemque
636 648 675 707 ab
708 648 891 709 attentando
921 648 951 708 in
984 651 1121 710 luturum
1154 648 1243 710 simili
1277 668 1354 708 ausu
1379 668 1435 727 pro
1458 649 1509 709 hic
1533 658 1564 709 et

278 775 360 816 nunc
391 754 473 815 serio
503 754 632 817 inhibito
665 756 826 831 existente,
857 757 897 818 ab
928 758 1067 819 ulteriori
1098 776 1210 837 poena,
1233 755 1339 817 habito
1363 756 1560 819 diversarum

277 861 524 925 vicissitudinum
548 864 687 925 moderni
711 864 859 943 temporis
882 873 1037 943 respectu,
1061 884 1133 925 eum
1156 864 1327 925 immunem
1350 866 1557 943 pronunciari.

767 1059 1016 1133 Articulus
1051 1060 1081 1121 4.

393 1205 449 1265 De
477 1204 856 1283 praetensionibus
880 1206 1567 1284 pernonnullosabuniversitate

282 1312 423 1373 factis.

395 1434 420 1498 1.
444 1438 616 1517 Supplicvit
649 1438 842 1499 universitati
866 1438 1012 1499 dominus
1034 1440 1168 1504 Ioannes
1192 1438 1385 1515 Chunchich,
1418 1441 1565 1504 emeritus

286 1544 388 1617 fiscus
412 1552 567 1625 quatenus
588 1545 688 1606 eidem
713 1545 860 1607 salarium
884 1565 941 1623 pro
964 1564 1027 1607 uno
1050 1564 1134 1608 anno
1157 1566 1329 1622 emensum,
1353 1550 1437 1628 quod
1462 1549 1564 1614 adbuc

283 1670 346 1711 non
369 1650 563 1731 peremisset,
586 1652 813 1713 extradandum
838 1652 1006 1726 ordinetur,
1030 1654 1071 1713 ad
1094 1653 1270 1715 cuiusmodi
1292 1654 1474 1733 petitionem
1499 1655 1564 1716 uni-

284 1758 417 1819 versitas
441 1759 614 1838 praelatum
651 1760 879 1839 supplicantem
911 1759 951 1820 ad
982 1758 1166 1839 patientiam
1197 1780 1296 1841 usque
1328 1763 1565 1831 subsecuturam

283 1866 437 1927 rationum
461 1868 572 1947 prioris
604 1886 714 1929 cassae
747 1866 941 1950 perceptoris
971 1867 1089 1928 domini
1121 1867 1250 1949 Georgii
1282 1869 1453 1951 Pogledich
1485 1870 1565 1931 revi-

282 1972 411 2048 sionem,
436 1994 474 2035 ex
498 1975 610 2055 quibus
634 1974 788 2051 videlicet,
812 1994 852 2034 an
876 1983 1106 2055 praeattactum
1130 1976 1278 2036 salarium
1299 1978 1483 2060 perceperit,
1507 1998 1566 2039 nec

282 2102 322 2143 ne
346 2082 515 2163 apparebit,
538 2082 716 2143 habendam
740 2083 900 2163 relegavit.

390 2206 418 2267 2.
443 2207 525 2271 Cum
549 2209 715 2270 occasione
731 2216 909 2288 postremae
926 2217 1094 2271 transenae
1117 2209 1258 2271 militaris
1282 2212 1426 2293 singulae
1451 2214 1563 2274 domus

283 2316 516 2395 possessionum
551 2318 660 2397 Nagy·
695 2326 726 2377 et
758 2316 982 2377 KissGoricza
1016 2318 1128 2395 partim
1160 2338 1280 2395 carnes,
1313 2319 1424 2397 partim
1459 2319 1565 2380 vinum

284 2423 478 2487 transenanti
501 2424 631 2485 militiae
652 2423 853 2505 suppeditare
876 2423 1052 2495 debuerint,
1075 2443 1114 2484 ex
1138 2444 1177 2487 eo
1200 2426 1437 2506 praetensiones
1460 2428 1566 2489 huius·

283 2532 367 2592 modi
398 2532 551 2593 habentes
583 2552 689 2593 coram
722 2532 849 2593 domino
882 2534 995 2593 comite
1019 2534 1160 2593 terrestri
1183 2536 1263 2595 tales
1287 2535 1513 2616 legitimabunt‚
1536 2544 1568 2596 et

284 2639 427 2702 dominus
454 2649 618 2721 perceptor
650 2642 778 2702 easdem
803 2640 931 2715 interea,
962 2640 1063 2701 donec
1091 2641 1130 2700 de
1153 2640 1372 2705 bonificatione
1403 2642 1468 2703 suis
1490 2644 1566 2704 locis

284 2766 424 2830 congrua
455 2748 578 2828 disponi
608 2747 774 2828 potuerint,
808 2768 885 2828 erga
918 2747 1167 2830 assignationem
1198 2749 1315 2810 domini
1349 2750 1471 2812 comitis
1505 2759 1565 2812 ter·

284 2857 391 2918 restris
415 2878 432 2918 e
457 2876 548 2918 cassa
572 2859 680 2919 solvet.

390 2965 452 3025 Per
474 2967 640 3044 losephum
664 2965 852 3045 Briglevich‚
877 2966 1035 3026 antelatae
1058 2965 1269 3029 universitatis
1293 2965 1351 3026 iuri
1375 2965 1565 3026 ordinarium

285 3071 439 3131 notarium
463 3091 503 3131 m.
520 3091 550 3150 p.

391 3191 545 3264 originale.
564 3192 596 3246 ln
624 3193 738 3246 archivo
766 3205 910 3248 commun.
940 3195 1008 3249 nob.
1042 3195 1079 3248 de
1104 3195 1271 3265 Turopolje:
1300 3195 1566 3266 congregationatia

285 3282 353 3336 lasc.
373 3281 433 3337 stt.

393 3713 485 3775 Anno
513 3712 606 3777 1813.
632 3713 683 3780 30.
709 3717 896 3778 novembris.
921 3716 1079 3794 Laybaclr.

284 3907 404 3973 Boron
429 3908 633 3974 lattermon
664 3931 712 3976 an
743 3909 808 3976 dan
840 3909 1049 3995 Vicegespon
1085 3911 1255 3976 Dolovacc
1289 3912 1328 3974 in
1364 3911 1484 3996 Bezug
1505 3910 1567 3974 der

288 4035 365 4078 vom
399 4014 518 4102 Konig
552 4015 792 4104 genekmigien
839 4015 1321 4100 Turopolje·Draganie‘oner
1365 4015 1569 4097 „kroalisch-

683 4121 878 4208 illyrischen
902 4122 1165 4210 Freiwilligen.“

1334 4266 1432 4320 Praes.
1451 4267 1505 4322 sot

393 4395 590 4458 Allerhbchst
616 4394 710 4454 Scine
733 4393 885 4470 Majestat
909 4395 1023 4456 Kaiser
1046 4395 1109 4456 und
1132 4394 1238 4474 Kbnig
1261 4395 1365 4455 haben
1396 4394 1474 4454 tiber
1497 4394 1569 4470 den,

286 4503 409 4563 Hbchst
432 4500 644 4563 denenselben
668 4501 899 4582 unterthttnigst
922 4502 1131 4582 angezeigton
1162 4501 1287 4582 Antrag
1316 4503 1371 4562 der
1403 4501 1564 4562 adelichen

288 4609 505 4670 Kommunitdt
527 4629 566 4670 zu
591 4609 769 4689 Turopolye
794 4609 863 4670 eine
887 4610 1087 4690 Kompagnie
1102 4629 1166 4669 von
1181 4607 1248 4672 200
1271 4588 1379 4670 armirt
1387 4592 1457 4670 1ωά
1480 4627 1567 4669 mon·

286 4717 379 4779 tirten
403 4717 536 4796 Kbpfen,
560 4718 624 4779 und
647 4735 683 4777 so
707 4717 787 4777 auch
811 4716 867 4777 der
891 4717 1065 4778 Gemeinde
1097 4717 1280 4798 Draganich
1312 4716 1382 4778 eine
1413 4725 1564 4797 ansgerii·

286 4834 366 4886 stete
389 4825 588 4906 Kompagnie
611 4844 674 4885 von
701 4823 763 4889 100
786 4825 885 4887 Mann
908 4845 947 4885 zu
971 4827 1089 4901 stellen,
1113 4826 1191 4887 iiber
1212 4826 1300 4888 diese
1328 4824 1470 4886 Beweise
1504 4843 1566 4885 von

286 4933 602 4994 ohnverttnderlicher
625 4942 728 4996 treuer
761 4933 1026 5014 Arnsnglichkeit
1060 4935 1118 4994 das
1153 4933 1361 4994 allerhbchste
1391 4933 1567 4993 besondere
