3934 5550
808 1569 957 1667 Anno
998 1565 1283 1666 MDOXVI.

526 1832 617 1895 1616.
642 1831 694 1893 30.
718 1834 854 1893 octobris
878 1834 908 1892 in
933 1834 1028 1912 Nagh
1052 1833 1205 1910 Gorycza,
1229 1833 1436 1912 congregatio
1461 1835 1543 1894 lacta
1566 1843 1614 1895 est
1636 1853 1691 1896 no-

411 1941 516 2000 bilium
533 1941 647 2019 Campi
663 1941 899 2021 Zagrabiensis.
914 1935 1088 2000 Statutum¹
1113 1947 1168 2013 est,
1192 1949 1226 1998 ut
1241 1940 1375 2018 plebano
1404 1941 1565 2002 Matthaeo
1589 1943 1691 2022 Drug-

411 2050 510 2125 chych
536 2050 569 2110 B.
594 2050 630 2108 V.
655 2049 700 2110 M.
724 2048 756 2108 in
779 2048 862 2108 dicta
885 2049 980 2127 Nagh
1015 2047 1160 2124 Gorycza
1187 2047 1343 2120 fundatae,
1368 2048 1520 2109 medietas
1543 2050 1618 2109 milii
1641 2069 1690 2110 ec·

410 2157 525 2216 clesiae
560 2157 658 2229 detur,
690 2156 734 2215 ita
764 2164 878 2230 tamen,
910 2155 995 2234 quod
1027 2163 1168 2234 tempore
1205 2155 1362 2216 discessus
1394 2156 1535 2216 eiusdem
1566 2157 1691 2236 plebani

411 2264 493 2324 illam
519 2265 719 2323 medietatem
743 2263 801 2322 sibi
825 2263 932 2323 datam
955 2282 1012 2342 pro
1035 2263 1209 2322 inventario
1232 2262 1365 2342 reliquat
1380 2263 1542 2325 ecclesiae.
1569 2263 1690 2324 Deinde

411 2390 548 2449 sapones
572 2371 673 2430 eidem
708 2371 813 2430 statim
837 2372 957 2445 dentur,
982 2391 1002 2430 a
1026 2371 1150 2451 singula
1175 2371 1268 2431 domo
1292 2378 1403 2449 quarta
1426 2372 1531 2431 media
1553 2371 1636 2446 milii,
1660 2380 1691 2432 et

409 2480 468 2538 alia
492 2479 597 2538 media
627 2486 739 2557 quarta
769 2479 878 2552 tritici3
902 2497 965 2539 non
988 2479 1140 2538 habentes
1165 2478 1296 2540 triticum
1323 2478 1478 2558 siliginem
1502 2479 1691 2539 tenebuntur

414 2587 499 2646 dare.
524 2586 694 2663 Postquam
718 2594 802 2645 esset
826 2585 966 2646 novicius
990 2587 1072 2647 idem
1097 2586 1257 2663 plebanus,
1282 2605 1300 2642 a
1324 2586 1446 2665 singula
1471 2587 1564 2646 domo
1589 2587 1689 2646 eidem

409 2694 565 2754 dabuntur
598 2695 715 2774 gallina
746 2695 796 2753 vel
825 2695 924 2774 pulus.
955 2694 1067 2753 Eidem
1099 2694 1233 2772 plebano
1258 2695 1340 2753 dono
1365 2695 1517 2754 dederunt
1541 2694 1690 2775 imprimis

409 2802 553 2861 dominus
588 2820 694 2861 comes
727 2801 818 2863 tritici
854 2821 949 2864 unam
984 2810 1137 2880 quartam,
1171 2802 1316 2863 dominus
1350 2802 1499 2863 Nicolaus
1532 2802 1689 2881 Pepelych

408 2918 551 2988 quartam
574 2909 674 2982 tritici,
698 2910 876 2987 Stephanus
900 2910 1047 2970 Arbanaz
1072 2908 1163 2969 tritici
1187 2918 1330 2987 quartam
1354 2930 1458 2983 unam,
1483 2911 1585 2970 Lucas
1610 2912 1685 2969 Ter-

414 3018 539 3093 nynych
561 3016 698 3077 mediam
723 3026 866 3095 quartam
890 3017 991 3079 tritici.

515 3124 645 3183 Ratione
674 3124 835 3183 cuiusdam
869 3124 953 3183 vituli
977 3124 1099 3203 providi
1123 3124 1258 3201 Caspari
1282 3124 1446 3201 Kranyecz
1479 3143 1534 3202 per
1568 3124 1688 3203 Grego-

408 3232 487 3290 rium
511 3230 722 3307 Domitroych‚
746 3232 790 3289 uti
807 3231 1019 3308 praetenditur
1036 3231 1188 3291 interlecti
1205 3231 1409 3290 deliberatum
1427 3242 1482 3305 est,
1507 3231 1591 3309 quod
1608 3231 1690 3291 idem

409 3338 582 3417 Gregorius
607 3339 646 3397 ab
670 3338 742 3397 hinc
766 3337 794 3398 8.
820 3339 869 3399 die
894 3340 961 3398 sola
985 3358 1043 3399 sua
1064 3341 1097 3399 in
1121 3357 1256 3417 persona
1279 3338 1366 3418 iuret,
1395 3339 1479 3418 quod
1507 3339 1621 3398 dictum
1645 3338 1689 3397 vi·

407 3446 506 3505 tulum
541 3465 599 3504 nec
630 3447 784 3524 percussit
816 3466 874 3505 nec
905 3447 1004 3520 laesit,
1035 3464 1136 3525 neque
1164 3464 1262 3506 causa
1293 3448 1341 3506 sui
1373 3454 1422 3506 est
1453 3446 1640 3519 interfectus,
1664 3446 1690 3505 si

407 3553 557 3616 iuraverit
581 3554 769 3629 absolvetur,
793 3554 819 3614 si
843 3554 954 3629 minus,
970 3554 1071 3613 solvet
1089 3572 1183 3632 super
1206 3556 1312 3614 valore
1336 3573 1391 3634 per
1411 3554 1587 3632 Gasparem
1611 3554 1689 3614 Kra-

407 3679 506 3737 nyecz
522 3660 696 3721 iuramento
712 3670 935 3740 recuperante,
958 3661 1072 3722 iurabit
1095 3680 1201 3721 coram
1218 3662 1344 3722 domino
1359 3663 1481 3736 comite,
1505 3681 1543 3721 eo
1560 3662 1689 3722 absente

409 3768 536 3845 [coram]
561 3769 691 3827 notario.

513 3876 641 3935 Intra
675 3878 941 3937 annotatio:
981 3876 1074 3941 1606.
1105 3876 1155 3940 23.
1188 3877 1332 3951 octobris,
1356 3878 1418 3963 hoc
1447 3886 1495 3937 est
1530 3878 1686 3937 dominico

407 3982 458 4042 die
490 3982 629 4059 proximo
662 3992 733 4062 post
767 3985 872 4043 Lucae
907 3980 1138 4063 evangelistae²
1168 3984 1360 4044 reverendus
1392 3993 1481 4061 pater
1506 3984 1687 4045 Matthaeus

407 4084 585 4168 Drugtych³
607 4090 638 4148 in
663 4090 775 4151 Maiori
798 4091 933 4151 Goricza
956 4092 1059 4170 coepit
1083 4111 1179 4171 agere
1203 4092 1413 4171 plebanatum.

510 4246 656 4319 Originale
681 4248 862 4303 chartaceum
881 4251 909 4303 in
928 4250 1043 4303 archivo
1068 4266 1209 4303 commun.
1232 4250 1297 4303 nob.
1318 4250 1355 4302 de
1374 4248 1540 4319 TuropolJe:
1561 4248 1687 4319 Congre-

406 4336 559 4406 gationalia
578 4336 646 4391 fasc.
673 4339 697 4391 7.

516 4516 678 4585 ¹scriptum
700 4524 848 4570 »statum«.
888 4518 959 4573 ²23.
980 4520 1117 4573 octobris.
1161 4518 1238 4573 ³sic.

975 4714 991 4748 *
1100 4716 1116 4748 ‘lt

1036 4764 1052 4798 ²&
