3934 5550
426 396 493 460 272

541 616 668 675 Tertio:
692 616 741 674 An
765 615 836 693 quis
860 622 929 674 acta
945 615 1067 675 notario
1089 634 1127 675 ex
1150 614 1293 674 mamhus
1315 614 1446 692 excepit.
1464 612 1527 683 ubi,
1542 610 1715 690 quomodo,

425 734 457 783 et
479 725 557 803 quid
580 724 761 803 loquendo?

534 832 677 905 Quarto:
700 830 785 905 Quid
807 829 972 889 ultimatim
988 830 1019 889 in
1034 849 1206 909 congressu
1227 828 1458 888 communitatis
1479 836 1553 906 post
1576 832 1712 901 accepta

427 958 478 995 rac
502 938 528 995 si
553 948 660 996 tamen
684 946 815 1014 accepta
847 940 930 1012 suut)
954 945 1034 1009 acta,
1057 946 1169 1009 actum,
1191 945 1222 995 et
1245 938 1424 995 conclusum
1446 934 1513 1009 fuit,
1535 943 1570 993 et
1595 930 1713 1011 quibus

424 1044 666 1122 praesentibus?

532 1150 668 1225 Quinto:
693 1151 743 1209 An
769 1151 809 1209 ad
833 1152 973 1209 ultimum
1004 1152 1087 1209 hunc
1110 1160 1212 1209 actum
1236 1150 1330 1209 etiam
1352 1150 1504 1211 officiales
1526 1146 1711 1225 superiores

427 1260 532 1317 vocati
556 1258 680 1332 tuerint,
704 1258 758 1336 qui
781 1268 813 1317 et
836 1277 892 1335 per
916 1260 1031 1336 quem?

530 1366 644 1424 Serto:
668 1364 749 1441 Quis
773 1365 1033 1424 excellentissimo
1056 1364 1180 1424 domino
1203 1364 1306 1423 comiti
1328 1365 1412 1423 bauo
1430 1364 1644 1422 turbulentam
1661 1360 1705 1419 uti

423 1474 591 1550 exponitur
607 1473 710 1532 dictae
729 1473 961 1531 communitatis
981 1472 1158 1531 officialium
1173 1472 1431 1532 restaurationem
1446 1468 1710 1549 repraesentavit,

423 1589 455 1639 et
478 1599 578 1658 quare
602 1581 634 1639 id
658 1588 929 1657 repraesentatum
954 1581 1023 1637 cst?

531 1688 691 1766 Septimo:
723 1688 834 1746 L'trum
859 1686 969 1764 aliquis
992 1705 1031 1744 ex
1054 1686 1186 1745 dominis
1208 1686 1399 1759 otticiahhus,
1416 1686 1642 1759 assessoribus,
1659 1688 1714 1746 vel

426 1796 496 1854 aliis
528 1796 626 1854 etiam
654 1795 725 1868 hoc,
755 1803 810 1853 aut
840 1793 993 1872 prioribus
1025 1794 1118 1852 etiam
1149 1793 1238 1852 annis
1264 1813 1387 1872 perse,
1410 1803 1465 1853 aut
1488 1812 1545 1871 per
1568 1812 1646 1852 suos
1670 1792 1712 1851 ad

423 1922 458 1961 se
483 1903 630 1980 aliquem,
654 1910 686 1959 et
709 1920 766 1979 per
790 1920 861 1960 eum
886 1900 963 1959 alios
987 1920 1025 1959 ex
1049 1901 1270 1960 communitate
1300 1901 1486 1973 inritaverit,
1510 1901 1561 1959 vel
1584 1898 1713 1959 invitari

421 2008 541 2079 iecerit,
565 2008 760 2085 eosdemque
785 2007 926 2067 alocutus
948 2006 1050 2082 fuerit,
1073 2016 1104 2065 et
1126 2008 1267 2079 svaserit,
1298 2018 1497 2087 tractareque
1521 2007 1713 2086 promiserit,

423 2127 457 2174 ut
481 2114 585 2174 eidem
609 2132 667 2192 pro
690 2112 894 2192 adipiscendo
917 2113 1020 2171 officio
1042 2121 1148 2172 votum
1171 2114 1302 2172 darent?

533 2222 639 2281 Primo
662 2220 769 2298 itaque
794 2220 824 2279 in
848 2220 956 2279 ordine
979 2226 1077 2279 testes
1099 2220 1219 2281 nobiles
1241 2222 1343 2281 Lucas
1366 2229 1398 2281 et
1421 2222 1574 2281 Matthias
1596 2221 1710 2280 Chun-

423 2332 524 2399 chich,
556 2328 676 2387 iudices
711 2326 943 2387 communitatis
977 2327 1152 2405 Superioris
1183 2337 1215 2387 et
1243 2328 1398 2388 Inferioris
1429 2330 1549 2399 Kuche,
1582 2327 1711 2387 Blasius

422 2439 507 2511 item,
539 2435 709 2514 Georgius,
741 2434 881 2493 Thomas
913 2441 943 2492 et
978 2434 1121 2493 Andreas
1142 2434 1335 2512 Chunchich,
1357 2445 1524 2514 praeterea
1547 2436 1711 2515 Georgius

422 2541 652 2613 Puczekovich,
676 2540 828 2600 Matthias
852 2540 1050 2599 Hervachich
1072 2550 1103 2600 et
1126 2541 1275 2602 Matthias
1298 2544 1445 2615 Luchich,
1468 2544 1615 2617 adiurati,
1631 2564 1710 2603 exa-

423 2651 543 2723 minati,
560 2669 618 2709 suo
643 2667 783 2726 suaeque
809 2648 1040 2708 communitatis
1062 2650 1185 2708 nomine
1208 2649 1283 2708 fassi
1305 2659 1337 2710 et
1361 2653 1499 2711 attestati
1519 2662 1595 2712 sunt
1610 2653 1710 2712 scitu:

534 2756 584 2816 Ad
609 2754 761 2835 primum:
786 2754 836 2814 Da
859 2775 878 2831 y
902 2755 993 2814 kruto
1016 2775 1056 2814 ne
1079 2776 1186 2816 szamo
1208 2758 1259 2817 ovi
1282 2779 1360 2835 gore
1383 2756 1602 2836 posztaviieni,
1625 2781 1713 2840 nego

424 2887 445 2942 y
471 2865 552 2924 rech
587 2863 710 2941 drugeh
743 2862 784 2921 od
815 2861 929 2920 nihove
961 2861 1092 2922 obchine
1124 2863 1176 2922 bili
1200 2877 1261 2923 ‘szu
1294 2885 1336 2923 su
1366 2867 1546 2926 naradnem
1570 2867 1714 2927 szvoiem

425 2969 632 3050 szpravischu
657 2987 696 3026 za
721 2967 868 3027 izbiranie
892 2968 1041 3027 officerov
1073 2971 1154 3028 ovde
1176 2990 1216 3030 na
1239 2973 1302 3030 dan
1324 2983 1434 3033 szrete
1457 2974 1585 3041 Luciae,
1617 2995 1640 3051 y
1672 2975 1716 3033 da

426 3081 474 3138 ios
497 3096 597 3156 perro
621 3076 721 3154 thoga
744 3075 817 3134 med
841 3074 969 3134 szobum
990 3075 1083 3134 doma
1105 3079 1289 3154 szpravlieni
1304 3098 1343 3138 za
1356 3079 1506 3140 izbiranie
1522 3082 1714 3141 officerszko

426 3185 491 3244 billi
517 3203 574 3242 szu
598 3181 797 3254 dokonchali,
820 3201 840 3257 y
864 3181 927 3240 kak
950 3200 1006 3240 szu
1032 3183 1113 3241 onde
1143 3184 1335 3258 dokonchali,
1368 3187 1536 3246 iednakem
1567 3189 1714 3267 glaszom

426 3293 510 3352 orde
534 3289 621 3348 takai
645 3297 773 3348 votume
798 3288 884 3346 svoie
909 3287 979 3359 dati,
1002 3308 1023 3364 y
1046 3288 1170 3350 izebraii
1192 3311 1231 3350 za
1252 3313 1414 3371 goszpona
1429 3313 1530 3372 spana
1547 3315 1716 3374 goszpoua

426 3399 613 3458 obersztara
644 3393 816 3474 Pogledich
850 3393 939 3468 luria,
971 3413 1009 3452 za
1037 3397 1211 3456 notariussa
1242 3418 1402 3477 goszpona
1426 3401 1544 3460 Mixich
1569 3403 1714 3475 lanussa,

426 3524 465 3564 za
489 3503 661 3580 vicespana
685 3519 848 3580 goszpona
871 3499 952 3560 luria
968 3502 1171 3576 lancheticha,
1194 3523 1232 3563 za
1254 3507 1402 3584 kapitana
1418 3527 1585 3587 goszpona
1609 3509 1714 3569 Arba·

427 3629 525 3670 nasza
562 3608 752 3680 Mikloussa,
788 3625 825 3666 za
861 3607 996 3672 fiskussa
1028 3629 1188 3688 goszpona
1222 3611 1409 3673 Matthiassa
1443 3616 1639 3694 Sipussicha,
1675 3637 1715 3677 za

425 3715 633 3778 zasztavuika
665 3715 852 3773 Matthiassa
885 3715 1154 3789 Haraminchicha,
1176 3737 1215 3776 za
1237 3719 1471 3801 obchinszkoga
1494 3723 1578 3782 iuria
1602 3725 1714 3803 Sipus·

425 3825 524 3896 sicha,
548 3841 587 3882 za
611 3823 722 3901 lugare
750 3821 847 3879 ianka
879 3821 1062 3882 Arbanasza
1084 3843 1105 3899 y
1128 3824 1266 3901 Mihalya
1294 3827 1497 3907 Augusticza,
1522 3849 1561 3889 za
1585 3829 1714 3890 detiche

425 3931 526 3992 Paula
549 3927 758 4000 Fabechicha,
789 3925 915 3987 Salicha
942 3929 1052 4005 Janka,
1081 3930 1199 3989 Mikulu
1230 3932 1420 4010 Sipussicha,
1443 3937 1572 3996 Laczka
1596 3938 1713 4018 Pogle·

425 4039 528 4110 dicha,
552 4035 732 4094 Thomassa
756 4033 949 4094 szetnicha
971 4055 992 4112 y
1015 4036 1184 4097 Matthiasa
1210 4039 1423 4115 Chunchicha,
1446 4062 1547 4103 rauno
1579 4045 1646 4118 tak,
1671 4047 1715 4105 da

424 4142 590 4224 yofficeri
622 4141 810 4200 verhovszki
842 4161 859 4198 z
892 4140 1067 4202 ieduakemi
1098 4145 1264 4220 nyhovemi
1288 4147 1415 4220 votumi,
1445 4149 1499 4209 hoi
1529 4170 1588 4209 szu
1612 4153 1715 4212 szada

424 4251 575 4323 izebrani,
590 4269 612 4326 y
628 4247 833 4327 posztavlieni
851 4247 945 4309 ieszu.
968 4249 1018 4308 Ad
1041 4253 1227 4312 secuudum:
1250 4254 1297 4312 Ex
1314 4275 1377 4334 quo
1400 4257 1432 4315 iu
1455 4258 1539 4317 votis
1562 4260 1606 4318 ad
1630 4261 1716 4320 elec·

424 4363 542 4422 tionem
567 4353 814 4435 praemissorum
837 4354 1044 4430 coalluissent,
1070 4357 1151 4418 nihil.
1175 4359 1225 4418 Ad
1247 4362 1387 4421 tertium:
1419 4363 1469 4422 Da
1491 4383 1556 4424 oua
1579 4367 1707 4443 piszrna

423 4467 507 4527 kade
532 4481 675 4543 goszpon
700 4459 840 4518 notarius
860 4459 1006 4520 izcbrane
1021 4463 1146 4523 otticere
1168 4465 1210 4523 bil
1233 4466 1262 4525 ie
1284 4469 1434 4545 popiszai,
1457 4471 1577 4548 potiam
1601 4472 1635 4531 bi
1660 4493 1716 4534 sze

422 4592 478 4633 vre
513 4571 587 4631 billa
619 4575 739 4647 gotovo
769 4564 902 4625 obchina
934 4567 1100 4627 raszhaiati
1130 4571 1242 4636 hotela
1271 4593 1292 4649 y
1323 4575 1386 4634 had
1409 4596 1467 4635 szu
1489 4598 1575 4637 zvun
1607 4581 1716 4658 grada

421 4677 541 4740 officeri
574 4672 697 4745 izzissh,
729 4691 870 4750 goszpon
902 4673 1044 4750 Ligutich
1068 4674 1117 4734 nie
1139 4680 1284 4738 zmeknul
1307 4681 1336 4740 ie
1358 4683 1400 4742 od
1429 4701 1597 4762 goszpona
1621 4695 1714 4746 nota·

420 4787 534 4859 riussa,
557 4801 578 4859 y
602 4779 781 4857 govorcch:
807 4796 840 4836 sa
859 4777 1015 4857 uiednoga
1032 4780 1168 4854 otticera,
1183 4783 1244 4859 koy
1260 4785 1289 4843 ie
1303 4788 1368 4865 god
1383 4789 1482 4848 szada
1502 4792 1716 4867 posztavliem

418 4913 458 4956 za
483 4891 614 4952 officera
639 4903 678 4944 ne
704 4883 829 4958 dersim,
852 4885 928 4963 pred
952 4887 1068 4945 vszemi
1088 4888 1247 4967 podrapai
1264 4892 1313 4950 Ad
1327 4903 1492 4970 quartum:
1516 4897 1568 4956 Da
1591 4899 1717 4975 potlam
