3934 5550
1495 417 1560 489 tol

278 632 393 700 riorum
426 631 732 721 Turopoljitanorum
764 633 911 700 nobilium
943 638 975 700 in
1006 637 1155 701 comitatu
1179 642 1385 723 Zagrabiensi
1409 643 1475 702 iure
1500 644 1564 703 voti

278 746 553 827 disceptationibus
589 756 619 806 et
654 747 903 807 contentionibus
939 768 1049 808 ansam
1084 749 1221 823 datura*
1239 768 1303 809 non
1326 750 1429 811 minus
1464 768 1558 829 quam

285 865 316 915 et
340 864 489 933 punctum
514 854 737 915 correlationes
761 854 874 935 Campi
905 854 1077 932 Turopolja
1107 864 1252 935 respectu
1275 857 1366 937 regni
1389 876 1564 937 congrega-

281 964 400 1023 tionum
432 962 609 1043 attingens·
635 982 705 1021 cum
737 962 819 1037 illud,
850 961 954 1041 prouti
985 962 1128 1041 superins
1160 964 1407 1024 demonstratum
1436 972 1492 1039 est,
1525 965 1564 1023 ad

284 1070 489 1131 domesticam
513 1088 682 1150 regnorum
716 1071 908 1129 adnexorum
932 1070 1141 1147 provisionem
1165 1070 1344 1149 pertineret,
1368 1071 1487 1131 exmitti
1510 1072 1563 1130 de-

284 1180 358 1238 bere
381 1176 413 1237 in
437 1178 601 1256 propatulo
625 1184 681 1237 est

388 1311 582 1371 Peculiorem
615 1309 708 1369 etiam
740 1311 1022 1370 considerationem
1054 1310 1137 1369 subit
1159 1310 1344 1389 principium
1374 1311 1415 1371 ad
1447 1312 1564 1372 calcem

281 1418 475 1498 praeambuli
499 1416 590 1477 huius
613 1418 868 1496 praestabilitum,
900 1418 986 1477 velut
1017 1417 1135 1477 iuribus
1169 1436 1338 1497 regnorum
1370 1419 1562 1478 adnexorum

282 1546 402 1585 summe
424 1524 702 1605 praeiudiciosum:
727 1526 811 1604 quod
831 1525 976 1585 videlicet
992 1525 1148 1605 generalis
1172 1544 1341 1605 regnorum
1358 1526 1468 1585 horum
1492 1544 1564 1585 con-

278 1634 424 1715 gregatio
449 1652 505 1711 per
527 1633 632 1712 legem
656 1632 870 1693 coordinanda
894 1632 940 1691 sit.

383 1768 563 1847 Sequuntur
586 1766 648 1825 iam
672 1786 754 1825 nunc
774 1766 958 1825 reflexiones
995 1765 1079 1825 circa
1102 1766 1298 1846 singilativos
1322 1768 1558 1845 paragraphus:

389 1904 427 1979 §§
456 1900 480 1964 1.
505 1908 536 1961 et
561 1900 588 1960 2.
613 1900 743 1960 involvit
767 1901 967 1979 quaestiones
991 1901 1136 1961 territorii
1156 1908 1187 1960 et
1203 1900 1422 1960 iurisdictionis
1438 1901 1561 1979 Campo

278 2008 452 2089 Turopolja
484 2009 678 2085 tribuendae,
712 2027 843 2087 quarum
873 2016 1005 2087 utraque
1037 2008 1160 2067 nonnisi
1187 2008 1459 2088 praeliminaribus
1481 2009 1563 2087 prin·

277 2119 377 2197 cipiis,
402 2136 483 2195 quae
500 2116 643 2195 superius
659 2116 861 2194 provocative
878 2116 918 2175 ad
934 2115 1172 2193 praeambulum
1191 2123 1309 2176 attacta
1332 2123 1412 2189 sunt,
1435 2117 1563 2195 praevie

277 2246 317 2285 ex
341 2224 484 2304 proiesso
508 2223 663 2301 superatis
687 2224 871 2300 pertractari
895 2229 1007 2300 potest.
1031 2223 1114 2282 Nam
1138 2224 1226 2282 salvo
1246 2222 1432 2301 privilegiali
1450 2222 1563 2301 Campi

258 2329 450 2410 'Turopolja
475 2338 566 2403 statu,
590 2330 644 2408 qui
666 2338 773 2389 tamen
807 2329 903 2408 ipsius
934 2328 1185 2389 iurisdictionalis
1209 2329 1430 2389 consistentiae
1453 2330 1563 2389 tunda-

278 2447 416 2500 mentum
452 2437 618 2510 constituit,
654 2436 823 2496 iurisdictio
859 2436 972 2515 Campi
1006 2437 1046 2496 ad
1077 2436 1198 2495 nobiles
1232 2437 1341 2512 solum,
1365 2438 1562 2515 compromit-

280 2545 411 2606 tentium
435 2545 568 2604 condam
594 2550 811 2603 antenatorum
845 2562 1054 2618 successores,
1078 2543 1165 2602 etin
1188 2544 1325 2603 recinctu
1359 2542 1426 2602 eius
1454 2543 1562 2603 nobili-

277 2654 360 2714 taria
392 2651 589 2731 possessoria
611 2651 764 2710 habentes
782 2650 932 2725 restricta,
957 2651 997 2709 ad
1021 2650 1176 2730 ignobiles
1199 2650 1230 2708 in
1253 2651 1375 2730 gremio
1399 2652 1562 2730 degentes,

279 2769 334 2822 aut
356 2762 449 2840 plane
481 2759 566 2838 ipsos
596 2758 628 2818 in
663 2757 869 2818 urbarialibus
901 2758 1055 2838 degentes
1079 2758 1206 2818 colon'os
1231 2758 1411 2836 neutiquam
1435 2757 1562 2818 extendi

286 2877 398 2947 potest,
421 2886 483 2947 quo
506 2865 693 2945 privilegiali
723 2866 893 2926 modernae
918 2865 1139 2926 consistentiae
1163 2865 1278 2944 Campi
1301 2865 1472 2943 Turopolja
1496 2883 1563 2925 car·

284 2977 357 3035 dine
382 2993 438 3054 per
454 2976 658 3053 proiectatam
676 2974 878 3048 extensivam,
900 2974 960 3053 ipsi
976 2973 1159 3034 institutioni
1175 2973 1364 3054 originariae
1388 2975 1563 3048 adversam,

279 3083 511 3143 innovationem
524 3081 662 3155 subruto,
680 3081 973 3160 superaedificatum
997 3099 1130 3159 quoque,
1151 3099 1207 3140 seu
1223 3081 1453 3141 neocreandam
1470 3080 1558 3140 iuris-

279 3190 446 3251 dictionem
470 3189 539 3248 basi
563 3207 620 3248 sua
643 3188 792 3248 historica
816 3189 886 3248 exui
917 3196 1115 3266 opporteret3
1146 3188 1231 3266 quod
1254 3207 1325 3247 cum
1348 3187 1425 3266 ipsis
1447 3186 1562 3265 Campi

277 3295 446 3374 Turopolja
479 3295 641 3370 nobilibus,
674 3295 859 3374 praesertim
884 3295 910 3354 si
933 3294 1081 3354 ulteriora
1105 3294 1268 3354 ellaborati
1292 3294 1420 3372 proiecti
1444 3303 1559 3371 puncta

276 3403 519 3477 considerentur,
543 3403 594 3461 vix
619 3402 824 3462 desiderabile
841 3403 976 3460 loturum
993 3409 1086 3475 esset,
1108 3401 1168 3461 hoc
1193 3401 1287 3462 etiam
1304 3422 1341 3460 ex
1359 3400 1477 3460 motivo
1503 3401 1557 3458 im-

275 3511 516 3591 practicabilitas
550 3511 645 3570 totius
678 3511 772 3571 tantis
804 3510 1061 3588 perplexitatibus
1093 3509 1222 3568 involuti
1253 3507 1358 3587 operis
1390 3515 1501 3586 suapte
1529 3507 1559 3566 in

276 3621 384 3680 oculos
408 3619 522 3679 incidit.

384 3755 448 3815 Sed
485 3761 516 3813 et
551 3753 624 3813 illud
658 3753 819 3813 observari
854 3753 964 3823 debet,
1000 3753 1082 3830 quod
1118 3769 1224 3810 comes
1259 3749 1414 3809 terrestris
1446 3747 1560 3825 Campi

277 3861 448 3940 Turopolja
472 3861 503 3919 in
528 3880 622 3920 sensu
646 3859 694 3939 pri
716 3860 802 3938 ilegii
826 3868 858 3920 et
881 3858 1097 3938 compromissi
1111 3864 1233 3917 tantum
1249 3873 1362 3915 causas
1376 3854 1460 3914 inter
1475 3855 1560 3932 ipsos

277 3969 398 4028 nobiles
422 3967 536 4047 Campi
564 3976 689 4027 exortas
713 3967 882 4027 diiudicare
906 3967 1020 4041 valeat,
1044 3984 1159 4024 causae
1184 3973 1289 4023 autem
1314 3982 1369 4040 per
1393 3971 1560 4021 extraneos

275 4083 384 4136 contra
416 4075 536 4136 nobiles
567 4075 821 4154 Turopoljitanos
855 4083 968 4151 motae,
996 4074 1219 4132 corroborante
1250 4071 1280 4129 id
1305 4087 1429 4148 quoque
1452 4087 1559 4127 recen·
1596 4117 1599 4124 .

275 4183 399 4243 tissimo
423 4203 490 4258 usu,
515 4185 555 4243 ad
579 4183 748 4244 iudicatum
773 4184 938 4243 comitatus
961 4181 1185 4260 Zagrabiensis
1200 4178 1350 4250 recidant,
1367 4177 1456 4239 adeo,
1473 4176 1558 4254 quod

275 4291 429 4350 iudicatus
453 4291 536 4350 sedis
557 4291 695 4370 spanalis
709 4289 964 4370 Turopoljitanae
990 4289 1021 4347 in
1045 4287 1149 4346 causis
1173 4284 1383 4345 criminalibus
1399 4283 1497 4343 relate
1515 4283 1553 4341 ad

276 4397 528 4476 possessionatos
552 4397 583 4456 in
607 4397 730 4476 Campo
762 4398 904 4458 dominos
933 4403 1098 4456 terrestres
1122 4412 1250 4472 prorsus
1274 4392 1394 4452 evictus
1417 4409 1479 4449 non
1504 4389 1558 4463 sit;

275 4511 323 4563 ast
357 4504 448 4563 unice
483 4512 628 4582 respectu
660 4504 877 4583 gregariorum
909 4501 1058 4564 nobilium
1088 4502 1241 4560 hactenus
1272 4497 1428 4558 exereitus
1454 4495 1558 4571 fuerit,

274 4629 376 4688 porr0,
393 4612 476 4690 quod
489 4611 618 4671 intentio
635 4612 772 4671 dominia
796 4619 827 4671 et
850 4611 970 4670 nobiles
995 4610 1026 4668 in
1048 4606 1232 4687 peripheriis
1253 4603 1423 4664 Chichensi
1447 4608 1478 4662 et
1495 4603 1557 4660 Vu-

274 4718 438 4778 kovinensi
462 4718 723 4796 possessionatos‚
760 4726 791 4778 et
826 4719 980 4796 parochos
1013 4717 1044 4774 in
1067 4715 1190 4793 Campo
1224 4709 1395 4789 Turopolja
1418 4717 1450 4768 et
1472 4727 1558 4767 mox-

274 4825 346 4886 latis
377 4826 562 4905 peripheriis
585 4827 781 4886 annimarum
810 4845 904 4886 curae
937 4825 1113 4904 praefectos
1137 4821 1285 4883 iudicatui
1312 4817 1557 4896 TuropoljitanO,

274 4933 482 5011 oneribusque
515 4933 645 4993 testibus
678 4934 938 5014 subsequentibus
970 4914 1178 5012 paragraphis
1210 4949 1248 4988 ex
1279 4930 1376 4987 hacce
1408 4941 1557 5002 excorpo-

1447 5045 1463 5078 ἡ
