3934 5550
365 436 430 498 224

363 652 557 713 cratissimae
591 651 686 711 etiam
710 652 741 710 in
765 651 907 710 confiniis
931 652 1045 711 nostris
1069 659 1245 729 promotum
1269 652 1386 724 videre,
1417 669 1479 728 quo
1502 650 1564 709 fine
1588 668 1646 730 per

364 762 518 840 speciales
541 779 615 820 suas
639 758 744 822 literas
768 758 864 839 exigit
888 760 1085 819 dominorum
1106 769 1243 818 statuum
1260 771 1292 818 et
1306 758 1450 818 ordinum
1466 758 1557 838 regni
1572 776 1642 837 pro·

363 870 460 929 tinam
484 876 677 929 castrensem
701 868 969 944 insurrectionem,
993 876 1025 927 et
1047 886 1119 929 curn
1138 875 1271 945 utroque
1287 869 1481 947 generalem,
1500 886 1538 926 ac
1554 885 1641 926 exer·

363 978 427 1039 citu
450 997 557 1039 secum
581 977 766 1037 deducendo
790 976 1041 1037 coniunctionem
1065 977 1106 1037 ad
1128 983 1235 1056 partes
1251 975 1380 1035 hostiles
1396 975 1642 1054 depopulandas.

362 1088 538 1166 Eapropter
569 1084 756 1145 authoritate
788 1092 918 1144 eatenus
950 1084 1040 1143 nobis
1072 1084 1229 1157 attributa,
1260 1083 1415 1144 universis
1447 1091 1479 1143 et
1511 1082 1643 1161 singulis

362 1193 494 1253 dominis
519 1192 650 1253 statibus
675 1200 706 1251 et
729 1191 889 1251 ordinibus
913 1192 1003 1271 regni
1026 1190 1118 1250 huius
1141 1191 1253 1250 harum
1284 1191 1365 1251 serie
1396 1190 1525 1251 firmiter
1558 1208 1639 1249 com·

362 1300 513 1360 mittimus
536 1307 568 1359 et
599 1300 793 1373 mandamus,
826 1299 884 1359 sub
920 1316 1022 1377 poena
1053 1297 1210 1358 articulari
1241 1298 1273 1357 in
1305 1300 1391 1376 [nlon
1422 1305 1641 1377 comparentes

362 1416 494 1469 eatenus
517 1408 589 1483 lata,
621 1406 872 1467 irremissibiliter
905 1404 1069 1485 exigenda
1102 1406 1267 1483 Quatenus
1289 1425 1361 1465 mox
1383 1406 1438 1484 [eit
1460 1405 1529 1483 ipso
1559 1405 1642 1465 lacto

361 1515 499 1596 acceptis
522 1514 750 1593 praesentibus,
774 1514 815 1573 ad
838 1512 1091 1588 Kosztaniczam,
1115 1513 1232 1593 provisi
1248 1532 1373 1574 annona
1388 1513 1555 1574 sufficienti
1578 1512 1637 1573 die

360 1644 428 1684 rum
452 1624 638 1704 quindecim,
662 1622 692 1682 in
716 1622 805 1701 equis
829 1621 1008 1696 deferenda,
1032 1622 1141 1681 ordine
1164 1630 1196 1681 et
1220 1622 1367 1683 methodo
1400 1624 1553 1683 hacteuus
1584 1624 1641 1683 ob-

360 1732 493 1792 servatis
516 1748 698 1809 comparere
723 1729 868 1792 debeant.
891 1728 1053 1809 Siquidem
1077 1729 1142 1789 iam
1164 1730 1318 1791 hactenus
1350 1731 1552 1810 generalatus
1576 1732 1638 1791 Va·

359 1838 530 1899 rasdiensis
554 1838 667 1898 ibidem
693 1836 782 1917 regni
807 1836 933 1896 militiae
958 1836 1199 1916 coniungendus
1229 1836 1434 1910 transivisset,
1467 1845 1499 1896 et
1532 1836 1641 1897 Carlo-

363 1945 529 2006 stadiensis
553 1944 754 2005 hauddubie
778 1944 967 2004 subsecutus
991 1944 1038 2003 sit
1071 1942 1132 2004 Cui
1163 1944 1350 2005 ordinationi
1382 1952 1414 2003 et
1445 1942 1640 2023 dispositioni

361 2054 390 2114 d.
415 2072 444 2117 v.
478 2071 635 2133 generosa
670 2071 741 2112 cum
776 2070 834 2111 sua
865 2051 1068 2111 universitate
1100 2052 1249 2113 nobilium
1282 2051 1396 2130 Campi
1427 2053 1641 2130 Turopolyen-

364 2162 407 2221 sis
431 2180 501 2221 sese
526 2160 765 2222 accommodare
787 2158 966 2220 omnimode
990 2160 1073 2234 velit,
1096 2178 1198 2238 neque
1233 2158 1424 2236 intermittat,
1448 2158 1641 2239 feliciterque

365 2267 476 2329 valeat.

470 2397 651 2456 Generosae
675 2395 704 2455 d.
730 2402 853 2453 vestrae
877 2394 995 2453 servire
1020 2402 1149 2472 paratus

619 2538 798 2617 Stephanus
821 2536 1042 2612 Selischeuich,
1066 2535 1231 2614 episeopus
1254 2535 1478 2615 Zagrabiensis
1503 2556 1543 2596 m.
1567 2556 1595 2615 p.

468 2682 653 2763 Zagrabiae‚
680 2681 730 2744 21.
753 2681 888 2741 octobris
917 2676 1010 2739 1697.

468 2811 510 2870 ln
532 2810 672 2868 dorso:
689 2807 851 2868 Generoso
867 2809 993 2867 domino
1010 2808 1104 2867 Petro
1120 2801 1365 2868 Sainkouachki¹
1390 2807 1533 2866 Vallicza
1549 2806 1641 2880 dicto,

362 2917 570 2977 universitatis
593 2916 740 2977 nobilium
766 2915 879 2994 Campi
904 2914 1073 2993 Turopolia
1103 2914 1209 2974 comiti
1240 2914 1378 2974 terrestri
1410 2924 1477 2988 etc,
1514 2913 1641 2974 domino

363 3025 570 3086 observando.

459 3143 503 3187 ito.

365 3154 504 3349 Cito.

459 3286 575 3331 itissime.

467 3397 614 3468 Originale
632 3399 821 3463 chartaceum,
841 3413 857 3450 a
869 3405 950 3467 tergo
964 3397 1093 3463 appressi
1114 3394 1197 3466 sigilli
1212 3395 1373 3466 vestigium,
1384 3410 1444 3468 quo
1457 3395 1537 3447 litera
1550 3394 1646 3449 clausa

362 3496 430 3541 erat.
450 3488 479 3540 ln
500 3487 614 3541 archivo
633 3503 777 3542 commun.
797 3490 863 3542 nob.
883 3489 919 3540 de
939 3484 1102 3557 Turopoljc.

475 3615 480 3643 ¹
500 3617 549 3671 sic.

954 3903 1059 3978 170.

473 4102 564 4160 Aurio
595 4099 685 4162 1698.
712 4103 741 4164 5.
765 4105 874 4163 martii.
900 4106 1086 4185 Zagrabiae.

362 4294 557 4378 Stephanus
580 4295 821 4378 Selisclreniclr,
844 4299 1022 4384 episcopus
1053 4302 1308 4386 quroln'euvis,
1333 4306 1454 4368 conn'ri
1487 4305 1646 4369 terrestri

387 4403 510 4488 Carnpi
536 4404 723 4487 Turopolia
747 4406 899 4483 retondat,
923 4411 962 4471 ut
979 4412 1102 4492 gentes
1125 4431 1210 4474 suas
1231 4432 1355 4475 versus
1378 4411 1481 4496 Nony
1506 4413 1620 4477 dreani.

576 4602 738 4664 Generose
762 4605 887 4666 domine
911 4606 986 4667 mihi
1010 4608 1304 4674 observandissime.

467 4731 600 4809 Propter
622 4730 785 4790 continuas
809 4731 937 4792 hostiles
968 4751 1080 4793 versus
1109 4745 1216 4811 partes
1249 4737 1412 4797 Wnnanas
1444 4738 1642 4816 irruptiones,

363 4837 631 4917 vellitationesque
656 4857 693 4897 ac
717 4839 900 4917 occupandi,
924 4841 1147 4920 evertendique
1172 4843 1269 4920 ipsius
1293 4845 1439 4921 praesidii
1474 4845 1567 4923 Nouy
1601 4849 1630 4906 ul

364 4946 492 5006 teriores
515 4945 771 5018 machinationes,
795 4946 834 5006 de
859 4946 988 5006 consilio
1011 4950 1229 5009 nonnullorum
1253 4959 1319 5010 tam
1343 4971 1381 5010 ex
1416 4961 1500 5011 statu
1533 4973 1642 5014 saecu·
