3934 5550
993 564 1101 641 24³.

513 766 605 825 Anno
634 762 726 828 1802.
750 784 858 825 mense
884 764 997 843 aprilis.

406 958 594 1024 Instructio
618 964 682 1043 pro
712 956 865 1043 ablegato
903 956 1143 1042 Turopoliensi
1172 958 1220 1022 ud
1250 957 1401 1021 diaetam
1435 957 1690 1023 Posomensem.

804 1156 1042 1217 Instructio
1075 1157 1291 1218 diaetalis.

513 1318 682 1380 Perillustri
707 1338 744 1379 ac
768 1338 923 1399 generoso
955 1319 1082 1380 domino
1105 1321 1238 1399 losepho
1262 1320 1449 1394 Gerdenich,
1472 1319 1684 1383 universitatis

405 1428 553 1489 nobilium
577 1426 690 1505 Campi
726 1427 906 1505 Turopolya
937 1427 1021 1487 sedis
1052 1427 1232 1487 iudiciariae
1269 1427 1430 1502 assessori,
1455 1430 1539 1488 velut
1570 1429 1685 1489 actuali

404 1536 547 1605 eiusdem
578 1534 795 1595 universitatis¹
820 1533 945 1593 domino
978 1534 1083 1594 comiti
1114 1534 1254 1595 terrestri
1287 1534 1426 1615 legitime
1450 1534 1609 1615 impedito,
1644 1537 1684 1595 ad

405 1643 566 1725 generalia
589 1642 684 1702 incliti
708 1642 797 1722 regni
830 1640 1015 1721 Hungariae
1047 1650 1078 1701 et
1111 1642 1245 1720 partium
1277 1642 1470 1702 adnexarum
1505 1663 1561 1722 per
1596 1663 1685 1703 suam

404 1752 601 1813 maiestatem
631 1748 875 1809 sacratissimam
898 1768 955 1828 pro
980 1748 1009 1808 2.
1034 1750 1158 1809 affuturi
1182 1751 1298 1809 mensis
1331 1750 1405 1809 maii
1430 1751 1503 1810 anni
1534 1750 1686 1811 currentis

410 1856 503 1922 1802.
533 1858 564 1918 in
595 1858 725 1918 liberam
749 1864 780 1918 et
810 1855 933 1937 regiam
970 1856 1128 1917 civitatem
1152 1857 1377 1917 Posoniensem
1401 1858 1537 1938 benigne
1561 1858 1686 1932 indicta,

406 1987 443 2027 ex
467 1960 556 2046 parte
580 1965 682 2025 dictae
707 1964 918 2025 universitatis
936 1965 1093 2045 ablegato,
1109 1985 1164 2044 pro
1188 1965 1430 2046 privilegiorum,
1454 1965 1632 2026 libertatum
1657 1976 1688 2027 et

405 2072 665 2135 consvetudinum
697 2072 930 2133 manutentione
956 2074 1040 2150 data,
1065 2081 1097 2133 et
1119 2073 1183 2132 vim
1206 2074 1432 2151 postulatorum
1457 2072 1598 2133 eiusdem
1622 2074 1689 2133 uni-

404 2181 560 2241 versitatis
583 2180 615 2239 in
640 2179 745 2239 diaeta
767 2180 1042 2258 proponendorum
1068 2180 1241 2241 continens.

518 2288 542 2353 l.
566 2289 630 2347 lam
644 2287 801 2367 benignae
815 2306 890 2353 suae
905 2287 1078 2357 maiestatis
1094 2288 1326 2349 sacratissimae
1342 2288 1579 2366 propositiones,
1592 2308 1686 2368 quam

406 2396 435 2457 ii.
451 2396 501 2461 dd.
520 2395 575 2456 SS.
593 2403 624 2455 et
640 2394 709 2456 OO.
726 2396 884 2473 postulata
908 2396 948 2454 ad
972 2396 1089 2456 bonurn
1113 2404 1145 2455 et
1168 2396 1365 2474 splendorem
1390 2396 1480 2477 regni
1503 2397 1687 2476 Hungariae

406 2504 603 2583 partiumque
635 2504 828 2562 adnexarum
860 2504 1109 2583 promovendum
1141 2504 1268 2578 directa,
1291 2503 1488 2582 potissimum
1511 2512 1617 2564 autem
1642 2524 1689 2579 ea,

405 2632 487 2692 quae
508 2612 538 2671 in
563 2611 669 2690 speeie
693 2611 826 2671 comoda
850 2611 941 2691 regni
964 2611 1056 2670 huius
1080 2609 1228 2671 Croatiae
1251 2630 1446 2691 promovere,
1470 2611 1635 2692 privilegia
1659 2621 1690 2672 et

404 2722 493 2804 leges
516 2719 720 2798 municipales
745 2718 930 2780 confirmare
955 2718 1154 2794 videbuntur,
1178 2738 1235 2798 pro
1259 2718 1338 2779 virili
1361 2719 1535 2782 sustinebit.

512 2829 540 2892 2.
565 2831 606 2890 Ut
629 2828 744 2889 iudicia
759 2827 872 2907 Campi
895 2827 988 2888 huius
1012 2828 1192 2906 ceteroquin
1209 2828 1272 2888 iarn
1288 2847 1345 2906 per
1362 2829 1509 2890 articulos
1523 2827 1574 2888 92.
1594 2826 1686 2891 1723.

407 2947 438 2999 et
452 2935 503 2998 60.
525 2935 617 2999 1741.
634 2937 750 3017 legalia
770 2936 894 3010 effecta,
911 2937 1178 3014 quemadmodum
1202 2936 1234 2995 id
1257 2935 1358 3014 ipsum
1382 2936 1411 2999 ii.
1436 2936 1485 2997 dd.
1501 2935 1555 2996 SS.
1573 2946 1604 2995 et
1620 2934 1690 2996 OO.

406 3065 488 3107 anno
520 3045 622 3106 adhuc
660 3041 752 3107 1792.
781 3044 1036 3104 commendatum
1061 3054 1116 3121 est,
1139 3062 1233 3122 porro
1268 3063 1393 3123 quoque
1417 3043 1612 3103 stabiliantur
1635 3062 1686 3103 ex·

405 3154 528 3232 operari
552 3161 690 3214 conetur.

514 3258 543 3320 3.
568 3260 722 3336 Quamvis
739 3259 948 3336 deputationis
970 3259 1175 3339 regnicolaris
1192 3260 1264 3318 anni
1285 3256 1378 3319 1792.
1395 3277 1433 3318 ea
1457 3277 1495 3317 ex
1515 3277 1577 3318 non
1598 3277 1689 3338 prae·

407 3369 516 3429 habita
540 3367 706 3428 sufficienti
722 3365 940 3427 informatione
955 3387 1011 3447 per
1026 3368 1055 3427 ii.
1072 3367 1215 3427 dominos
1231 3367 1286 3428 SS.
1303 3376 1334 3427 et
1351 3366 1420 3429 00.
1441 3385 1611 3447 regnorum
1634 3367 1688 3427 ho·

409 3495 477 3536 rum
495 3475 667 3554 approbata
680 3474 789 3534 fuisset
805 3474 918 3552 opini0,
931 3483 965 3534 ut
978 3475 1123 3534 nimirum
1137 3493 1243 3534 comes
1256 3473 1369 3553 Campi
1385 3475 1565 3553 Turopolya
1580 3475 1688 3534 sedem

408 3601 498 3642 suam
522 3582 553 3641 in
577 3582 682 3641 diaeta
705 3589 777 3661 post
801 3581 964 3662 ablegatos
989 3582 1128 3641 omniurn
1143 3581 1346 3642 comitatuum
1362 3590 1474 3660 capiat,
1491 3581 1564 3661 quia
1579 3591 1686 3642 tamen

407 3692 475 3769 ipsa
505 3689 645 3750 rectioris
675 3688 792 3748 ordinis
823 3697 936 3748 natura
967 3689 999 3748 id
1030 3698 1223 3767 exposceret,
1256 3698 1289 3749 ut
1321 3689 1374 3768 qui
1398 3690 1603 3768 personaliter
1625 3707 1682 3768 per

406 3798 561 3876 benignas
585 3797 710 3876 regales
735 3797 775 3856 ad
799 3797 935 3857 diaetam
953 3805 1112 3871 evocatur,
1137 3798 1216 3857 inter
1240 3798 1317 3857 alios
1341 3797 1449 3856 itidem
1471 3798 1515 3857 ita
1539 3805 1687 3856 evocatos

406 3905 521 3966 ibidem
553 3905 661 3963 sedern
694 3905 817 3979 habeat,
850 3925 888 3964 ex
921 3925 959 3964 eo
992 3906 1157 3983 exoperari
1189 3905 1393 3980 adlaborabit,
1424 3912 1458 3963 ut
1490 3923 1559 3963 curn
1583 3922 1689 3964 comes

406 4013 562 4073 terrestris
586 4030 642 4091 per
666 4013 828 4073 distinctas
853 4015 893 4072 ad
918 4033 991 4073 eum
1008 4012 1144 4073 directas
1159 4015 1284 4093 regales
1309 4014 1349 4072 ad
1373 4013 1509 4072 diaetam
1533 4021 1689 4084 evocetur,

407 4122 456 4180 ille
480 4139 537 4198 pro
561 4139 636 4180 casu
661 4139 707 4194 eu,
742 4121 816 4180 dum
841 4121 907 4198 ipse
932 4121 963 4179 in
988 4139 1125 4199 persona
1149 4120 1189 4180 ad
1213 4121 1350 4180 diaetam
1387 4129 1556 4197 comparet,
1581 4128 1635 4180 aut
1659 4120 1689 4180 in

407 4228 513 4288 tabula
537 4246 702 4306 procerum
726 4225 779 4286 ubi
802 4227 963 4303 hactenus,
988 4236 1042 4288 aut
1067 4228 1106 4287 ad
1130 4227 1270 4288 tabulam
1287 4227 1408 4307 regiam
1431 4236 1502 4305 post
1526 4227 1690 4308 ablegatos

409 4338 520 4397 horum
555 4353 734 4415 regnorum,
765 4354 821 4414 pro
854 4353 929 4394 casu
954 4354 993 4395 eo
1017 4343 1131 4409 autem,
1160 4355 1223 4414 quo
1243 4335 1355 4394 comite
1378 4342 1526 4396 terrestre
1552 4335 1690 4415 legitime

408 4443 560 4522 impedito
594 4444 671 4502 alter
702 4463 739 4503 ex
773 4450 861 4521 parte
893 4442 1106 4502 universitatis
1130 4443 1171 4501 ad
1202 4441 1338 4500 diaetam
1365 4442 1546 4516 mitteretur,
1578 4442 1604 4502 is
1637 4462 1690 4503 ne-

408 4551 549 4630 utiquam
585 4551 668 4610 inter
706 4551 898 4624 absentium,
936 4568 1047 4609 verum
1081 4549 1262 4609 immediate
1299 4556 1370 4627 post
1407 4547 1570 4629 ablegatos
1606 4549 1691 4610 incli-

407 4668 510 4720 torum
536 4659 738 4720 comitatuum
763 4658 870 4718 sedern
889 4677 979 4717 suam
1004 4676 1042 4717 eo
1069 4677 1088 4717 a
1110 4656 1229 4716 lortiori
1253 4655 1401 4729 obtineat,
1425 4657 1509 4733 quod
1526 4657 1693 4737 ablegatus

408 4767 479 4828 talis
511 4785 571 4826 non
604 4764 742 4826 absentis
773 4765 894 4824 comitis
919 4765 1085 4839 terrestriS,
1109 4765 1162 4843 qui
1186 4773 1294 4842 utpote
1318 4773 1438 4823 tantum
1464 4764 1495 4822 vi
1518 4765 1611 4824 olficii
1635 4767 1692 4838 sui,

412 4893 473 4954 quo
497 4873 709 4934 universitatis
730 4873 821 4932 huius
845 4883 939 4950 caput
963 4882 994 4932 et
1018 4872 1177 4952 generalis
1202 4871 1342 4930 eiusdem
1366 4890 1404 4930 ex
1429 4870 1566 4951 benigno
1599 4873 1691 4950 privi-
