3934 5550
1500 427 1566 494 383

284 653 368 712 aliud
402 652 562 730 antiquum
595 651 800 730 reparatione,
834 651 859 710 si
892 651 966 710 illud
1000 651 1093 710 vellet
1124 667 1281 727 reparare,
1311 649 1439 729 indiget.
1463 649 1566 708 Haras

284 759 428 839 antiquas
460 761 501 819 ad
533 760 553 819 5
584 760 754 828 clausuras,
787 778 883 837 penes
907 768 939 818 et
969 758 1126 818 stabulum
1150 758 1180 817 in
1205 757 1354 818 mediocri
1377 765 1470 835 statu,
1506 757 1566 816 lor·

285 886 396 928 nacem
420 867 590 945 pistoream
614 887 677 925 non
701 866 783 926 bono
807 875 891 926 tecto
913 885 970 944 per
994 865 1187 945 negligentia
1211 865 1379 944 provisam.

390 972 419 1034 8.
444 974 597 1034 Providus
620 973 769 1034 Nicolaus
793 973 959 1052 Mungyer,
981 975 1110 1032 colonus
1133 992 1191 1051 pro
1206 993 1289 1033 nunc
1313 970 1565 1032 reverendissimi

283 1082 398 1141 domini
431 1081 572 1140 canonici
605 1079 808 1159 loszipovich‚
840 1080 925 1158 prius
957 1080 1074 1141 domini
1098 1080 1278 1160 spectabilis
1302 1079 1472 1140 assessoris
1497 1080 1564 1138 Ple·

287 1189 397 1268 pelich,
411 1189 506 1248 habet
520 1190 646 1248 domum
664 1189 835 1267 proximam
850 1189 967 1262 ruinae,
983 1189 1127 1248 horreum
1149 1189 1310 1267 antiquum
1328 1187 1484 1247 mediocre
1500 1186 1567 1246 sine

285 1307 383 1376 porta,
407 1297 501 1356 haras
533 1296 678 1375 antiquas
710 1297 750 1356 ad
774 1297 935 1356 clausuras
959 1294 979 1354 3
1003 1314 1121 1375 magna
1146 1296 1342 1376 reparatione
1368 1295 1565 1375 indigentes3

288 1406 361 1466 item
386 1404 544 1464 maialium
561 1405 657 1464 harae
682 1414 712 1464 et
736 1423 862 1464 camera
886 1403 980 1463 etiam
1004 1423 1115 1482 parum
1139 1403 1253 1478 valent,
1285 1405 1444 1464 fornacem
1472 1401 1566 1482 pisto-

287 1531 372 1572 ream
397 1511 557 1590 antiquam
581 1519 664 1570 tecto
688 1511 770 1570 bono
796 1531 859 1570 uon
883 1511 1049 1589 provisam.

393 1618 422 1682 9.
447 1618 566 1679 Nobilis
598 1618 756 1698 Georgius
779 1617 918 1678 Chusich
941 1619 1036 1678 habet
1060 1619 1188 1678 domum
1214 1618 1338 1678 novitus
1363 1638 1446 1679 anno
1474 1616 1569 1679 1795.

288 1737 458 1800 errectam3
482 1727 556 1786 item
581 1727 676 1786 habet
699 1727 793 1786 haras
826 1725 983 1786 maialium
1008 1727 1049 1785 ad
1074 1745 1168 1785 uuam
1196 1734 1319 1804 portam
1343 1726 1374 1785 iu
1397 1725 1565 1786 medietate

288 1833 446 1894 asseribus
471 1833 602 1893 molibus
625 1840 734 1906 tectas,
758 1851 821 1892 uua
845 1852 918 1911 pars
942 1833 1015 1892 tecti
1042 1833 1140 1909 deest,
1163 1853 1256 1893 secus
1280 1833 1355 1892 nihil
1378 1833 1481 1895 habet.

397 1939 444 2003 10.
469 1941 623 2000 Providus
638 1941 754 2000 Paulus
772 1940 912 2016 Norsich,
925 1941 1053 2000 colonus
1070 1941 1186 2000 domini
1200 1941 1383 2020 perillustris
1395 1941 1506 2000 notarii
1520 1943 1566 2000 lo·

286 2049 374 2128 sephi
399 2049 585 2122 Gerdenich‚
598 2048 694 2108 habet
717 2049 844 2107 domum
869 2066 982 2108 novam
999 2049 1114 2108 bonam
1137 2049 1282 2109 omnibus
1306 2049 1473 2128 provisam,
1497 2049 1568 2108 hor-

283 2175 371 2215 reum
395 2156 519 2231 bonum,
548 2174 639 2215 secus
670 2155 797 2215 basibus
825 2156 929 2236 aliquo
962 2165 1104 2234 tempore
1128 2156 1281 2238 indigens,
1317 2158 1409 2216 haras
1445 2156 1564 2216 anima·

286 2265 358 2324 lium
384 2265 424 2324 ad
457 2262 477 2323 3
502 2264 662 2322 clausuras
687 2282 795 2337 novas,
824 2246 984 2322 maialium'
1006 2264 1099 2322 haras
1130 2283 1230 2323 novas
1253 2264 1353 2323 bonas
1386 2262 1567 2342 pavimento

286 2372 424 2431 inferiori
456 2371 606 2451 indigere,
640 2390 797 2430 cameram
831 2369 991 2448 antiquam
1024 2371 1213 2430 mediocrem
1246 2371 1341 2431 etiam
1373 2392 1435 2430 non
1464 2372 1568 2431 statim

289 2479 417 2538 basibus
441 2478 662 2550 necessariam,
687 2478 845 2537 lomacem
870 2477 1039 2556 pistoreanr
1064 2478 1131 2538 sine
1155 2477 1238 2537 bono
1266 2487 1358 2539 lecto,

399 2585 446 2648 ll.
482 2585 634 2646 Providus
669 2586 847 2664 Stephanus
882 2586 1035 2660 Maiczen,
1070 2586 1163 2646 etiam
1196 2587 1324 2645 colonus
1349 2586 1392 2645 uti
1428 2585 1570 2663 Norsich,

288 2695 382 2755 habet
416 2696 544 2755 domum
575 2693 745 2775 antiquam,
777 2694 870 2752 haras
903 2694 1048 2775 antiquas
1080 2695 1110 2753 in
1142 2694 1278 2772 pessimo
1311 2703 1395 2754 statu
1423 2695 1483 2754 ista
1507 2696 1568 2755 duo

289 2803 441 2877 aedificia,
464 2804 609 2863 horreum
634 2803 700 2863 sine
724 2811 814 2881 porta
834 2802 996 2881 antiquum
1020 2802 1176 2864 mediocre
1201 2823 1257 2881 pro
1280 2824 1363 2863 nunc
1379 2813 1494 2877 tamen,
1511 2804 1569 2862 lor-

288 2930 398 2971 nacem
424 2910 592 2989 pistoream
617 2911 711 2971 etiam
735 2910 765 2970 in
791 2911 873 2970 malo
901 2918 992 2970 statu.

401 3016 449 3081 12.
473 3016 569 3077 Curia
593 3018 784 3097 triangularis
801 3016 917 3078 domini
934 3016 1117 3096 perillustris
1132 3018 1253 3097 losepbi
1270 3018 1456 3091 Gerdenich
1478 3017 1570 3077 incliti

289 3124 454 3184 comitatus
489 3124 711 3203 Zagrabiensis
735 3124 855 3195 notarii,
881 3124 919 3183 ab
944 3124 1064 3184 oriente
1088 3126 1208 3184 duobus
1233 3125 1382 3186 cubiculis
1398 3127 1566 3205 complens

289 3231 418 3309 antiqua
441 3252 478 3291 ex
504 3231 667 3291 roboribus
691 3231 824 3291 molibus
844 3230 977 3307 jelviuze
1003 3233 1095 3292 dictis
1118 3232 1297 3307 ellaborata,
1315 3242 1397 3292 tecto
1421 3233 1569 3312 perpluo;

288 3339 362 3397 item
386 3358 483 3418 penes
499 3359 614 3399 novum
639 3339 794 3417 palacium
823 3348 904 3399 tecto
929 3360 1011 3400 novo
1035 3340 1162 3418 provisa
1185 3340 1271 3400 curia
1295 3341 1325 3399 in
1350 3342 1432 3401 dicta
1456 3348 1565 3420 parte3

287 3446 344 3505 sed
369 3447 451 3506 circa
475 3447 590 3507 circum
613 3455 678 3506 tam
703 3446 838 3526 antiqua,
862 3467 956 3525 quam
981 3458 1012 3508 et
1036 3466 1109 3526 pars
1129 3468 1230 3507 novae
1255 3448 1359 3507 curiae
1383 3447 1510 3506 basibus
1536 3457 1566 3507 et

287 3554 485 3631 reparatione
510 3554 635 3633 indiget,
661 3554 806 3613 horreum
823 3554 983 3634 antiquum
1002 3556 1032 3615 in
1050 3556 1196 3616 mediocri
1213 3565 1305 3629 statu,
1322 3576 1414 3616 secus
1437 3555 1566 3615 basibus

286 3661 440 3741 indigens,
475 3681 530 3739 pro
565 3680 627 3739 quo
661 3661 722 3720 iam
753 3662 832 3721 tales
856 3662 949 3721 bases
974 3663 1153 3723 elaboratae
1178 3671 1258 3737 sunt,
1290 3663 1333 3723 ita
1356 3684 1412 3742 pro
1436 3663 1564 3742 antiquo

287 3771 399 3829 horreo
423 3768 539 3828 domini
563 3768 700 3847 parentis
717 3769 765 3827 sui
789 3770 882 3828 bases
906 3770 1000 3829 habet
1020 3791 1076 3848 pro
1092 3772 1259 3851 errigendo
1283 3770 1406 3830 novitus
1422 3772 1452 3829 in
1469 3770 1564 3831 lundo

287 3878 446 3951 modenm,
471 3877 526 3935 sed
551 3876 664 3934 desunt
688 3876 790 3935 eidem
816 3876 920 3954 aliqua
944 3878 1047 3937 adhuc
1071 3880 1192 3952 robora,
1216 3887 1307 3957 prout
1331 3887 1362 3939 et
1385 3886 1451 3939 tota
1474 3898 1565 3958 supe·

288 3983 348 4042 rior
373 4004 445 4061 pars
477 3982 559 4047 tecti.
600 3984 677 4042 Item
702 3983 796 4042 habet
827 3984 921 4043 haras
953 3984 1132 4046 animalium
1157 3995 1188 4046 et
1210 3986 1367 4046 stabulum
1400 3986 1490 4047 simul
1513 4006 1568 4046 uo·

286 4090 445 4150 vissimum
479 4092 622 4151 omnibus
652 4090 821 4169 provisum,
851 4091 881 4151 in
913 4100 996 4152 tecto
1029 4094 1112 4155 circa
1143 4094 1258 4154 circum
1289 4096 1320 4155 in
1363 4115 1425 4155 uno
1459 4094 1568 4155 ordine

287 4198 435 4258 assericio
467 4207 550 4258 tecto
582 4219 619 4257 ex
653 4199 724 4258 moli
755 4198 842 4278 ligno
874 4198 1007 4279 szviglin
1040 4200 1122 4260 dicto
1154 4202 1306 4282 provisas,
1337 4203 1379 4262 ita
1411 4210 1443 4261 et
1474 4203 1568 4262 haras

286 4304 443 4364 maialium
461 4307 501 4365 ad
517 4314 580 4364 tres
603 4315 710 4385 portas
734 4326 833 4365 novas
858 4306 957 4365 bonas
978 4306 1072 4366 etiam
1089 4308 1194 4368 omnia
1209 4310 1390 4369 necessaria
1406 4310 1568 4382 habentes

286 4412 493 4490 pariformiter
517 4414 547 4473 in
572 4433 633 4473 uno
657 4414 812 4473 inferioris
836 4415 933 4492 partis
957 4415 1066 4475 ordine
1088 4417 1204 4476 circum
1221 4417 1305 4478 circa
1321 4418 1469 4477 assericio
1485 4424 1568 4477 tecto

286 4538 324 4579 ex
348 4520 421 4579 moli
456 4520 541 4600 ligno
577 4530 684 4593 tectas,
715 4522 842 4581 harulas
876 4521 1026 4581 alatilium
1051 4524 1091 4582 ad
1115 4524 1194 4584 duas
1226 4534 1333 4604 portas
1357 4544 1395 4585 ex
1431 4524 1566 4604 antiquis

285 4626 448 4687 roboribus
473 4635 655 4701 exstructas,
680 4628 829 4688 assericio
854 4636 935 4689 tecto
960 4649 998 4690 ex
1022 4631 1096 4691 moli
1119 4632 1204 4713 ligno
1221 4632 1352 4713 szviglin
1376 4633 1459 4693 dicto
1484 4652 1566 4693 novo

286 4733 438 4812 provisas.
471 4736 547 4794 ltem
571 4743 642 4813 post
664 4736 782 4796 curiam
807 4734 989 4817 contiguum
1025 4740 1130 4800 curiae
1154 4742 1194 4801 ad
1218 4742 1378 4801 columnas
1402 4740 1424 4799 4
1447 4760 1563 4820 suppo·

286 4840 425 4901 sitorium
450 4860 595 4901 curruum
620 4860 735 4901 novum
750 4851 867 4902 tectum
892 4844 1099 4922 paritonniter
1116 4848 1297 4907 assericium
1320 4868 1358 4908 ex
1383 4850 1457 4909 moli
1480 4849 1566 4929 ligno

283 4950 416 5031 szviglin
452 4950 533 5010 dicto
566 4950 735 5028 provisum.
770 4952 848 5011 ltem
880 4952 975 5014 habet
1006 4954 1141 5015 culinam
1174 4954 1333 5036 antiquam
1368 4957 1452 5019 bono
1483 4966 1565 5018 tecto
