3934 5550
1531 458 1574 521 95

294 677 421 757 aliquali
444 677 663 756 praesentibus
695 676 792 737 literis
821 650 938 735 nostris
963 672 1002 735 de
1028 674 1125 735 verbo
1149 660 1189 734 ad
1213 674 1343 734 verbum
1368 674 1520 734 transumi
1544 683 1575 734 et

294 786 460 847 transcribi
483 786 637 862 laciend0,
669 784 787 848 eisdem
811 784 966 845 universis
997 783 1152 844 nobilibus
1183 784 1273 843 unius
1305 782 1453 843 sessionis
1484 802 1573 860 prae-

293 895 369 955 tacti
394 894 560 954 comitatus
584 893 808 975 Zagrabiensis
828 891 863 953 ¹in
886 901 1083 971 transumpto
1107 890 1320 971 praesentium
1337 892 1494 951 literarum
1519 910 1573 951 no·

293 1013 427 1063 strarum
459 1003 516 1063 sub
547 1001 696 1081 pendenti
729 1010 761 1062 et
791 1000 970 1062 authentico
993 1000 1096 1081 sigillo
1124 1010 1240 1073 nostro,
1265 998 1377 1059 iurium
1402 998 1572 1059 eorundem

289 1112 426 1171 luturam
461 1111 501 1171 ad
532 1110 707 1185 cautellam,
731 1110 888 1169 communi
911 1110 1064 1170 evadente
1088 1106 1206 1169 iustitia
1229 1108 1351 1169 dandas
1375 1106 1518 1189 duximus
1543 1116 1574 1167 et

292 1218 521 1279 concedendas.
554 1218 670 1277 Datum
702 1216 779 1277 leria
803 1216 910 1296 quinta
933 1215 1075 1295 qroxima
1098 1224 1169 1295 post
1193 1214 1380 1275 dominicam
1404 1214 1573 1290 lnvocavit,

290 1344 379 1387 anno
403 1323 521 1386 domini
543 1324 708 1386 millesimo
731 1323 997 1405 sexingentesimo
1020 1324 1120 1386 tertie.

394 1465 541 1537 Originale
568 1465 792 1533 membraneum,
810 1481 828 1521 a
846 1479 919 1519 zoua
946 1464 1019 1522 tlara
1046 1461 1156 1523 sericea
1183 1466 1292 1536 pendet
1318 1463 1449 1541 sigillum.
1469 1464 1511 1519 ,In
1530 1480 1572 1519 ar·

285 1555 370 1611 chiro
390 1572 532 1613 commun
550 1556 616 1614 nob.
636 1556 673 1611 de
691 1555 855 1629 Turopolje.

397 2081 489 2140 Anno
518 2077 610 2142 1603.
634 2077 665 2141 3.
690 2074 817 2140 martii.¹

395 2263 575 2357 Capitulum
601 2266 755 2337 ecclesiae
779 2276 1002 2358 Zagrabiensls
1027 2278 1111 2337 iuxta
1135 2278 1317 2337 mandatum
1346 2278 1467 2337 Nicolai
1497 2280 1572 2338 Istu-

293 2385 388 2462 anffy,
411 2384 650 2445 locumtenenlis
677 2384 805 2467 palatini
829 2394 886 2447 etc
911 2384 1027 2460 (Vide
1052 2385 1135 2445 doc.
1161 2404 1179 2444 a
1207 2370 1300 2447 1602.
1329 2384 1376 2447 ll.
1400 2387 1573 2465 augusti

290 2494 366 2551 sub
397 2492 464 2553 No.
488 2489 562 2567 tx),
593 2492 624 2551 in
653 2492 706 2552 lite
738 2492 817 2551 inter
851 2491 966 2551 banum
990 2493 1137 2552 loannem
1170 2491 1374 2553 Draslrowich
1399 2500 1431 2551 et
1453 2493 1572 2553 nobiles

293 2598 407 2679 Campi
440 2595 663 2678 T‘uropolensis
695 2599 837 2673 vertenti,
860 2619 923 2659 una
955 2618 1027 2659 cum
1060 2598 1229 2659 Francisco
1257 2600 1459 2677 Medosoczy,
1489 2602 1572 2661 vice·

293 2708 406 2768 comite
430 2708 597 2768 comitatus
620 2707 854 2789 Zagrabiensis,
870 2709 996 2769 homine
1012 2706 1181 2788 palatinali,
1195 2709 1320 2769 Petrum
1338 2709 1572 2788 Domitrowich,

293 2817 548 2878 archidiaconum
572 2817 794 2892 cathedralem,
818 2817 1066 2877 concanonicum
1089 2817 1236 2896 ipsorum,
1267 2818 1307 2877 ad
1339 2817 1571 2878 attestationem

298 2926 514 3006 peragendam
538 2944 595 2984 suo
621 2942 677 3001 pro
700 2924 879 2984 testimonio
914 2926 1139 2996 transmiserat,
1171 2925 1223 3004 qui
1254 2925 1371 2985 reversi
1402 2926 1571 2984 retulerunt
1618 2933 1623 2958 ¹

294 3035 325 3092 in
348 3034 431 3092 hunc
455 3031 591 3091 modum.
616 3014 759 3108 Qualiter
789 3032 873 3092 idem
910 3034 1003 3092 homo
1039 3033 1216 3112 palatinalis
1249 3031 1429 3109 praedictus
1459 3033 1571 3092 eodem

290 3139 469 3199 testimonio
493 3125 618 3217 capituli
643 3147 817 3216 praesente,
841 3139 917 3198 teria
941 3139 1033 3199 tertia
1050 3139 1191 3218 proxima
1208 3149 1280 3217 post
1295 3139 1410 3199 lestum
1428 3158 1570 3218 assump-

288 3247 381 3306 tionis
404 3247 439 3308 B.
454 3247 497 3308 M.
514 3249 550 3307 V.
574 3246 713 3324 proxime
730 3240 957 3325 praeteritum²,
975 3247 1015 3305 ad
1029 3255 1126 3306 testes
1141 3247 1355 3324 inlrascriptos
1372 3247 1569 3322 accessisset,

291 3355 330 3414 ab
355 3355 536 3443 eisdemque
560 3354 738 3415 rescivisset
762 3356 801 3414 de
825 3354 872 3428 iis,
895 3356 935 3414 de
959 3355 1071 3434 quibus
1095 3356 1226 3415 luissent
1249 3355 1441 3435 interrogati,
1472 3357 1569 3416 talem

294 3462 486 3523 certitudinis
511 3463 685 3524 veritatem,
710 3462 832 3522 Primus
855 3462 945 3522 testis
959 3463 1113 3523 discretus
1129 3464 1232 3522 Lucas
1249 3463 1399 3538 szetk0,
1416 3464 1571 3542 parochus

293 3570 445 3657 ecclesiae
469 3590 492 3629 s.
517 3569 678 3630 Trinitatis
701 3570 740 3630 de
764 3570 925 3643 Marocha,
957 3589 1109 3630 annorum
1141 3573 1349 3652 septuaginta,
1374 3571 1482 3631 lassus
1514 3580 1570 3646 est,

291 3677 423 3757 qualiter
448 3677 555 3737 auditu
584 3678 778 3756 percepisset
802 3699 820 3737 a
843 3678 939 3737 nobili
963 3679 1102 3760 Georgio
1125 3679 1247 3760 Vagich
1272 3681 1311 3738 de
1335 3680 1428 3759 Nagh
1454 3680 1570 3756 Mlaka,

292 3794 323 3845 et
347 3785 508 3846 servitoris
531 3785 643 3845 nobilis
668 3785 798 3862 Georgii
823 3785 1021 3860 szetassin,
1045 3787 1140 3847 luisse
1172 3788 1297 3866 quidem
1329 3807 1385 3866 per
1416 3788 1567 3866 quosdam

289 3893 448 3954 haramias
472 3894 678 3971 depopulatos
702 3913 740 3953 ex
764 3893 919 3954 nobilibus
943 3894 1229 3972 Turopoliensibus,
1254 3895 1310 3955 sed
1334 3895 1421 3954 cuius
1455 3905 1568 3970 essent,

280 4001 422 4079 etquis,
446 4001 560 4079 quidve
585 4000 690 4061 damni
714 3999 745 4058 in
769 4001 873 4078 specie
898 4001 1080 4074 intulissent,
1104 4001 1195 4078 plane
1220 4002 1294 4061 nihil
1318 4003 1419 4076 sciret,
1445 4023 1504 4062 nec
1528 4005 1567 4062 ab

291 4109 359 4168 aliis
383 4095 571 4181 studuisset,
594 4107 634 4167 de
665 4107 860 4167 desolatione
892 4107 987 4168 etiam
1020 4109 1168 4188 ipsorum·
1191 4109 1462 4187 Turopolieusium
1495 4111 1568 4170 nihil

288 4215 382 4275 sciret
406 4235 462 4293 per
485 4215 678 4294 praedictum
704 4215 1013 4290 dominumbanum,
1037 4216 1080 4275 uti
1104 4217 1317 4295 praetenditur
1348 4224 1479 4294 patrata.
1512 4219 1567 4278 Se-

290 4323 410 4382 cundus
433 4321 522 4382 testis
546 4322 686 4381 Thomas
718 4321 884 4394 Tanczius,
915 4323 1113 4400 praepositus
1145 4324 1296 4383 ecclesiae
1329 4325 1361 4383 Β.
1394 4325 1436 4384 M.
1469 4326 1505 4386 V.
1537 4327 1568 4384 iu

290 4450 365 4490 area
388 4429 559 4509 capitulari,
584 4449 736 4489 annorum
762 4431 882 4490 circiter
916 4431 1044 4511 triginta
1068 4432 1171 4491 lassus
1196 4443 1252 4504 est,
1277 4435 1360 4510 quod
1385 4434 1504 4493 nobiles
1528 4437 1566 4494 de
1651 4494 1656 4501 .

289 4537 457 4615 Turopolia
482 4555 589 4596 coram
614 4557 648 4597 se
675 4537 837 4611 iurassent,
861 4539 919 4597 sibi
943 4547 1046 4599 certas
1061 4539 1224 4599 violentias
1248 4541 1349 4600 illatas
1373 4531 1478 4616 luisse,
1502 4562 1567 4602 cer·

289 4655 402 4724 tasque
427 4664 580 4722 personas
604 4655 635 4705 et
659 4647 848 4724 quantitates
880 4648 985 4707 damni
1017 4649 1225 4726 specificasse,
1255 4668 1289 4708 se
1321 4658 1426 4710 tamen
1456 4652 1567 4711 nullius

290 4753 334 4813 rei
357 4752 540 4832 simpliciter
563 4762 594 4812 et
618 4754 710 4831 plane
736 4764 887 4832 quantum
920 4756 960 4814 ad
993 4765 1109 4814 certam
1145 4758 1189 4815 rei
1223 4756 1446 4834 experientiam
1478 4759 1566 4827 scire,

292 4862 391 4919 solum
429 4861 489 4920 hoc
526 4861 642 4935 addito,
678 4863 761 4939 quod
793 4879 943 4939 praesens
978 4863 1087 4923 luisset
1120 4864 1172 4922 ubi
1203 4865 1234 4924 iu
1264 4865 1387 4942 publico
1411 4876 1566 4927 conventu

294 4967 524 5047 regnicolarum
548 4986 603 5046 per
627 4969 756 5028 eosdem
780 4969 898 5029 nobiles
913 4972 1050 5049 querela
1072 4971 1156 5033 lacta
1179 4971 1296 5048 fuisset,
1328 4991 1427 5052 eaque
1459 4983 1567 5034 contra
