3934 5550
918 666 992 739 Μ’.

331 839 335 855 ’
417 867 511 927 Anno
539 864 632 931 reos.
661 865 709 931 ro.
732 868 844 929 marn.
868 868 982 929 Maiori
1005 868 1167 931 coenae.

419 1061 616 1122 Universitas
646 1061 794 1122 nobilium
826 1060 940 1141 Campi
973 1062 1218 1143 Turopoliensis,
1251 1064 1290 1123 ob
1314 1065 1425 1124 merita
1449 1073 1481 1125 et
1505 1083 1589 1125 corn·

313 1168 484 1245 placentias
507 1188 564 1247 per
587 1168 761 1249 Georgium
785 1148 956 1231 Czuetasin
981 1171 1071 1230 aliter
1093 1169 1317 1248 Hranilowych
1341 1170 1466 1247 dictum,
1488 1181 1520 1231 et
1536 1172 1590 1231 do·

311 1276 427 1336 minam
451 1278 605 1336 Helenam
629 1284 806 1337 consortem
832 1276 973 1337 eiusdem
998 1278 1101 1338 dictae
1125 1277 1319 1338 universitati
1336 1278 1498 1352 exhibitas,
1516 1268 1593 1356 ipsis

314 1384 495 1444 facultatem
519 1393 703 1463 perpetuam
716 1384 867 1463 pascendi
882 1404 996 1464 porcos
1013 1386 1043 1445 in
1059 1386 1259 1464 possessione
1276 1386 1414 1464 ipsorum
1429 1386 1595 1463 Hraschya

311 1490 343 1550 in
367 1490 491 1569 Campo
522 1500 553 1551 et
587 1492 736 1551 comitatu
758 1492 966 1573 Zagrabiensi
995 1493 1139 1554 existenti
1162 1494 1295 1569 habitos,
1319 1492 1349 1553 in
1373 1512 1491 1574 magna
1515 1494 1594 1553 silva

311 1598 460 1659 nobilium
492 1598 606 1678 Campi
637 1601 730 1680 Zagr.
762 1600 842 1661 inter
874 1599 993 1661 Odrarn
1019 1610 1050 1661 et
1074 1600 1214 1661 Lekenilr
1238 1618 1276 1661 ac
1293 1601 1414 1660 Bunam
1438 1610 1470 1659 et
1492 1601 1591 1660 lutum

311 1707 445 1766 Morvek
469 1707 536 1767 sive
551 1706 719 1767 Chernaclr
735 1707 880 1767 existenti
895 1708 1035 1786 praebet.
1048 1706 1202 1768 Concedit
1214 1708 1289 1786 ipsis
1305 1707 1398 1767 etiam
1416 1707 1591 1767 libertatem

311 1813 492 1874 succidendi
520 1813 606 1894 ligna
636 1833 694 1893 pro
722 1822 844 1874 tectura
867 1822 899 1874 et
921 1822 1077 1875 structura
1100 1815 1222 1888 domus,
1247 1814 1455 1874 annuentibus
1479 1814 1593 1873 comite

311 1928 343 1980 et
362 1920 488 2001 logarls.
512 1921 573 1980 Pro
605 1920 654 1981 his
677 1920 822 1981 omnibus
845 1921 975 2001 obligati
999 1930 1071 1981 sunt
1101 1922 1184 1981 idem
1215 1920 1373 2001 Georgius
1405 1927 1437 1980 et
1470 1921 1592 1980 Helena

310 2027 408 2089 instar
432 2030 561 2089 aliorum
586 2029 716 2089 tratrum
740 2027 1013 2107 Turopoliensium
1030 2028 1248 2089 administrare
1265 2026 1446 2101 subsidium,
1463 2027 1586 2107 siquod

311 2136 478 2215 aliquando
509 2135 688 2215 impositum
719 2135 818 2195 tuerit.
850 2136 967 2194 Datum
999 2135 1030 2193 in
1062 2134 1310 2215 congregatione
1341 2134 1481 2215 generali
1516 2133 1593 2194 teria

311 2251 423 2321 quarta
441 2251 514 2321 post
537 2243 725 2303 dominicam
749 2241 841 2302 Oculi
864 2261 892 2303 a.
921 2239 1013 2302 1605.
1037 2240 1069 2301 in
1091 2242 1291 2319 possessione
1315 2240 1429 2301 Maiori
1445 2240 1591 2301 Goricza.

416 2381 562 2454 Originale
581 2384 805 2451 membraneum,
827 2382 950 2453 sigillum
975 2382 1067 2450 periit.
1093 2382 1178 2450 Apud
1203 2382 1269 2435 nob.
1294 2381 1441 2435 Nicolaum
1466 2380 1592 2434 Sedmalr

310 2473 339 2525 in
357 2471 457 2540 Super.
476 2472 611 2527 Lulravec
629 2473 684 2527 Nn
694 2473 720 2527 9.

909 2757 988 2829 u.

416 2955 510 3015 Anno
536 2951 629 3015 1608.
657 2952 705 3016 16.
729 2955 871 3018 iunuarii.
894 2955 1029 3036 Pragae.

310 3144 512 3232 liudolphus
534 3145 578 3211 ΙΙ.
602 3145 814 3232 Hungariae
844 3150 904 3211 etc.
934 3167 1002 3226 rex,
1033 3145 1181 3212 statibus
1213 3149 1246 3211 et
1280 3145 1460 3212 ordinibus
1492 3147 1593 3233 regni

310 3253 509 3320 setonam
526 3253 702 3339 praecipit,
727 3274 770 3318 ne
792 3275 814 3318 a
837 3252 1007 3319 nobilibus
1030 3253 1138 3318 unius
1160 3253 1325 3318 sessionis
1342 3247 1465 3339 Campi
1484 3254 1592 3318 Turo-

511 3358 612 3446 polya
636 3362 717 3424 taxo
739 3381 800 3425 seu
823 3360 964 3450 quaevis
987 3359 1194 3426 contributio
1217 3361 1386 3446 exigatur.

416 3558 600 3636 Rvdolphus
633 3558 791 3617 secundus
814 3557 865 3618 dei
897 3557 1001 3638 gratia
1030 3557 1148 3618 electus
1179 3559 1391 3618 Romanorum
1422 3557 1591 3636 imperator

310 3683 436 3742 semper
458 3665 623 3743 Augustus
656 3683 694 3724 ac
728 3663 928 3734 Germaniae,
962 3664 1155 3744 Hungariae,
1190 3664 1371 3743 Bohemiae‚
1406 3665 1591 3739 Dalmatiae,

312 3771 470 3845 Croatiae,
492 3771 680 3832 Sclauoniae
712 3780 770 3834 etc.
806 3790 870 3846 rex,
905 3771 1054 3831 archidux
1090 3770 1245 3848 Austriae,
1281 3771 1343 3830 dux
1379 3771 1590 3852 Burgundiae,

311 3879 452 3939 marchio
475 3879 648 3952 Morauaie,
673 3898 780 3939 comes
814 3878 1006 3958 Habspurgi,
1030 3878 1163 3958 Tyrolis,
1187 3879 1326 3939 Goritiae
1358 3886 1416 3939 etc.
1447 3879 1590 3939 fidelibus

309 3990 424 4050 nostris
446 3988 638 4062 reverendis,
665 3987 906 4061 honorabilibus,
930 3988 1161 4065 spectabilibus,
1185 3989 1370 4068 magnificis,
1395 3989 1533 4070 egregiis
1557 3997 1589 4049 et

312 4094 468 4157 nobilibus
492 4095 647 4155 universis
671 4094 803 4155 statibus
827 4102 858 4153 et
888 4093 1049 4153 ordinibus
1081 4095 1171 4174 regni
1203 4095 1300 4155 nostri
1331 4096 1527 4173 Sclauoniae,
1551 4115 1588 4156 ac

309 4205 471 4284 signanter
494 4197 684 4262 dicatoribus
708 4211 739 4261 et
762 4200 959 4261 exactoribus
983 4220 1240 4281 quarumcunque
1265 4210 1409 4262 taxarum
1433 4223 1489 4263 seu
1514 4223 1587 4263 con·

310 4311 512 4371 tributionum
536 4317 715 4368 nostrarum
739 4307 892 4387 regalium
917 4307 949 4367 in
972 4307 1135 4388 praedicto
1160 4327 1259 4390 regno
1279 4319 1386 4369 nostro
1402 4309 1588 4370 Sclauoniae

309 4417 484 4478 constitutis
507 4425 538 4478 et
561 4417 591 4476 in
614 4423 751 4474 tuturum
783 4415 1008 4477 constituendis
1033 4423 1064 4476 et
1087 4417 1299 4490 existentibus,
1324 4425 1507 4494 praesentes
1532 4437 1587 4477 no-

308 4532 390 4585 stras
412 4524 535 4601 visuris,
559 4523 693 4583 salutem
725 4530 756 4581 et
791 4522 935 4601 gratiam.
970 4522 1235 4603 Redintegrarunt
1272 4523 1356 4601 apud
1391 4524 1587 4584 maiestatem

306 4640 446 4692 nostram
470 4632 573 4692 denuo
596 4629 754 4709 querelam
778 4647 868 4689 suam
891 4629 1029 4690 universi
1051 4630 1171 4690 nobiles
1194 4630 1285 4689 unius
1308 4630 1457 4690 sessionis
1475 4629 1588 4709 Campi

307 4739 549 4818 Turopoliensis,
583 4737 816 4815 retuleruntque
848 4737 939 4796 nobis
977 4737 1122 4815 demisse,
1157 4739 1241 4817 quod
1276 4738 1401 4797 tametsi
1434 4737 1588 4798 haberent

306 4845 365 4924 ipsi
388 4853 475 4905 certa
497 4843 662 4923 privilegia
685 4851 717 4903 et
739 4843 900 4903 libertates
924 4863 943 4903 a
966 4843 1047 4904 divis
1070 4845 1228 4923 quondam
1252 4844 1436 4925 Hungariae
1460 4845 1588 4924 regibus

306 4953 383 5032 ipsis
406 4954 481 5014 data
504 4961 535 5012 et
559 4952 680 5027 collata,
704 4971 742 5012 ac
766 4970 821 5030 per
844 4960 986 5011 nostram
1003 4971 1126 5030 quoque
1148 4953 1343 5012 maiestatem
1360 4951 1498 5032 gratiose
1515 4971 1586 5012 con-
