3934 5550
1483 376 1550 439 625

266 590 298 650 in
313 591 490 650 summariis
507 599 621 663 autem,
645 611 709 652 non
730 591 790 651 nisi
807 600 896 651 extra
912 592 1092 667 dominium,
1116 593 1210 672 idque
1235 600 1299 653 tam
1316 593 1424 672 vigore
1442 597 1551 654 statuti

266 699 368 776 quarti
392 708 424 758 et
446 698 552 773 ultimi,
576 718 670 778 quam
695 699 789 759 etiam
812 699 922 780 vigore
948 699 1154 778 antiquissimi
1177 720 1253 760 usus
1279 703 1500 761 transmittunt

374 807 444 866 Hac
467 826 538 865 cum
570 805 700 882 comitiS,
734 814 800 868 tum
836 807 994 866 substituti
1019 807 1122 883 etiam,
1155 817 1186 867 et
1209 808 1401 868 vicecomitis
1433 815 1547 874 ter'res-

267 914 362 972 trium
397 912 429 972 in
461 913 638 973 discusione
674 932 840 973 causarum
873 922 905 973 et
928 933 1132 991 processuum
1156 915 1316 976 observari
1350 917 1440 975 solita
1464 918 1552 995 praxi

269 1030 300 1080 et
323 1021 495 1095 methodo,
512 1020 657 1081 nobilitas
681 1021 760 1080 haec
785 1021 865 1082 adeo
889 1040 1015 1100 semper
1039 1030 1187 1082 contenta
1210 1022 1274 1095 fuit,
1300 1024 1383 1102 quod
1407 1025 1447 1082 ad
1471 1024 1550 1083 haec

267 1147 368 1207 usque
402 1139 546 1208 tempora
579 1130 620 1189 ad
642 1129 801 1189 excelsam
837 1129 955 1190 curiam
992 1130 1113 1208 regiam
1146 1150 1267 1208 paucae
1299 1132 1478 1200 admodum,
1515 1133 1545 1192 in

269 1244 419 1315 quantum
451 1237 542 1296 nobis
574 1245 740 1310 constaret,
773 1256 832 1296 nec
863 1236 904 1297 ad
928 1239 1084 1297 excelsam
1116 1238 1256 1298 tabulam
1285 1238 1429 1298 banalem
1454 1242 1549 1300 multo

269 1339 375 1422 plures
398 1343 430 1402 in
454 1343 505 1404 via
529 1344 705 1422 appellatae
729 1363 845 1404 causae
869 1344 940 1406 sint

376 1453 505 1511 Praeter
537 1471 651 1511 causas
674 1470 730 1530 per
752 1452 924 1512 recensitos
949 1453 1204 1532 magistratuales
1228 1462 1352 1513 nostros
1376 1454 1478 1513 decidi
1502 1473 1551 1514 so-

268 1559 349 1632 litas,
381 1567 453 1618 sunt
477 1560 578 1618 adhuc
604 1560 691 1634 aliae,
725 1578 807 1638 quae
830 1560 863 1618 in
886 1561 961 1620 sede
996 1561 1040 1619 sic
1072 1560 1153 1620 dicta
1188 1562 1310 1638 spanali
1335 1581 1390 1621 seu
1415 1562 1551 1622 comitali

270 1666 411 1726 ventilari
435 1668 543 1727 solent
568 1666 755 1728 Celebratae
779 1667 842 1726 iam
866 1686 948 1726 anno
978 1665 1069 1727 1656.
1095 1668 1178 1728 sedis
1202 1669 1294 1728 huius
1318 1669 1348 1728 in
1373 1670 1550 1746 protocollis

269 1774 383 1833 nostris
416 1775 502 1834 clara
532 1775 567 1833 fit
598 1775 724 1834 mentio.
757 1775 807 1832 Ab
832 1792 870 1834 eo
894 1774 966 1834 inde
1000 1785 1148 1852 tempore,
1174 1775 1420 1855 quotiescunque
1444 1795 1551 1836 neces-

268 1881 345 1940 sitas
368 1883 554 1959 postulabat,
579 1888 660 1942 hanc
683 1882 872 1941 celebratam
893 1881 1000 1958 luisse,
1018 1902 1088 1941 cum
1114 1889 1231 1942 attacta
1247 1884 1418 1961 protocolla
1435 1893 1551 1955 nostra,

269 1999 334 2048 turn
350 1989 519 2067 praecipue
536 1989 674 2048 rationes
689 1991 921 2068 perceptorales
936 1988 1102 2049 manifeste
1115 1990 1292 2051 ostendunt.
1309 1991 1425 2050 Sedem
1443 1999 1548 2050 autern

269 2099 351 2157 hanc
374 2097 550 2157 comitalem
574 2116 631 2176 pro
655 2097 774 2157 ratione
806 2098 1003 2176 negotiorum
1037 2098 1212 2176 spanalium
1237 2098 1267 2156 in
1292 2117 1331 2158 ea
1354 2108 1548 2176 pertractan-

271 2205 389 2278 dorum,
424 2222 531 2263 comes
563 2204 629 2282 ipse
661 2224 784 2282 semper
818 2204 933 2281 indicit,
974 2211 1006 2263 et
1037 2205 1067 2263 in
1101 2189 1255 2264 concursu
1291 2225 1486 2265 assessorum
1519 2212 1550 2264 et

271 2311 536 2371 viceassessorum
569 2313 626 2370 sub
658 2331 716 2371 suo
746 2312 903 2390 praesidio
934 2313 1081 2388 celebrat,
1105 2313 1137 2371 in
1161 2331 1261 2391 eaque
1294 2332 1403 2373 omnes
1427 2333 1549 2388 causas,

270 2437 352 2496 quae
376 2418 453 2477 alias
476 2417 536 2478 torl
559 2419 710 2479 octavalis
734 2427 814 2493 sunt,
846 2421 1015 2479 observata
1040 2419 1170 2480 solemni
1195 2420 1269 2481 iuris
1293 2421 1393 2480 forma
1425 2421 1550 2480 discutit

269 2533 301 2586 et
322 2525 437 2601 definit,
460 2527 663 2606 partibusque
688 2527 917 2605 appellantibus
942 2546 998 2605 pro
1023 2528 1178 2588 revisione
1198 2527 1308 2607 vigore
1333 2529 1441 2588 statuti
1467 2528 1547 2588 tertii

271 2634 388 2692 directe
412 2633 453 2692 ad
474 2634 614 2693 tabulam
637 2635 783 2694 banalem
807 2635 998 2696 transmittit.

377 2740 459 2801 Cum
474 2741 584 2822 vigore
601 2741 708 2802 statuti
724 2742 822 2823 quinti
839 2741 1026 2802 universitas
1050 2743 1129 2802 baec
1153 2742 1219 2803 iure
1243 2742 1339 2823 gladii
1357 2744 1479 2824 polleat,
1504 2743 1547 2803 iu-

271 2851 352 2920 dicia
375 2870 499 2929 quoque
514 2851 685 2910 criminalia
702 2861 890 2928 exposcente
908 2852 1096 2911 necessitate
1117 2851 1270 2911 'celebrari
1285 2860 1437 2931 opportet.
1461 2853 1550 2911 Haec

271 2978 395 3038 quoque
426 2977 532 3018 comes
562 2959 728 3032 terrestris,
751 2966 805 3018 aut
828 2978 866 3019 eo
890 2960 1020 3019 absente
1049 2960 1233 3019 substitutus
1258 2962 1363 3020 comes
1387 2962 1542 3019 terrestris

271 3066 385 3141 indicit,
410 3076 441 3126 et
464 3067 522 3126 sub
546 3086 604 3126 suo
627 3067 784 3144 praesidio
808 3086 879 3126 cum
904 3067 1117 3126 assessoribus
1141 3076 1172 3125 et
1196 3067 1479 3127 viceassessoribus
1496 3086 1545 3127 ce·

271 3174 385 3247 lebrat3
410 3174 565 3252 appellata
590 3174 629 3232 ab
653 3174 764 3233 horum
787 3174 901 3233 iudicio
916 3174 1002 3252 prius
1025 3175 1151 3253 quidem
1176 3175 1355 3233 immediate
1381 3175 1548 3234 adsedem
1608 3228 1611 3237 .

271 3280 465 3341 iudiciariam
495 3282 676 3356 comitatus,
707 3301 789 3341 nunc
821 3291 926 3340 autem
957 3300 976 3340 a
1009 3282 1141 3359 paritate
1181 3281 1301 3341 sedium
1338 3282 1550 3355 dominalium,

251 3398 365 3468 ¹atque
389 3398 575 3470 argumento
606 3389 726 3449 articuli
749 3387 801 3450 43.
818 3388 1007 3467 penultimae
1032 3389 1156 3449 diaetae
1180 3390 1221 3448 ad
1245 3390 1382 3448 tabulam
1403 3390 1549 3449 banalem

270 3506 476 3577 competente.

376 3606 537 3682 Quantum
564 3614 668 3664 autem
692 3624 814 3680 causas,
837 3625 917 3685 quas
940 3606 1008 3665 sive
1031 3607 1150 3665 nobiles
1166 3606 1408 3683 Turopolienses
1432 3614 1549 3680 contra,

271 3716 348 3775 alios
383 3714 501 3773 nobiles
536 3733 599 3773 non
634 3714 887 3792 Turopolienses
922 3714 989 3773 sive
1022 3714 1053 3773 lri
1085 3723 1193 3773 contra
1225 3714 1292 3773 illos
1320 3714 1550 3791 promovendas

271 3824 395 3896 habent,
419 3822 536 3894 attinet,
560 3822 632 3881 licet
655 3822 781 3900 quidem
804 3823 917 3881 virtute
941 3822 1049 3881 statuti
1073 3820 1101 3883 7.
1127 3842 1241 3881 causae
1266 3822 1325 3881 hae
1349 3840 1405 3899 pro
1429 3820 1549 3880 ratione

271 3930 402 3989 instituti
426 3949 532 3989 coram
555 3930 662 3989 tabula
693 3929 806 4006 banali,
833 3938 887 3989 aut
910 3948 986 3989 vero
1011 3949 1117 3989 coram
1149 3930 1297 3989 comitatu
1328 3922 1473 3988 decurre¹
1498 3928 1549 3986 de-

270 4039 389 4111 berent,
422 4036 453 4097 id
484 4045 589 4098 tamen
620 4055 683 4095 non
714 4036 773 4095 nisi
804 4038 887 4115 quod
920 4055 975 4097 eas
1008 4056 1131 4111 causas,
1155 4056 1234 4115 quas
1268 4036 1385 4096 nobiles
1410 4035 1550 4113 Turopo-

271 4144 386 4204 lienses
410 4152 519 4204 contra
543 4144 620 4203 alios
644 4144 764 4202 nobiles
781 4144 979 4203 suscitandas
995 4144 1121 4217 habent,
1137 4144 1332 4218 observatur,
1350 4142 1429 4201 aliae
1446 4152 1550 4201 autem

271 4271 397 4327 causae,
430 4261 649 4311 extraneorum
683 4251 798 4330 quippe
829 4250 977 4310 nobilium
1014 4260 1123 4310 contra
1157 4250 1277 4310 nobiles
1309 4249 1551 4326 Turopolienses

272 4359 311 4419 ab
334 4359 550 4419 immemoriali
581 4367 731 4437 tempore,
760 4359 827 4418 sive
850 4359 924 4437 quia
957 4358 1048 4418 citius
1072 4366 1103 4418 et
1127 4357 1247 4417 facilius
1279 4376 1384 4417 coram
1410 4358 1550 4434 Turopo-

270 4469 360 4528 liensi
383 4469 571 4547 magistratu
599 4467 793 4541 deciduntur,
819 4467 885 4525 sive
910 4465 987 4544 quia
1015 4465 1185 4525 levioribus
1209 4465 1384 4542 sumptibus
1408 4470 1552 4522 constant

272 4577 339 4636 sive
363 4576 497 4653 denique
521 4576 594 4653 quia
618 4594 655 4633 ex
681 4575 821 4653 generali
852 4573 926 4632 iuris
956 4572 1108 4650 principio
1142 4580 1228 4631 actor
1255 4572 1355 4630 lorum
1388 4571 1432 4629 rei
1462 4570 1550 4648 sequi

272 4685 374 4757 debet,
398 4702 522 4761 semper
545 4702 650 4743 coram
674 4682 787 4741 nostris
811 4681 963 4741 iudicibus
988 4681 1171 4740 deciduntur
1195 4689 1226 4739 et
1250 4679 1446 4738 definiuntur.

378 4793 467 4852 Haec
490 4801 563 4850 sunt
585 4791 699 4850 iudicia
722 4798 838 4863 nostra,
863 4790 923 4848 hae
948 4788 1031 4847 circa
1054 4786 1296 4847 celebrationem
1320 4786 1491 4845 eorundem
1509 4784 1548 4844 ab

273 4898 488 4959 immemoriali
519 4908 659 4977 tempore
691 4898 851 4959 observari
875 4895 985 4956 solitae
1010 4896 1261 4956 consvetudines.
1298 4892 1549 4955 Consvetudines

1407 5015 1443 5071 40
