3934 5550
531 875 624 936 Anno
652 872 744 935 1749.
768 873 798 936 5.
822 882 853 934 et
876 881 1017 953 sequent
1041 871 1159 934 mensis
1182 870 1294 932 martii
1317 869 1505 951 Zagrabiae.

502 1067 687 1135 Articuluc
712 1065 813 1153 regni
833 1065 874 1132 de
896 1064 1112 1154 regrduliom
1134 1063 1376 1130 universitatis
1399 1062 1473 1130 nob.
1498 1063 1624 1148 Campi

974 1173 1170 1260 Turopolia.

530 1381 634 1439 Acta
666 1385 706 1437 et
737 1375 910 1437 articuli
943 1375 1196 1452 inclytorum
1227 1373 1483 1435 dominorum
1517 1382 1704 1434 statuum

424 1496 465 1546 et
488 1485 681 1546 ordinum
712 1502 933 1564 regnorum
965 1481 1211 1557 Dalmatiae,
1242 1481 1445 1544 Croatiae
1468 1490 1507 1543 et
1536 1483 1705 1544 Sclavo·

423 1594 527 1667 niae,
550 1592 589 1652 in
613 1591 809 1673 generali
834 1591 1062 1651 eorundem
1086 1608 1132 1650 ex
1156 1589 1297 1649 edicto
1321 1599 1361 1649 et
1380 1577 1457 1649 'sub
1488 1590 1704 1670 praesidio

423 1696 1151 1761 excellentissimietillustrissimi
1176 1697 1526 1775 dominicomitis,
1550 1697 1705 1758 domini

423 1805 627 1868 ludovici
659 1806 825 1882 Erdddy
856 1805 902 1866 de
933 1804 1268 1878 Moniorolrerelr,
1291 1804 1445 1865 Montis
1475 1804 1643 1866 Claudii
1668 1814 1705 1865 et

425 1914 649 1976 comitatus
672 1912 976 1974 Varasdiensis
1000 1911 1204 1992 perpetui
1234 1913 1412 1988 comitis,
1435 1931 1584 1973 sacrae
1619 1932 1703 1973 cae·

422 2021 733 2102 sarco-regiae
775 2020 1015 2080 maiestatis
1050 2019 1232 2080 actualis
1279 2019 1416 2080 intimi
1451 2019 1703 2094 consiliarii,

423 2129 652 2191 camerarii
685 2137 724 2189 et
754 2127 958 2188 colo'nelli
991 2135 1057 2203 etc„
1088 2107 1495 2206 locumtenentisque
1526 2126 1705 2205 banalis,

422 2257 499 2319 pro
522 2237 673 2316 quinta
697 2244 736 2297 et
759 2235 1038 2316 sequentibus
1061 2235 1214 2296 mensis
1237 2233 1379 2294 martii
1410 2235 1567 2309 diebus
1599 2254 1704 2296 anno

428 2344 522 2409 1749.
545 2344 788 2426 Zagrabiae
812 2342 1027 2404 celebrata
1050 2341 1391 2424 congregatione
1414 2342 1618 2404 conclusi.

903 2483 1040 2567 (ceteris
1068 2483 1235 2566 emissis).

873 2682 1090 2743 Articulus
1113 2683 1252 2745 xxvllt.

528 2832 584 2893 De
620 2829 855 2910 regulanda
889 2826 1176 2889 universitate
1210 2827 1412 2889 nobilium
1446 2827 1596 2907 Campi
1629 2829 1699 2887 Tu-

423 2938 592 3019 ropolia

531 3044 677 3105 Exhibita
700 3063 757 3123 pro
780 3042 988 3105 confirmitate
1011 3042 1131 3104 articuli
1154 3040 1207 3106 24.
1230 3043 1420 3123 penultimae
1452 3042 1542 3124 regni
1573 3062 1703 3124 congre·

425 3154 569 3235 gationis,
604 3172 661 3231 pro
695 3151 921 3212 introducendo
956 3159 1042 3211 recto
1072 3158 1104 3211 et
1132 3149 1238 3212 debito
1270 3150 1302 3211 in
1326 3150 1530 3212 universitate
1553 3151 1703 3213 nobilium

424 3261 538 3341 Campi
562 3259 732 3339 Turopolia
754 3258 917 3338 gubernio,
940 3258 1111 3320 directione
1135 3266 1167 3318 et
1196 3258 1305 3319 ordine
1336 3259 1497 3321 elaborata
1527 3267 1644 3337 puncta
1674 3260 1704 3321 in

425 3368 548 3448 publico
571 3362 721 3447 perlecta,
746 3373 777 3426 et
800 3364 988 3426 modificatis
1011 3365 1229 3426 modificandis
1252 3365 1415 3446 (salvaque
1446 3375 1570 3445 patnrm
1601 3366 1703 3426 Pauli·

425 3495 536 3535 norum
566 3472 810 3550 Remetensium,
833 3472 936 3551 prouti
960 3480 992 3531 et
1015 3472 1149 3533 civitatis
1172 3473 1397 3553 Zagrabiensis
1419 3474 1524 3553 quoad
1554 3482 1704 3553 punctum

431 3582 478 3645 ll.
503 3590 648 3661 respectu
664 3601 741 3641 usus
756 3580 883 3641 maioris
905 3581 1014 3657 sylvae
1030 3580 1132 3641 Velilri
1146 3582 1238 3661 Lugh
1255 3581 1357 3642 dictae
1374 3582 1557 3661 interposita
1580 3592 1702 3642 contra·

425 3691 571 3766 dictione)
597 3696 761 3767 acceptata
785 3696 864 3766 sunt,
888 3687 1013 3767 publico
1036 3688 1127 3768 regni
1150 3690 1342 3767 prothocollo
1366 3689 1542 3763 inserenda,
1559 3709 1597 3749 ac
1612 3709 1701 3768 prae-

424 3799 509 3859 latae
541 3794 735 3857 universitati
759 3795 943 3873 profutura
977 3796 1118 3856 eiusdem
1155 3796 1267 3856 iurium
1301 3798 1436 3857 cautella
1471 3806 1502 3857 et
1533 3797 1703 3858 directione

424 3924 512 3967 more
535 3904 626 3965 solito
650 3904 707 3963 sub
731 3903 833 3984 sigillo
857 3902 946 3983 regni
971 3902 1165 3964 extradanda
1188 3903 1406 3967 decernuntur.

531 4013 712 4091 Quorum
735 4018 984 4091 punctorum
1008 4010 1142 4071 series
1166 4023 1230 4073 est
1253 4011 1519 4091 subsequens.

530 4118 599 4179 Red
621 4118 687 4179 illiti
710 4118 832 4195 nacbin,
848 4116 995 4179 kakovirn
1019 4119 1206 4180 restauratia
1229 4119 1295 4179 illiti
1317 4119 1455 4180 zbiranie
1471 4120 1620 4181 officerov
1640 4122 1703 4198 ple·

426 4230 543 4290 menite
566 4230 700 4290 obchine
724 4230 896 4309 Turovoga
919 4229 1019 4305 Polya
1041 4247 1083 4289 na
1106 4229 1168 4289 dan
1192 4235 1300 4288 szvete
1316 4228 1412 4288 Lucie
1427 4227 1559 4303 ravnati,
1574 4247 1595 4305 y
1611 4228 1704 4308 drugi

426 4336 531 4396 nihovi
555 4336 653 4415 poszli
677 4335 841 4415 opravliati
865 4354 918 4395 sze
942 4334 1048 4412 imaju.

535 4444 647 4505 Primo,
672 4442 843 4504 Polrehdob
868 4441 946 4502 iszto
969 4442 1107 4503 zbiranie
1123 4462 1165 4502 na
1181 4443 1243 4503 dan
1260 4451 1366 4503 szvete
1382 4442 1478 4503 Lucie
1496 4444 1613 4503 vszako
1629 4444 1704 4504 letto

427 4536 574 4610 navadno
599 4551 627 4611 ie
652 4550 766 4625 ehiniti,
784 4550 877 4610 zatho
893 4569 1016 4630 gospon
1032 4569 1111 4628 span
1136 4558 1339 4630 szpomenute
1363 4551 1530 4630 plemenite
1561 4551 1703 4625 obchine,

427 4658 493 4717 illiti
517 4676 556 4717 vu
591 4658 792 4736 pripecheniu
816 4658 951 4739 niegove
987 4658 1122 4733 szmerti,
1157 4659 1208 4718 alli
1232 4659 1412 4740 niegovoga
1448 4659 1542 4718 doma
1565 4658 1703 4736 nebitya‚

427 4764 543 4845 niegov
579 4766 775 4825 namesztnilr
811 4764 876 4824 illiti
912 4764 1105 4840 substitutos,
1129 4765 1239 4826 chetlri
1274 4766 1327 4826 dni
1361 4766 1439 4844 pred
1461 4765 1571 4825 isztem
1596 4775 1704 4826 szvete

427 4871 522 4931 Lucie
546 4873 682 4932 dnevom
707 4891 813 4932 vszem
838 4874 955 4933 szelam
980 4873 1202 4934 obchinszkem
1225 4874 1384 4933 obznaniti
1407 4873 1489 4933 bude
1523 4874 1632 4948 dusen,
1664 4874 1704 4933 da

427 4978 546 5039 vszalro
570 4980 666 5039 szello
689 4980 781 5041 zmed
797 4980 891 5041 szebe
915 4981 997 5041 kade
1021 4981 1084 5041 dva
1099 4982 1236 5041 szudcza
1251 4981 1347 5058 ieszu,
1371 4981 1450 5041 iszta
1473 4982 1536 5041 dva
1560 4983 1705 5058 szudcza,
