3934 5550
389 1573 481 1632 Anno
510 1569 602 1634 1561.
626 1568 656 1632 8.
680 1569 761 1632 maii.

284 1764 485 1850 Capitulum
508 1764 666 1829 ecclesiae
699 1764 948 1850 Zagrabiensis
978 1765 1205 1829 statutionem
1235 1763 1407 1829 nobilium
1441 1766 1566 1849 Campi

282 1871 541 1960 Zagrabiensis
565 1873 604 1937 in
624 1873 859 1958 possessiones
880 1892 1001 1938 eorum
1026 1872 1126 1936 iuxta
1149 1893 1275 1938 novam
1298 1872 1433 1959 regiam
1458 1873 1565 1938 dona-

659 1981 788 2044 tionem
809 1983 995 2066 peraciom,
1019 1979 1186 2064 notificat.

392 2180 572 2258 Capitulum
597 2181 728 2240 ecclesie
761 2179 983 2259 Zagrabiensis
1010 2181 1157 2240 omnibus
1180 2180 1298 2240 Christi
1321 2181 1465 2240 fidelibus
1498 2200 1568 2259 pre·

285 2287 429 2348 sentibus
460 2289 576 2366 pariter
607 2295 639 2348 et
668 2287 779 2348 luturis
811 2287 1009 2365 presencium
1033 2287 1180 2347 noticiam
1204 2287 1356 2347 habituris
1379 2289 1512 2348 salutem
1536 2287 1568 2347 in

291 2415 338 2469 ec,
362 2395 414 2474 qui
439 2403 487 2454 est
510 2396 648 2455 omnium
672 2414 749 2454 vera
772 2396 865 2454 salus.
883 2395 977 2470 Quod
1001 2394 1075 2473 quia
1099 2413 1137 2455 ea
1160 2394 1192 2454 in
1215 2395 1385 2474 longevum
1409 2395 1569 2455 hominum

289 2503 473 2563 memoriam
497 2511 569 2562 sunt
592 2503 786 2576 deducenda,
806 2502 966 2562 literarum
983 2501 1156 2580 patrocinio
1180 2503 1280 2562 solent
1303 2502 1501 2580 perhennari,
1524 2503 1569 2562 in·

289 2627 475 2670 concussum
506 2629 642 2689 namque
666 2611 697 2669 id
728 2619 899 2688 permanet,
923 2610 1179 2689 memorabilique
1208 2609 1307 2690 fulget
1331 2609 1463 2688 eloquin,
1485 2611 1570 2689 quod

287 2719 444 2781 literarum
469 2718 571 2779 studio
595 2718 687 2779 luerit
710 2719 884 2794 solidatum,
914 2738 986 2779 cum
1009 2727 1040 2779 et
1064 2737 1165 2799 sagax
1198 2737 1235 2778 ac
1269 2717 1400 2796 provida
1431 2717 1570 2777 humana

288 2827 482 2889 adinvenerit
506 2835 536 2887 et
560 2826 814 2905 circumspexerit
828 2828 922 2901 racio,
939 2836 972 2887 ut
988 2846 1093 2886 rerum
1108 2826 1260 2906 legittime
1283 2833 1445 2905 gestarum
1469 2825 1567 2885 series

289 2937 447 2999 literarum
464 2935 548 2995 fideli
566 2936 802 2995 commendetur
825 2935 1013 3005 testimonio,
1029 2954 1068 2994 ne
1086 2934 1204 2994 scilicet
1227 2953 1275 3008 ea,
1287 2952 1349 3012 que
1373 2934 1405 2993 in
1427 2943 1569 3011 tempore

287 3044 368 3103 labili
394 3052 530 3123 aguntur
562 3041 678 3121 pariter
702 3062 773 3101 cum
797 3042 864 3119 ipso
890 3040 929 3101 ab
954 3042 1091 3101 humana
1124 3042 1286 3100 elabantur
1311 3040 1470 3101 memoria.
1494 3040 1569 3100 Pro·

287 3150 358 3211 inde
384 3151 424 3210 ad
448 3150 665 3209 universorum
686 3158 750 3208 tam
767 3148 963 3228 presencium
980 3167 1075 3225 quam
1090 3148 1264 3207 futurorum
1288 3148 1434 3208 noticiam
1458 3147 1569 3207 harum

287 3258 367 3319 serie
399 3258 542 3319 volumus
573 3258 746 3335 pervenire,
783 3257 868 3337 quod
899 3276 956 3315 nos
992 3256 1097 3315 literas
1129 3256 1321 3317 serenissimi
1357 3254 1504 3333 principis
1539 3264 1571 3314 et

287 3366 403 3426 domini
427 3365 543 3425 domini
568 3364 756 3425 Ferdinandi
773 3365 878 3425 divina
897 3364 1023 3423 favente
1047 3363 1218 3425 clemencia
1243 3364 1333 3424 electi
1357 3366 1569 3424 Romanorum

287 3472 481 3552 imperatoris
498 3491 622 3550 semper
637 3472 771 3551 augusti,
789 3492 825 3531 ac
849 3470 1029 3546 Germanie,
1046 3473 1219 3553 Hungarie,
1234 3473 1386 3532 Bohemie
1401 3480 1459 3534 etc.
1475 3472 1569 3552 regis,

288 3580 411 3640 intentis
428 3580 659 3659 Hispaniarum,
677 3580 851 3641 archiducis
868 3581 1002 3654 Austrie‚
1020 3581 1108 3641 ducis
1131 3581 1313 3661 Burgundie
1330 3590 1387 3640 etc.
1403 3579 1519 3639 domini
1536 3588 1567 3638 et

288 3687 433 3766 principis
450 3688 546 3747 nostri
563 3688 803 3763 clementissimi,
828 3688 1067 3749 introductoriae
1083 3696 1114 3747 et
1129 3688 1311 3748 statutorias
1327 3688 1416 3747 nobis
1440 3706 1569 3765 precep-

287 3796 365 3855 torie
383 3797 544 3874 loquentes
561 3804 592 3855 et
607 3796 751 3869 directas,
772 3816 895 3856 summa
908 3816 979 3856 cum
1001 3797 1181 3857 reverencia
1199 3806 1231 3856 et
1246 3796 1430 3856 obediencia
1447 3814 1494 3869 ea,
1507 3815 1569 3873 qua

289 3903 391 3963 decuit
405 3911 435 3963 et
448 3903 533 3963 licuit
547 3904 723 3981 recepimus
739 3905 769 3963 in
785 3906 843 3963 hec
860 3905 971 3964 verba:
1001 3904 1115 3979 (Vide
1140 3905 1187 3964 do
1198 3924 1224 3964 c.
1249 3926 1276 3964 a.
1297 3902 1381 3965 1560
1402 3902 1448 3965 ll.
1465 3903 1571 3963 maii.

288 4012 371 4071 Vol.
396 4011 442 4072 ΙΙΙ.
467 4011 529 4071 Nr.
556 4007 641 4087 286.)
667 4011 732 4069 Nos
761 4010 855 4089 igitur
879 4012 1035 4069 mandatis
1062 4019 1092 4069 et
1118 4012 1375 4090 requisicionibus
1401 4030 1457 4069 sue
1483 4028 1573 4069 sacre

288 4118 487 4197 imperatorie
512 4126 543 4177 et
566 4118 653 4197 regie
670 4118 842 4177 maiestatis
864 4138 988 4195 semper
1004 4119 1035 4177 in
1052 4118 1205 4192 omnibns,
1222 4127 1256 4177 ut
1271 4128 1422 4193 tenemur,
1444 4116 1572 4177 obedire

289 4226 459 4305 cupientes,
483 4244 618 4285 unacum
642 4206 889 4303 prefato'nobite
914 4226 1035 4285 Mathia
1050 4226 1258 4302 Cbernkoczy
1282 4227 1321 4285 de
1346 4226 1572 4295 Chernkowcz,

292 4334 415 4394 homine
441 4352 496 4393 sue
528 4333 702 4393 maiestatis
724 4334 823 4413 regin,
847 4334 877 4393 in
901 4334 1084 4413 preinsertis
1106 4334 1202 4394 literis
1227 4334 1368 4394 eiusdem
1393 4334 1472 4391 inter
1496 4332 1573 4392 alios

289 4442 431 4503 homines
463 4442 568 4520 regios
601 4441 783 4501 nominatim
816 4442 1000 4519 conscripto,
1033 4451 1172 4501 nostrum
1205 4441 1372 4515 hominem,
1405 4441 1572 4500 discretum

290 4547 434 4608 videlicet
449 4548 644 4627 Stephanum
662 4549 868 4627 presbiterum
887 4550 1169 4628 Galgonczensem,
1185 4548 1273 4609 chori
1296 4547 1416 4627 prefate
1440 4546 1572 4608 ecclesie

289 4664 394 4715 nostre
425 4656 649 4737 Zagrabiensis
677 4657 927 4735 prebendarium,
953 4656 1010 4716 ad‘
1027 4658 1181 4735 premissa
1213 4677 1270 4716 suo
1293 4657 1388 4716 modo
1412 4666 1443 4714 et
1466 4655 1574 4714 ordine

289 4762 422 4823 fideliter
455 4764 646 4843 peragenda,
669 4771 775 4824 nostro
799 4784 855 4842 pro
879 4764 1057 4825 testimonio
1092 4764 1284 4843 fidedignum
1308 4765 1498 4823 duxeramus
1522 4762 1575 4821 de·

293 4871 481 4947 stinaudum,
516 4872 569 4950 qui
599 4872 726 4931 tandem
759 4872 870 4932 exinde
902 4873 943 4932 ad
974 4893 1032 4933 nos
1064 4872 1182 4933 reversi
1211 4872 1301 4932 nobis
1334 4870 1393 4931 sub
1424 4870 1579 4949 corporali

298 4978 437 5063 ipsorum
462 4980 636 5041 iuramento
662 4981 700 5043 de
726 4988 757 5041 et
780 4998 873 5063 super
897 4979 981 5041 fideli
998 4981 1212 5063 exequucione
1236 4998 1343 5041 eorum
1368 4998 1474 5039 coram
1490 4976 1580 5037 nobis

1476 5104 1490 5162 1
