3934 5550
1498 369 1559 432 143

277 591 426 649 comitatu
449 589 655 669 Zagrabiensi
687 590 848 661 existente,
880 588 1006 647 habitae
1038 597 1069 647 et
1099 588 1257 660 lundrtae,
1288 606 1409 647 necnon
1441 597 1561 645 tectura

277 717 334 777 pro
369 697 530 775 praedicta
564 696 703 757 similiter
738 699 778 755 de
813 715 896 755 novo
930 696 1023 770 facta,
1047 706 1110 755 tam
1146 696 1263 755 scilicet
1297 694 1437 755 eiusdem
1462 694 1559 753 eccle·

278 804 344 865 siae
378 812 505 863 nostrae
539 804 653 864 beatae
694 803 815 863 Mariae
851 803 999 882 Virginis,
1033 821 1128 882 quam
1163 804 1257 863 etiam
1299 802 1426 861 alterius
1460 802 1559 861 eccle·

277 913 343 973 siae
367 918 494 972 nostrae
517 911 624 971 itidem
653 910 826 971 communis
856 910 969 969 beatae
994 910 1185 969 Catharinae
1217 908 1347 989 virginis
1371 918 1402 967 et
1425 907 1560 967 martiris

278 1021 318 1080 de
350 1020 535 1079 Dobranecz
560 1019 691 1094 dicatae,
727 1018 758 1077 in
793 1017 1016 1097 praeallegatis
1051 1016 1174 1095 Campo
1207 1027 1238 1077 et
1269 1017 1419 1077 comitatu
1441 1017 1560 1095 Zagra-

276 1127 375 1187 biensi
410 1126 571 1187 existentis
594 1126 720 1186 habitae
743 1127 902 1199 lundatae,
926 1126 1059 1186 fideliter
1088 1136 1121 1186 ct
1155 1135 1336 1186 constanter
1360 1125 1498 1184 exhibuit
1527 1132 1559 1183 et

278 1234 442 1313 praestitit,
478 1234 627 1313 deinceps
661 1252 786 1311 quoque
818 1234 859 1293 ad
894 1233 1127 1312 requisitionem
1169 1242 1307 1293 nostram
1338 1234 1370 1292 in
1402 1231 1558 1291 communi

277 1341 485 1422 qualicunque
516 1360 611 1419 opere
643 1350 759 1415 nostro,
790 1350 821 1401 et
852 1360 886 1399 se
915 1342 1135 1419 praestiturum
1168 1340 1313 1413 ostendit,
1342 1359 1413 1399 cum
1445 1340 1484 1398 ob
1518 1338 1558 1414 id,

279 1458 344 1508 tum
368 1467 424 1526 pro
448 1448 663 1521 consideratis,
676 1457 708 1507 et
723 1448 755 1507 in
780 1467 896 1507 arcano
912 1448 1026 1507 mentis
1041 1456 1170 1509 nostrae
1193 1446 1459 1527 praemeditantis,
1475 1447 1558 1525 quod

278 1556 361 1615 idem
394 1555 543 1615 Nicolaus
574 1555 786 1615 Ztanchevich
820 1562 906 1613 certa
937 1555 1021 1615 bona
1045 1564 1074 1615 et
1098 1556 1167 1614 iura
1197 1554 1387 1615 sessionaria
1418 1553 1559 1631 emptitia

278 1662 486 1723 haereditaria
510 1662 540 1722 in
564 1662 765 1741 possessione
795 1661 956 1733 Mraczlin,
990 1662 1193 1741 eiusdemque
1225 1662 1347 1738 montis,
1380 1661 1438 1720 sub
1470 1659 1545 1719 iuris

277 1770 412 1829 dictione
443 1769 589 1829 videlicet
620 1770 712 1829 huius
743 1769 857 1847 Campi
891 1770 1116 1849 Zagrabiensis
1152 1770 1326 1843 existentia,
1361 1769 1492 1828 haberet
1526 1775 1558 1826 et

276 1877 460 1957 possideret,
491 1878 573 1937 hanc
596 1878 699 1937 eidem
723 1878 854 1937 Nicolao
884 1878 1106 1952 Ztanchevich,
1135 1878 1385 1955 haeredibusque
1416 1876 1557 1936 eiusdem

277 1983 441 2061 universiS,
472 2004 594 2046 necnon
626 1986 721 2045 etiam
747 1985 894 2045 iratribus
918 1986 1096 2046 carnalibus
1119 1994 1151 2045 et
1173 1985 1302 2045 uterinis
1325 1985 1417 2043 simul
1439 1984 1470 2043 in
1494 2003 1557 2043 una

278 2093 371 2152 domo
406 2111 477 2151 cum
517 2092 627 2152 eodem
662 2092 792 2152 Nicolao
832 2093 1061 2168 Ztanchevich,
1097 2101 1128 2153 et
1162 2112 1224 2153 non
1259 2093 1397 2165 divisim,
1432 2092 1557 2151 cohabi-

276 2200 423 2273 tantibus,
447 2200 581 2280 gratiam
598 2200 742 2260 duximus
759 2203 958 2261 annuendam
984 2210 1015 2261 et
1038 2202 1281 2263 concedendam.
1305 2201 1367 2260 imo
1391 2200 1556 2259 annuimus

280 2326 312 2367 er
337 2307 548 2381 concedimus,
571 2308 655 2387 quod
679 2306 824 2368 videlicet
846 2308 928 2367 idem
953 2308 1103 2369 Nicolaus
1119 2309 1339 2381 Ztanchevich,
1356 2317 1388 2367 et
1401 2308 1557 2367 haeredes

278 2434 316 2475 ac
338 2414 451 2475 fratres
482 2415 642 2494 praedicti,
678 2417 772 2475 modo
802 2425 986 2496 praeatacto
1017 2418 1109 2477 simul
1140 2425 1380 2493 commorantes,
1412 2436 1431 2475 a
1462 2415 1556 2474 modo

278 2522 397 2583 cunctis
426 2522 538 2582 tuturis
570 2542 693 2603 semper
724 2522 917 2602 temporibus
941 2533 973 2584 et
997 2524 1095 2601 annis,
1127 2545 1259 2605 gregem
1283 2544 1448 2603 porcorum
1473 2523 1555 2601 ipso·

279 2651 346 2690 rum
370 2630 529 2710 proprium
554 2632 713 2705 duntaxat,
738 2651 794 2709 pro
828 2633 922 2692 modo
950 2633 1124 2711 praemisso
1155 2634 1246 2692 simul
1279 2642 1309 2692 et
1340 2652 1402 2691 non
1432 2630 1554 2690 divisim

278 2738 496 2815 cohabitando,
528 2734 694 2799 habuerint
726 2740 757 2800 in
789 2740 878 2816 sylva
910 2748 1017 2801 nostra
1045 2742 1202 2801 communi
1234 2740 1353 2801 Bunzki
1385 2739 1478 2819 Lugh
1501 2756 1554 2797 vo·

278 2853 357 2920 eata,
390 2846 470 2906 inter
501 2847 613 2906 fluvios
647 2847 744 2922 Odra,
783 2849 872 2908 Buna
903 2857 934 2908 et
965 2849 1120 2924 Lekenik,
1152 2869 1274 2908 necnon
1317 2857 1465 2928 stagnum
1498 2865 1555 2905 seu

277 2955 375 3013 lutum
406 2955 555 3014 Moruecz
588 2955 676 3014 aliter
709 2955 897 3014 Chreuacha
930 2957 1120 3034 appelatum,
1143 2956 1270 3015 omnino
1297 2956 1327 3014 in
1360 2953 1554 3033 pertinentiis

277 3062 428 3140 praedicti
452 3061 564 3140 Campi
588 3063 687 3122 nostri
715 3064 885 3141 Turopolia
909 3063 1022 3137 vocati,
1046 3073 1078 3123 et
1100 3065 1250 3124 comitatu
1274 3065 1411 3123 antelato
1434 3063 1553 3140 Zagra·

276 3168 377 3227 biensi
406 3169 550 3228 existenti
584 3169 700 3244 habita,
734 3169 765 3229 in
797 3169 965 3249 glandibus
989 3170 1020 3229 in
1043 3171 1156 3230 eadem
1180 3172 1270 3248 sylva
1293 3167 1553 3238 excrescentibus,

277 3275 344 3335 sine
368 3276 431 3335 ulla
454 3276 606 3336 solutione
631 3285 662 3335 et
685 3277 835 3354 pensione
868 3297 982 3336 census
1007 3277 1144 3337 sirovina
1168 3278 1241 3337 dicti
1264 3295 1404 3357 pascere,
1429 3293 1552 3334 conser-

276 3401 351 3442 vare
383 3393 415 3441 et
445 3383 571 3453 nutrire,
602 3385 642 3443 ad
678 3384 776 3444 instar
806 3384 995 3463 reliquorum
1029 3385 1158 3444 fratrum
1194 3383 1476 3464 generationalium
1499 3401 1552 3440 no·

277 3499 412 3549 strorum
443 3490 590 3549 nobilium
623 3491 767 3550 videlicet
796 3491 910 3570 Campi
941 3492 1016 3552 dicti
1045 3493 1277 3572 Zagrabiensis,
1308 3491 1374 3551 iure
1402 3501 1553 3568 perpetuo

278 3607 310 3657 et
332 3598 528 3658 irrevocabili
552 3599 710 3676 possitae
734 3601 868 3661 valeant.
900 3599 1035 3660 Cavebit
1058 3601 1275 3660 nichilominus
1299 3601 1381 3660 idem
1405 3597 1553 3657 Nicolaus

275 3705 494 3780 Ztanchevich,
519 3725 558 3766 ne
573 3707 632 3767 snb
648 3716 811 3786 praetextu
833 3708 1038 3786 propriorum,
1055 3709 1173 3768 alienos
1188 3728 1286 3788 penes
1305 3727 1393 3767 suum
1412 3724 1552 3785 gregem,

276 3811 307 3871 in
331 3813 484 3873 eiusmodi
514 3814 749 3892 pascuationem
782 3816 892 3894 qnovis
925 3817 1019 3875 modo
1047 3816 1199 3892 admittat,
1222 3816 1306 3896 quod
1330 3815 1355 3874 si
1379 3815 1482 3874 facere
1507 3823 1551 3871 at-

276 3920 450 3996 tentaverit,
475 3940 545 3980 mox
571 3930 602 3981 et
626 3923 693 4000 ipso
725 3924 809 3982 lacto
839 3924 991 3983 eiusmodi
1022 3925 1164 3984 libertate
1196 3925 1367 4004 privabitur
1398 3932 1429 3982 et
1458 3921 1551 3980 desti-

275 4036 409 4092 tuentur.
441 4029 517 4087 lllud
546 4049 670 4108 quoque
702 4032 901 4090 annuendum
927 4039 958 4090 et
981 4033 1218 4093 concedendum
1242 4033 1395 4104 duximus,
1419 4029 1503 4108 quod
1527 4029 1552 4086 si

276 4135 359 4196 idern
394 4136 542 4196 Nicolaus
574 4137 796 4212 Ztanchevich,
828 4147 881 4197 aut
912 4140 1066 4198 haeredes
1094 4140 1191 4218 ipsius
1216 4140 1246 4198 in
1271 4138 1439 4217 praetactis
1463 4136 1553 4195 terris

276 4241 475 4302 residentiam
501 4243 644 4304 faciendo
668 4245 699 4303 in
723 4245 812 4304 bonis
841 4247 973 4324 propriis
1006 4247 1221 4306 haereditariis
1246 4244 1401 4326 emptitiis,
1426 4245 1484 4303 sub
1507 4244 1550 4302 iu·

277 4350 455 4410 risdictione
479 4359 584 4411 tamen
608 4353 821 4412 universitatis
845 4352 994 4413 nobilium
1017 4355 1169 4432 praedicti
1193 4355 1307 4434 Campi
1329 4352 1552 4432 Zagrabiensis

275 4457 475 4517 existentibus
507 4459 629 4532 habitis,
662 4460 805 4519 aedilicia
837 4461 958 4540 erigere
992 4471 1022 4520 et
1053 4474 1196 4522 extruere
1230 4462 1390 4533 voluerint,
1415 4469 1446 4519 et
1479 4470 1552 4517 tnnc

274 4562 305 4622 in
330 4564 382 4623 tali
406 4565 593 4625 necessitate
618 4567 765 4645 ipsorum.
796 4567 924 4627 arbores
948 4570 1083 4629 maiores
1107 4571 1272 4649 quercinas
1307 4589 1363 4648 pro
1398 4568 1550 4628 eiusmodi

274 4672 416 4732 aedilicio
454 4683 599 4751 cooptato
635 4675 829 4734 necessarias
867 4685 971 4752 aptas,
1004 4677 1035 4736 in
1070 4679 1285 4756 praeallegata
1320 4679 1409 4753 sylva
1444 4684 1551 4734 nostra

274 4799 391 4858 magna
417 4783 572 4840 communi
604 4782 700 4841 libere
732 4784 875 4842 scindere
900 4792 930 4842 et
955 4785 1098 4856 aufferre,
1123 4786 1180 4843 snb
1204 4785 1411 4844 insinuatione
1445 4793 1550 4843 tamen

273 4888 395 4947 comitis
424 4890 579 4948 terrestris
604 4899 634 4948 et
657 4889 833 4949 officialium
860 4892 967 4967 sylvae
1000 4902 1125 4951 nostrae
1158 4893 1260 4972 lugari
1292 4893 1453 4966 dictorum,
1482 4893 1550 4970 pari
