3934 5550
985 606 1092 676 2⁰5.

505 811 597 871 Anno
625 807 717 873 1735.
741 806 793 871 28.
816 807 1000 871 decembris,
1023 807 1134 871 Tatae.

504 1007 621 1067 Comes
644 1006 794 1084 Iosephus
810 1004 1012 1081 Eszterbazy,
1027 1004 1138 1082 banus,
1160 1001 1200 1062 de
1223 1000 1338 1080 placita
1353 1000 1570 1061 inlormatione
1584 1017 1679 1079 super

396 1116 505 1176 maiori
528 1114 637 1175 ordine
666 1134 761 1194 quam
792 1114 878 1193 prius
908 1121 1037 1193 peracta
1065 1110 1292 1172 restauratione
1322 1109 1407 1171 sedis
1436 1108 1549 1188 Campi
1579 1109 1678 1167 Turo-

396 1223 496 1301 polye,
519 1222 721 1302 Sigismundo
744 1221 890 1281 Skerlecz
922 1219 1044 1280 scribit:
1078 1237 1194 1298 »quare
1218 1217 1308 1278 sicuti
1331 1217 1360 1278 d.
1384 1215 1678 1278 vicecommendans

395 1330 435 1390 ob
460 1336 636 1409 respectum
669 1327 840 1407 saepedicti
874 1327 993 1388 decreti
1024 1326 1122 1386 nostri
1151 1324 1340 1386 notariatum
1372 1324 1555 1405 resignavit,
1584 1323 1628 1384 ita
1650 1322 1677 1383 si

394 1437 423 1501 d.
451 1436 607 1516 Plepelich
637 1436 748 1497 eodem
781 1435 885 1495 officio
916 1434 1005 1514 fungi
1036 1434 1203 1501 desiderat,
1236 1433 1438 1493 vaivodatum
1470 1431 1597 1492 omnino
1628 1450 1675 1491 re·

396 1544 508 1624 signet.
540 1544 640 1604 Secus
672 1562 808 1622 namque
839 1542 1044 1603 suaderemus
1069 1540 1171 1619 potius
1203 1548 1472 1621 praememoratae
1505 1538 1675 1600 communi-

394 1651 460 1725 tati,
484 1659 517 1711 ut
540 1652 570 1713 d.
594 1651 711 1731 Dergh,
736 1650 802 1711 viro
825 1648 1002 1729 iurisperito
1025 1657 1058 1709 et
1079 1649 1160 1709 bene
1184 1648 1294 1708 merito
1318 1647 1459 1707 conferat
1474 1694 1482 1709 .
1499 1694 1506 1709 .
1521 1670 1549 1711 .‹

500 1773 579 1845 Orig.
598 1776 759 1842 conceptio.
778 1774 809 1827 ln
822 1774 936 1828 archivo
956 1789 1069 1844 regnor.
1087 1771 1120 1829 C.
1137 1772 1165 1827 S.
1184 1776 1215 1827 et
1232 1772 1266 1826 D.
1286 1772 1454 1843 Zagrabiae:
1471 1772 1545 1825 Acta
1562 1769 1674 1825 barralis

394 1880 418 1918 a.
439 1862 516 1919 1835.
536 1862 582 1917 Νι.
600 1862 661 1917 297.

502 2240 593 2300 Αηιιο
621 2236 713 2298 1736.
738 2235 767 2299 3.
792 2247 823 2298 et
846 2237 1049 2317 sequentibus
1072 2238 1267 2316 septembris.
1290 2238 1479 2318 Zagrabiae.

392 2434 509 2499 Staius
531 2436 563 2496 ei
587 2431 727 2495 ordines
752 2430 851 2516 regni
874 2430 915 2493 de
937 2428 1115 2494 collatione
1138 2429 1253 2513 sigilli
1275 2430 1521 2495 communitati
1545 2428 1670 2515 Cbmpi

654 2536 854 2623 Turopolyu,
878 2536 1077 2623 opinionem
1099 2556 1201 2601 suam
1225 2535 1417 2620 notificant.

499 2740 604 2800 Acta
628 2745 667 2798 et
689 2736 862 2798 articuli
893 2737 1153 2799 dominorum
1186 2747 1370 2799 statuum
1406 2746 1449 2799 et
1481 2738 1673 2799 ordinum

393 2866 616 2929 regnorum
641 2846 884 2920 Dalmatiae,
908 2845 1113 2906 Croatiae
1136 2855 1175 2906 et
1197 2846 1466 2921 Sclauoniae,
1489 2847 1529 2907 in
1552 2867 1660 2927 gene

393 2956 476 3016 rali
500 2953 728 3015 eorundem
753 2953 1170 3033 congregationemr
1194 2953 1336 3014 edicto
1359 2963 1397 3014 et
1420 2954 1493 3014 sub
1516 2955 1672 3034 praesi-

394 3061 537 3123 dentia
562 3059 920 3122 excellentissimi
943 3069 982 3119 et
1005 3059 1296 3121 illustrissimi
1320 3060 1478 3121 domini
1502 3061 1672 3121 comitis

395 3167 563 3246 losephi
587 3167 852 3243 Eszterhazy
876 3167 924 3226 de
948 3167 1158 3228 Galantha
1181 3177 1254 3229 etc.
1278 3168 1442 3243 titulus,
1466 3168 1577 3243 bani,
1600 3172 1669 3229 Za·

395 3275 577 3356 grabiae,
610 3293 684 3354 pro
708 3275 769 3335 die
793 3271 822 3336 3.
846 3283 885 3334 et
908 3275 1191 3355 sequentibus
1223 3275 1378 3336 mensis
1406 3278 1672 3356 septembris,

395 3383 489 3444 anni
518 3380 609 3443 1736.
634 3382 853 3442 celebrata
877 3384 1079 3443 conclusi

877 3505 1013 3588 (ceteris
1034 3504 1200 3584 emissis).

867 3705 1115 3766 Articulus
1149 3702 1202 3767 37.

501 3832 535 3890 ln
558 3830 642 3891 iacto
666 3850 703 3890 ac
726 3830 837 3892 merito
862 3831 945 3910 apud
981 3849 1070 3891 suam
1105 3831 1302 3892 maiestatem
1337 3833 1582 3893 sacratissimam
1616 3853 1673 3913 per

396 3957 586 4018 generosum
609 3937 844 4017 sigismundum
868 3938 1015 3998 Skerlecz
1038 3937 1078 3998 de
1101 3937 1239 4015 Scaligh,
1263 3959 1326 4018 qua
1349 3939 1560 4001 universitatis
1584 3941 1671 4001 nobi·

395 4046 468 4104 lium
504 4043 618 4123 Campi
642 4045 821 4123 Turopolya
856 4044 1002 4105 comitem
1037 4054 1226 4119 terrestrem,
1260 4046 1300 4106 de
1334 4047 1473 4128 benigno
1506 4047 1670 4128 privilegio

395 4172 490 4231 super
514 4171 572 4213 usu
595 4152 739 4231 specialis
763 4151 855 4233 sigilli
878 4172 935 4231 pro
958 4162 1048 4232 parte
1071 4153 1250 4215 modulatae
1274 4154 1485 4215 universitatis
1513 4156 1671 4230 nobilium,

396 4261 564 4321 clementer
588 4259 771 4340 elargiendo
795 4260 974 4320 humilimae
998 4261 1199 4339 interpositae
1222 4260 1400 4336 instantiae,
1424 4263 1621 4343 desuperque
1641 4263 1672 4324 in

396 4386 444 4442 eo,
467 4369 593 4447 qualem
616 4367 743 4428 namin
768 4367 889 4448 gremio
913 4368 960 4428 sui
990 4367 1074 4428 dicta
1105 4369 1313 4429 communitas
1341 4377 1502 4431 exerceret
1532 4370 1672 4431 iurisdic-

396 4474 522 4549 tionem,
546 4475 696 4554 qualesve
720 4475 933 4554 expeditiones
957 4476 1060 4555 sigillo
1083 4477 1242 4537 constituti
1266 4497 1323 4556 pro
1346 4485 1487 4555 tempore
1510 4477 1555 4537 ita
1569 4479 1673 4538 vocati

397 4581 518 4642 comitis
541 4583 696 4642 terrestris
720 4584 871 4644 hactenus
894 4583 1015 4644 munire
1050 4585 1274 4660 consvevisset‚
1312 4602 1349 4644 ac
1384 4584 1414 4643 in
1446 4583 1537 4644 huius
1571 4585 1672 4644 vicem

396 4689 544 4767 peculiari
567 4690 715 4770 deinceps
739 4691 840 4772 sigillo
864 4691 1001 4770 sigillare
1025 4692 1153 4770 coperit,
1176 4710 1233 4770 per
1264 4693 1406 4753 dominos
1430 4700 1531 4753 status
1562 4701 1594 4753 et
1624 4712 1671 4752 or·

397 4797 485 4857 dines
509 4797 665 4858 mediante
689 4800 826 4880 benigno
850 4801 908 4860 sub
937 4797 984 4860 19.
1007 4798 1125 4859 mensis
1148 4799 1279 4859 ianuarii
1304 4800 1377 4859 anni
1407 4799 1540 4860 labentis
1564 4819 1672 4878 supra·

398 4905 502 4984 scripti
531 4903 622 4966 1736.
647 4917 793 4967 emanato
817 4907 967 4986 rescripto
990 4907 1080 4987 regio
1105 4905 1240 4967 demisse
1264 4907 1411 4981 submitti,
1435 4925 1506 4967 cum
1530 4884 1624 4967 sensu
1642 4916 1673 4967 et
