3934 5550
404 450 470 518 410

505 668 534 732 8.
559 672 677 733 Nobilis
709 660 858 751 losspbus
889 670 1028 731 Kirinicb
1055 670 1150 733 babet
1176 671 1304 734 domum
1332 672 1362 733 in
1390 682 1474 735 statu
1497 672 1582 736 bono
1607 683 1681 756 post

402 778 519 857 aliquot
535 800 633 840 annos
646 782 774 841 basibus
789 780 948 861 indigebit,
974 781 1077 841 borrei
1094 800 1188 840 unam
1204 790 1327 860 partem
1341 782 1465 857 bonam,
1489 783 1552 844 alia
1565 783 1687 865 indiget

400 888 606 967 reparatione,
630 896 661 948 et
677 889 823 949 horreum
847 896 895 948 est
918 887 986 948 sine
1009 896 1109 967 porta,
1132 887 1227 948 haras
1251 889 1293 949 ad
1303 897 1370 949 tres
1394 890 1557 951 clausuras
1579 890 1679 951 bonas

400 994 536 1054 exterius
559 994 627 1053 sine
651 994 841 1073 paviment0,
864 994 1025 1054 fornacem
1049 994 1209 1074 antiquam
1233 995 1303 1057 sine
1327 1004 1409 1056 tecto
1432 996 1524 1057 bono.

507 1116 537 1182 9.
562 1119 715 1180 Providus
739 1120 872 1180 loannes
895 1120 986 1198 Bapt.
1011 1120 1231 1195 Pavlekovich,
1254 1122 1383 1181 colonus
1417 1120 1535 1181 domini
1557 1132 1679 1202 specta·

401 1226 470 1287 bilis
502 1226 694 1287 vicecomitis
725 1227 863 1304 Thaucz,
895 1226 990 1286 habet
1022 1227 1149 1286 domum
1181 1227 1291 1288 ruinae
1322 1228 1505 1307 proximam,
1535 1230 1682 1291 borreum

399 1335 517 1395 bonurn
548 1354 673 1411 novum,
707 1335 800 1395 baras
835 1335 1037 1415 biangulares
1061 1335 1102 1395 ad
1125 1334 1146 1394 4
1170 1336 1331 1397 clausuras
1367 1336 1468 1397 bonas
1491 1356 1591 1397 novas
1615 1339 1683 1399 sine

398 1443 481 1503 bono
513 1442 694 1521 pavimento
725 1442 870 1516 inferiori,
904 1443 1031 1502 domum
1065 1442 1207 1503 fabrilem
1239 1442 1389 1521 optimam
1418 1462 1533 1503 novam
1556 1445 1680 1518 bonam,

397 1551 480 1611 bono
505 1569 587 1611 novo
610 1558 694 1611 tecto
726 1549 874 1610 assericio
898 1550 1068 1628 provisam,
1091 1550 1243 1629 superiori
1268 1560 1373 1611 tamen
1398 1553 1578 1630 pavimento
1602 1554 1679 1613 indi·

396 1658 492 1737 gebit,
515 1658 675 1718 fornacem
701 1657 870 1736 pistoream
895 1656 1054 1736 antiquam
1079 1658 1147 1717 sine
1170 1658 1254 1717 bono
1277 1665 1370 1719 tecto

508 1785 554 1846 10.
578 1784 699 1845 Nobilis
731 1784 868 1843 Mathias
900 1783 1119 1861 Trupcbevicb
1151 1784 1245 1844 babet
1276 1786 1403 1844 domum
1427 1785 1589 1864 antiquam
1612 1786 1680 1847 sine

395 1894 477 1954 bono
489 1902 571 1953 tecto
584 1893 615 1952 in
628 1891 754 1968 ambitu,
776 1910 794 1951 a
806 1891 1028 1969 septemtrione
1042 1892 1144 1969 paries
1163 1891 1304 1969 proxima
1316 1891 1433 1966 ruinae,
1455 1892 1597 1972 adeoque
1610 1901 1681 1972 post

396 2002 512 2081 aliquot
536 2020 635 2061 annos
658 2018 740 2060 nova
768 1998 927 2078 indigebit,
951 2017 1007 2076 pro
1032 2018 1114 2057 nunc
1137 2007 1243 2058 tamen
1267 1999 1406 2077 reparari
1431 1999 1532 2061 adhuc
1563 2009 1675 2079 potest,

394 2110 541 2169 horreum
564 2108 727 2187 antiquum
758 2106 824 2166 sine
854 2106 982 2166 basibus
1007 2106 1106 2179 bonis,
1129 2105 1265 2184 denique
1289 2126 1327 2166 ex
1351 2126 1414 2166 una
1437 2115 1526 2185 parte
1550 2126 1676 2186 repara-

394 2219 478 2278 tione
502 2236 620 2297 magna
643 2234 751 2296 egens,
783 2215 877 2274 haras
909 2214 1089 2273 animalium
1114 2214 1154 2274 ad
1178 2213 1340 2273 clausuras
1375 2210 1396 2272 4
1432 2214 1578 2293 antiquas
1605 2226 1677 2294 post

398 2326 515 2405 aliquot
539 2344 637 2384 annos
668 2322 796 2383 basibus
819 2321 980 2401 indigebit,
1005 2320 1099 2381 modo
1128 2330 1201 2381 sunt
1233 2328 1338 2380 autem
1369 2320 1436 2380 sine
1467 2320 1558 2381 bonis
1588 2322 1674 2400 pavi·

391 2432 503 2492 mentis
516 2430 720 2504 inferioribus,
733 2428 937 2488 exterioribus
950 2437 981 2487 et
994 2427 1189 2487 interioribus
1202 2427 1233 2487 in
1246 2427 1369 2487 duobus
1381 2429 1535 2489 clausuris
1551 2430 1673 2514 saltem,

390 2559 547 2601 cameram
573 2539 733 2617 antiquam
756 2536 788 2597 in
812 2538 895 2597 bono
918 2545 1004 2597 statu
1027 2537 1093 2596 sine
1115 2545 1244 2595 externo
1260 2536 1456 2614 pavimento;
1479 2537 1554 2598 item
1577 2538 1670 2598 aliam

392 2667 548 2709 cameram
582 2647 622 2707 ad
655 2665 749 2705 unam
788 2647 966 2705 clausuram
997 2645 1121 2717 bonam,
1152 2645 1246 2703 baras
1276 2644 1435 2704 maiaiium
1467 2664 1529 2705 non
1566 2645 1676 2728 habet,

394 2755 566 2835 pistoream
591 2753 751 2815 fornacem
773 2753 869 2814 habet
893 2753 1054 2832 antiquam
1077 2751 1146 2812 sine
1168 2751 1252 2811 bono
1274 2758 1375 2826 tecto;
1398 2751 1472 2811 item
1487 2760 1599 2831 puteus
1614 2768 1676 2812 non

393 2863 423 2924 in
446 2863 530 2924 bono
553 2870 645 2938 statu,
668 2862 795 2922 corbem
818 2861 1053 2940 fogopiraceam
1077 2860 1109 2919 in
1132 2859 1215 2919 malo
1238 2865 1330 2920 statu.

505 2987 553 3050 ll.
576 2988 696 3048 Nobilis
709 2979 835 3046 'Paulus
859 2985 1015 3046 lanichich
1045 2985 1141 3045 habet
1173 2985 1300 3044 domum
1332 2983 1492 3062 antiquam
1516 2993 1548 3044 et
1571 3003 1671 3064 angu-

394 3105 484 3172 stam,
516 3102 587 3173 post
611 3094 727 3174 aliquot
759 3113 858 3153 annos
882 3093 1010 3153 basibus
1033 3091 1194 3172 indigebit,
1215 3109 1274 3170 pro
1296 3110 1379 3150 nunc
1403 3097 1508 3150 autem
1532 3091 1563 3151 in
1587 3099 1672 3150 statu

395 3203 551 3276 mediocri,
587 3202 681 3262 baras
724 3201 869 3281 antiquas
904 3200 944 3259 ad
980 3201 1059 3260 duas
1094 3199 1255 3258 clausuras
1298 3197 1495 3275 reparatione
1531 3205 1672 3278 egentes,

394 3313 488 3372 haras
520 3309 676 3369 maialium
707 3309 803 3368 habet
833 3327 871 3367 ex
904 3307 1046 3387 virgultis
1076 3305 1185 3380 factas,
1214 3305 1356 3383 adeoque
1387 3304 1478 3364 novis
1511 3304 1672 3385 indigebit,

394 3419 562 3498 pistoream
585 3417 744 3477 lomacem
768 3415 891 3475 bonam.

961 3607 1111 3694 *⁴³*

497 3849 598 3908 ltem
629 3865 742 3916 anno,
772 3844 839 3904 die
873 3851 913 3903 et
945 3860 1085 3902 mense
1113 3839 1419 3919 suprascripto.
1443 3839 1487 3898 ln
1509 3856 1675 3917 posses·

394 3957 510 4016 sione
549 3955 635 4032 Kys
672 3951 850 4013 Goricza
887 3950 1085 4010 inchoata
1123 3955 1188 4008 est
1225 3945 1491 4024 conscriptio
1530 3945 1672 4006 aedifi-

393 4065 563 4126 ciorum.

503 4207 529 4268 l.
552 4205 709 4286 Georgius
740 4204 909 4281 Chernyak
942 4202 1038 4262 habet
1060 4201 1188 4261 domum
1212 4218 1250 4259 ex
1274 4197 1409 4276 antiquis
1440 4197 1526 4256 haris
1562 4206 1592 4256 et
1623 4216 1673 4258 ro·

391 4316 519 4377 boribus
555 4322 708 4374 errectam
743 4312 912 4391 antiquam,
939 4329 995 4389 pro
1026 4327 1109 4369 nunc
1141 4308 1173 4367 in
1204 4314 1287 4367 statu
1312 4307 1470 4380 mediocri,
1493 4306 1671 4367 horreolum

392 4425 553 4503 antiquum
577 4423 643 4482 sine
672 4421 755 4481 bona
780 4428 868 4499 porta
891 4427 962 4498 post
986 4418 1103 4497 aliquot
1126 4435 1225 4476 annos
1241 4415 1369 4474 basibus
1391 4413 1552 4494 indigebit,
1577 4415 1671 4473 baras

391 4533 432 4592 ad
456 4533 617 4592 clausuras
650 4526 670 4587 3
702 4528 732 4588 in
765 4546 826 4587 una
861 4528 1007 4586 clausura
1030 4525 1146 4583 bonum
1171 4522 1393 4600 pavimentum,
1416 4520 1448 4579 in
1471 4520 1595 4579 duobus
1617 4537 1673 4597 pa·

393 4639 536 4701 vimentis
567 4636 695 4716 indiget,
727 4653 818 4695 secus
842 4635 873 4693 in
897 4634 979 4693 bono
1011 4639 1103 4705 statu,
1134 4630 1263 4690 basibus
1296 4629 1328 4688 in
1359 4646 1422 4687 una
1445 4635 1535 4706 parte
1557 4627 1671 4686 solum·

391 4748 485 4808 modo
509 4747 694 4826 indigentes,
718 4743 876 4803 fornacem
901 4742 1061 4820 antiquam
1092 4739 1260 4817 pistoream
1291 4737 1358 4795 sine
1382 4735 1465 4795 bono
1497 4743 1589 4808 tecto,
1625 4733 1670 4792 in-

390 4855 478 4934 diget
501 4871 583 4913 nova
607 4852 717 4922 culina,
741 4850 814 4930 quia
837 4851 949 4910 domus
965 4849 1086 4908 culinae
1110 4865 1173 4905 non
1189 4853 1238 4904 est
1252 4862 1308 4922 pro
1331 4862 1398 4916 usu,
1415 4860 1493 4921 ergo
1515 4841 1672 4901 forinseca

391 4962 494 5022 eidem
519 4959 698 5020 necessaria
722 4967 779 5033 est,
803 4966 930 5038 puteum
955 4956 1050 5015 habet
1073 4955 1198 5013 bonum.
