3934 5550
1529 463 1571 525 83

294 680 428 759 septima
452 681 504 741 die
529 681 647 741 mensis
671 682 866 760 septembris,
890 702 972 743 anno
1003 684 1118 744 domini
1151 685 1314 745 millesimo
1347 684 1574 745 sexcentesimo

292 788 441 849 secundo.
477 823 480 830 ·

337 932 520 1011 Rudolphus
543 952 583 992 m.
607 954 636 1011 p.
1188 936 1410 997 Himmelreich
1434 958 1473 997 m.
1499 958 1527 1015 p.

318 1124 320 1129 ,
399 1074 620 1142 Etransumpto
647 1075 758 1129 Martini
786 1076 876 1129 Pethe
895 1077 931 1131 de
951 1076 1062 1133 Hethes
1082 1094 1105 1133 a.
1127 1076 1204 1133 1604.
1224 1077 1266 1133 23.
1287 1079 1387 1135 martii.
1408 1080 1438 1134 ln
1458 1080 1573 1135 archivo

293 1180 434 1242 commun.
454 1166 520 1218 nob.
540 1166 578 1218 de
596 1165 758 1236 Turopolje.
833 1212 835 1214 ,

404 1326 412 1357 ¹
430 1327 505 1385 Vide
523 1329 587 1383 doc.
605 1345 631 1384 a
651 1328 729 1385 1002.
749 1330 811 1385 sub.
830 1330 882 1385 No.
901 1328 945 1385 43.

889 1656 967 1733 45.

403 1855 497 1915 Anno
525 1852 617 1915 1602.
646 1853 695 1917 16.
720 1856 904 1916 decembris,
928 1858 1063 1918 Posonii

400 2068 558 2129 Martinus
581 2070 680 2130 Pethe
704 2071 744 2130 de
768 2070 897 2147 Hethes,
929 2070 1182 2150 archiepiscopus
1204 2072 1388 2133 Colocensis
1413 2084 1444 2135 et
1467 2076 1576 2136 Bachi-

299 2177 384 2238 ensis
408 2185 477 2254 etc,
495 2197 551 2257 per
572 2177 1007 2258 Hungariamlociuntenens,
1029 2179 1163 2257 capitulo
1180 2180 1333 2240 ecclesiae
1356 2182 1578 2262 Zagrabiensis

301 2298 408 2347 notum
432 2286 516 2360 lacit,
539 2287 623 2365 quod
646 2286 678 2345 in
703 2305 774 2345 arce
803 2285 996 2359 Posoniensi,
1029 2286 1182 2366 vigesimo
1214 2296 1327 2348 octavo
1358 2290 1409 2350 die
1439 2292 1578 2369 proxime

299 2395 459 2474 praeteriti
490 2394 607 2455 mensis
636 2394 747 2467 martii,
782 2412 889 2454 comes
920 2404 952 2453 et
981 2402 1048 2454 tota
1079 2394 1266 2457 universitas
1294 2397 1441 2459 nobilium
1465 2400 1578 2479 Campi

299 2502 481 2583 Turopollia
513 2503 581 2562 sive
612 2501 846 2583 Zagrabiensis,
878 2504 963 2580 apud
995 2503 1193 2563 archiducem
1229 2505 1404 2581 Matthiam,
1428 2510 1580 2570 adversus

297 2613 446 2672 Ioannem
462 2610 659 2672 Draslrouich
681 2611 721 2671 de
744 2610 933 2670 Trakostian
949 2620 1016 2685 etc,
1033 2613 1158 2684 banum,
1173 2613 1302 2691 eiusque
1319 2616 1576 2695 vicesgerentem,

298 2719 489 2799 capitaneos,
521 2719 716 2794 vexilliferos,
749 2719 947 2781 centuriones
977 2728 1010 2780 et
1042 2721 1234 2797 decuriones,
1271 2723 1468 2804 reliquosque
1499 2727 1575 2787 mili·

299 2840 348 2892 tes
372 2829 430 2890 sub
465 2829 569 2890 officio
592 2828 696 2888 banali
727 2829 882 2909 stipendia
906 2837 1072 2902 merentes,
1096 2849 1158 2889 non
1190 2839 1297 2890 curata
1332 2834 1515 2894 auctoritate
1547 2846 1578 2896 et

302 2938 455 3020 dignitate
490 2936 645 2997 iudicatus
674 2937 773 3016 ipsius
807 2936 889 3011 bani,
924 2937 1127 2997 diffamative.
1152 2948 1184 2998 et
1217 2938 1364 3000 iniuriose
1395 2941 1579 3003 detulissent

301 3047 470 3127 querelam,
493 3045 577 3124 quod
600 3044 668 3122 ipse
691 3045 792 3104 banus
824 3063 912 3104 more
934 3044 1038 3104 hostili
1061 3045 1092 3105 in
1116 3045 1184 3104 illos
1207 3046 1323 3124 passim
1349 3048 1499 3122 desevire,
1524 3053 1577 3111 do-

299 3151 564 3238 mosquesseorum
587 3152 737 3213 invadere
760 3162 791 3213 et
815 3173 940 3214 omnem
956 3153 1201 3231 suppellectilem
1225 3155 1340 3215 ibidem
1363 3166 1520 3235 repertam
1545 3159 1575 3219 in

299 3263 451 3342 praedam
474 3269 667 3335 convertere,
691 3279 729 3320 ac
753 3260 821 3320 aliis
844 3259 991 3320 inauditis
1019 3259 1189 3319 sceleribus
1214 3261 1244 3320 in
1268 3261 1335 3322 illos
1367 3261 1574 3326 debuccinare

300 3372 423 3447 soleret,
447 3371 489 3430 in
528 3368 775 3430 diffamationem
809 3376 902 3446 atque
937 3368 1082 3427 iniuriam
1117 3369 1211 3428 olficii
1246 3370 1400 3430 iudicatus
1435 3373 1575 3433 eiusdem

301 3478 376 3538 bani
405 3496 468 3538 non
498 3477 698 3538 mediocrem.
728 3475 835 3552 Quare
865 3476 947 3535 idem
979 3476 1080 3536 banus
1105 3485 1139 3536 ut
1163 3495 1282 3555 aequus
1307 3491 1337 3537 et
1360 3479 1460 3539 iustus
1487 3480 1578 3541 iudex

305 3585 396 3666 regni
418 3583 614 3658 Sclauoniae,
637 3584 732 3644 talem
756 3582 1001 3649 diffamationem
1027 3595 1057 3644 et
1080 3585 1260 3645 iniuriosam
1292 3587 1451 3663 querelam
1475 3589 1579 3666 quoad

302 3711 470 3772 personam
493 3691 562 3752 eius
588 3691 709 3753 silentio
733 3693 903 3771 praeterire
927 3713 991 3752 non
1015 3694 1174 3771 quivisset,
1206 3695 1289 3772 apud
1321 3713 1428 3774 regem
1459 3696 1518 3754 hoc
1550 3706 1580 3756 et

302 3803 333 3863 id
357 3801 553 3875 obsinuisset,
585 3820 648 3879 quo
672 3821 730 3861 sua
763 3802 913 3862 maiestas
944 3802 1027 3861 dicto
1050 3801 1271 3861 locumtenenti
1296 3801 1478 3879 iniungeret,
1503 3823 1576 3882 qua-

301 3919 392 3970 tenus
424 3911 524 3971 dictos
554 3910 675 3969 nobiles
706 3909 820 3988 Campi
851 3909 1074 3989 Zagrabiensis
1106 3910 1286 3987 Turopollia
1317 3910 1398 3986 dicti,
1432 3911 1575 3970 videlicet

300 4021 448 4080 loannem
481 4019 663 4097 Pogledych
695 4018 734 4077 de
765 4018 951 4094 Koryloucz,
983 4018 1138 4076 Thomam
1169 4016 1359 4092 Koskouich,
1388 4018 1573 4077 Michaelem

300 4123 430 4200 Peuch¹,
454 4127 626 4207 Georgium
660 4125 888 4198 Kokothouich,
919 4126 1047 4185 Petrum
1083 4125 1292 4198 Withkouich,
1328 4127 1459 4185 Paulum
1495 4127 1574 4185 Kos-

300 4235 434 4313 kouycb,
456 4235 652 4313 Stephanum
675 4234 825 4307 Zedmak,
860 4233 1049 4313 Gregorium
1079 4233 1280 4310 Koskouych,
1304 4233 1476 4313 Georgium
1501 4235 1576 4293 Wa-

300 4343 394 4424 gych,
418 4342 544 4402 Petrum
569 4341 765 4416 Blaskouich,
788 4341 943 4400 Iacobum·
960 4341 1146 4415 Pliwscllak,
1171 4340 1358 4419 Gregorium
1382 4341 1576 4414 Trombetas,

300 4450 465 4511 Nicolaum
496 4449 654 4528 Krupych,
686 4447 861 4526 Casparem
897 4449 1082 4520 Blasieuich,
1114 4449 1306 4525 Stephanum
1344 4449 1452 4507 Henak
1488 4448 1575 4506 aliter

300 4548 661 4637 Arbanaz,'Gregorium
685 4550 864 4633 Hneuzky²,
887 4557 1052 4615 Nicolaum
1078 4556 1252 4628 Musenich,
1275 4556 1406 4614 Paulum
1431 4555 1578 4633 Krupich,

300 4668 426 4726 Petrum
451 4683 602 4746 generum
626 4664 834 4739 Laczkouich,
862 4664 1026 4723 Nicolaum
1051 4663 1187 4737 Mudich,
1220 4664 1369 4722 loannem
1393 4658 1498 4738 Ruth³·,
1523 4664 1579 4721 Pe-

296 4783 378 4834 trum
403 4785 434 4834 et
456 4773 623 4833 Matthiam
647 4773 794 4850 Krupich,
818 4773 970 4847 Marcum,
992 4773 1155 4832 Nicolaum
1173 4780 1204 4830 et
1221 4771 1397 4849 Gasparum
1423 4771 1577 4848 Pepelich,

299 4883 472 4963 Georgium
500 4880 644 4955 Terbich‚
669 4880 828 4940 Andream
853 4880 987 4960 Hagich,
1011 4880 1182 4959 Georgium
1201 4879 1381 4957 Pogledich,
1405 4881 1579 4956 Casparem

301 4967 396 5067 D-erln
418 4991 584 5052 Nicolaum
606 4989 826 5070 Striugouach,
856 4989 984 5048 Petrum
1015 4989 1144 5049 Bachan
1169 4989 1257 5052 aliter
1284 4988 1489 5059 Diankouich‚
1513 4989 1579 5047 Set-

1490 5110 1506 5146 ἡ
