3934 5550
423 410 484 471 144

419 628 513 686 modo
539 636 568 686 et
594 636 737 704 tempore
754 627 992 686 constitutorum
1008 635 1039 685 et
1054 646 1116 686 non
1140 627 1229 687 aliter
1247 626 1344 704 possit
1360 635 1392 685 et
1409 627 1542 686 valeant.
1569 627 1600 684 ln
1617 626 1706 685 cuius

418 736 605 795 memoriam
629 735 850 803 testimonium,
867 735 1109 813 firmitatemque
1133 736 1350 813 praesentibus
1370 736 1472 794 maius
1495 734 1630 813 sigillum
1656 754 1706 794 co·

421 844 527 903 mitale
551 843 693 902 moderni
717 843 834 901 domiui
858 842 979 901 comitis
996 842 1117 922 egregii
1133 862 1245 920 nempe
1263 841 1392 901 Ludvici
1414 842 1536 921 Uagich
1555 842 1594 901 de
1609 843 1704 921 Nagy

423 952 532 1011 hllalra
549 960 579 1011 et
596 950 716 1025 notarii,
734 970 771 1009 ex
788 970 859 1029 quo,
875 970 974 1029 usque
1000 951 1040 1009 ad
1064 960 1241 1028 presentem
1266 970 1382 1008 aunum
1397 950 1428 1009 id
1446 958 1494 1009 est
1509 949 1706 1009 millesimum

418 1057 680 1117 sexcentesimum
697 1057 994 1136 quinquagesimum
1018 1057 1151 1129 tertium,
1177 1057 1309 1116 sabatho
1333 1057 1474 1135 proximo
1499 1066 1569 1115 aute
1585 1056 1698 1116 lestum

421 1174 598 1226 sanctorum
617 1165 724 1224 Trium
749 1161 886 1245 Regum¹
913 1165 1092 1241 inexpedita
1115 1165 1291 1238 mansisset,
1316 1173 1454 1223 attamen
1476 1165 1508 1223 in
1531 1165 1701 1245 signaturis

418 1282 543 1352 reperta
569 1274 754 1332 authenticis
778 1274 817 1331 de
842 1273 916 1331 dato
940 1273 971 1331 in
996 1272 1243 1351 congregatione
1276 1281 1384 1331 nostra
1412 1272 1552 1351 generali
1576 1272 1607 1331 in
1631 1274 1699 1331 Ma·

420 1382 474 1441 iori
506 1380 640 1440 Goricza
672 1380 838 1453 celebrata,
868 1379 946 1438 feria
970 1380 1110 1438 secunda
1143 1380 1283 1457 proxima
1315 1388 1386 1457 post
1408 1379 1522 1439 festum
1553 1379 1701 1439 Omnium

417 1492 613 1561 Sanctorum,
630 1507 711 1547 anno
727 1488 843 1547 domini
857 1486 1020 1546 millesimo
1036 1488 1264 1547 sexcentesimo
1281 1488 1525 1567 quadragesimo
1538 1483 1701 1560 secuudo²,

418 1609 559 1675 tempore
594 1596 686 1655 officii
723 1596 888 1655 comitatus
913 1594 1034 1673 egregii
1066 1596 1139 1654 olim
1171 1596 1334 1654 Michaelis
1367 1595 1495 1671 Mixich,
1528 1597 1610 1654 unde
1643 1615 1702 1654 nos

418 1712 601 1782 praesentes
625 1703 683 1763 sub
708 1702 848 1762 moderni
873 1702 990 1761 domini
1014 1702 1136 1762 comitis
1156 1703 1307 1780 praetacti
1324 1703 1427 1782 sigillo
1445 1709 1478 1761 ut
1492 1703 1702 1780 praemissum

419 1820 467 1873 est
490 1810 610 1886 maiori,
641 1820 672 1869 et
703 1810 846 1889 propriae
882 1829 995 1869 manus
1027 1809 1253 1887 subscriptione
1289 1810 1452 1895 roboratas
1488 1809 1699 1869 extradaudas

419 1938 490 1980 esse
514 1918 666 1981 duximus.
690 1917 844 1996 Expedita
868 1936 951 1977 anno
974 1917 1091 1976 domini
1116 1917 1280 1976 millesimo
1300 1917 1530 1976 sexcentesimo
1546 1915 1697 1995 quinqua·

419 2026 541 2107 gesimo
572 2024 673 2101 tertio,
705 2026 838 2085 sabatho
861 2024 1003 2103 proximo
1035 2031 1107 2083 ante
1130 2023 1245 2083 festum
1269 2024 1377 2083 Trium
1401 2026 1533 2103 Regum,
1557 2023 1588 2084 in
1613 2024 1699 2083 curia

418 2141 525 2193 nostra
549 2132 643 2213 Nagy
667 2133 782 2193 Mlalra.

957 2276 1138 2336 Ludovicus
1160 2275 1293 2355 Uagich‚
1318 2295 1424 2334 comes
1447 2275 1603 2335 terrestris
1627 2284 1658 2335 et

960 2381 1100 2442 notarius
1131 2382 1342 2442 universitatis
1373 2382 1521 2443 nobilium
1545 2382 1660 2461 Campi

1140 2490 1364 2570 Zagrabiensls
1387 2510 1427 2551 m.
1451 2510 1481 2568 p.

533 2634 624 2700 Copia
643 2639 687 2686 sat
706 2649 825 2685 erronea
845 2632 949 2685 saeculi
969 2632 1044 2685 XlX.
1064 2632 1139 2683 lecta
1157 2637 1270 2684 etcum
1290 2631 1418 2702 originali
1431 2631 1533 2685 collata
1552 2647 1603 2699 per
1621 2631 1704 2685 Eme·

421 2726 511 2778 ticum
536 2724 692 2794 Krsnyavy,
719 2722 850 2775 excelsae
875 2722 932 2775 tab.
956 2721 1021 2774 ban.
1047 2721 1196 2775 notarium.
1222 2720 1254 2772 ln
1279 2721 1393 2775 archivo
1419 2736 1561 2774 commun.
1580 2720 1646 2772 nob.
1666 2719 1704 2772 dc

424 2815 585 2883 Turopolje.

533 2979 582 3030 ¹4.
603 2977 728 3030 ianuarii.
768 2975 821 3028 la.
844 2967 920 3028 lbl‘d.
941 2975 965 3028 3.
986 2976 1132 3028 novembr.

1024 3257 1102 3336 84.

530 3465 621 3521 Anno
650 3459 733 3520 1655
767 3458 796 3522 9.
822 3459 904 3520 iunii.
931 3459 1065 3519 Posonii.

530 3656 744 3718 Ferdinandus
768 3655 815 3714 lll.
840 3657 1024 3736 ilungariae
1049 3665 1098 3714 etc
1131 3675 1193 3726 rex,
1219 3655 1373 3714 Thomarn
1397 3653 1570 3728 lurilouich,
1587 3673 1625 3712 ac
1647 3674 1703 3731 per

422 3787 493 3827 eum
523 3766 718 3834 Stephanum
750 3772 780 3821 et
813 3763 961 3822 loannem
987 3763 1209 3835 Domitrouich,
1240 3782 1361 3822 necnon
1395 3762 1565 3821 Martinum
1590 3761 1703 3820 Czuet-

421 3874 534 3934 kouich
558 3873 589 3932 in
614 3880 737 3932 coetum
761 3870 909 3930 nobilium
926 3871 1066 3947 assumit,
1081 3870 1219 3950 ipsisque
1236 3871 1372 3951 insignia
1388 3870 1557 3930 nobilitatis
1574 3870 1703 3932 confert.

530 3979 711 4039 Publicatae
743 3985 816 4037 sunt
846 3979 906 4038 hae
939 3978 1119 4038 nobilitates
1150 3978 1259 4038 literae
1290 3977 1320 4037 in
1354 3977 1494 4058 generali
1517 3977 1608 4057 regni
1631 3997 1704 4036 con·

422 4087 608 4168 gregatione
632 4085 808 4160 Varasdini,
835 4085 882 4149 ll.
908 4086 1042 4166 augusti,
1067 4106 1092 4147 a.
1122 4084 1214 4148 1655.

529 4227 675 4298 Originale
696 4228 919 4292 membraneum,
938 4227 1061 4298 sigillum
1080 4228 1233 4296 appendet.
1252 4228 1337 4295 Apud
1356 4228 1421 4281 nob.
1441 4227 1593 4294 losephum
1622 4225 1705 4280 Cvct-

421 4319 505 4373 kovic'
524 4319 551 4370 in
571 4317 669 4385 Super.
691 4316 824 4370 Lulravcc
844 4317 889 4369 Nr.
912 4315 952 4370 18.
973 4345 1005 4352 -
1026 4316 1179 4381 Vitczovie,
1199 4317 1355 4386 mjesednilr
1380 4333 1412 4370 za
1436 4316 1623 4386 genealoglju,
1643 4317 1703 4369 hio-

422 4407 528 4480 grafi1'u,
547 4407 694 4460 heraldiku
714 4407 722 4458 i
743 4406 914 4478 stragistiku.
931 4407 951 4459 1.
971 4422 1034 4476 pag.
1060 4406 1114 4459 152.
