3934 5550
681 1559 831 1658 Anno
869 1560 1184 1659 MDLXXll.

406 1826 497 1888 1572.
522 1828 545 1885 F
547 1827 613 1887 eria
643 1827 750 1907 quinta
782 1826 814 1887 in
845 1826 926 1887 festo
957 1834 1066 1887 sancte
1099 1826 1258 1888 Dorothee
1281 1826 1413 1907 virginis
1437 1836 1469 1887 et
1491 1848 1572 1888 mar-

293 1928 383 2009 tiris¹,
406 1941 473 1995 tota
496 1934 684 1995 universitas
713 1934 804 1994 simul
835 1934 1004 1995 constituta
1035 1934 1066 1994 in
1097 1935 1226 2010 chhe,
1249 1934 1463 2015 infrascriptas
1486 1936 1572 1996 fece-

296 2034 382 2101 runt²
404 2042 621 2103 conclusiones
645 2061 701 2121 per
725 2041 830 2101 omnia
854 2042 982 2103 firmiter
1006 2042 1231 2103 observandas.

399 2167 553 2247 Imprimis
576 2168 799 2228 commiserunt
822 2176 854 2227 et
876 2168 1112 2242 constituerunt,
1135 2168 1221 2247 quod
1242 2168 1345 2227 nullus
1368 2167 1499 2229 fratrum
1525 2172 1575 2229 vel

293 2275 393 2335 eciam
417 2278 598 2336 colonorum
622 2276 802 2349 eorundem,
828 2276 971 2335 arborem
996 2274 1177 2355 quercinam
1202 2294 1259 2335 seu
1289 2274 1480 2336 fructiferam
1504 2296 1573 2337 suc·

293 2383 396 2444 cidere
432 2385 548 2444 audeat
582 2384 639 2444 sub
675 2383 813 2464 birsagio
844 2382 935 2443 unius
967 2380 1078 2443 floreni
1111 2391 1143 2444 et
1173 2382 1236 2443 viui
1267 2383 1379 2443 cobulo
1410 2404 1482 2459 uno,
1514 2384 1575 2445 nisi

292 2492 508 2552 tantummodo
532 2511 589 2571 pro
620 2492 731 2553 domus
756 2511 811 2553 sue
835 2492 960 2570 proprie
984 2492 1035 2551 vel
1059 2490 1185 2552 alterius
1217 2510 1254 2550 ex
1286 2491 1433 2551 fratribus
1465 2512 1574 2553 neces·

293 2599 417 2659 sitatem
440 2602 490 2660 vel
514 2608 708 2679 coopertura.

399 2726 440 2787 Et
464 2725 489 2787 si
514 2726 626 2808 aliquis
648 2726 827 2788 huiusmodi
852 2725 996 2786 arborem
1019 2726 1201 2805 quercinam
1218 2725 1361 2787 videlicet
1383 2726 1573 2788 fructiferam

292 2842 323 2894 et
346 2835 553 2914 glandiferam
584 2843 763 2914 compertus
795 2835 889 2895 fuerit
911 2834 1082 2910 succidere,
1106 2843 1137 2894 et
1161 2853 1286 2895 asseres
1311 2833 1435 2913 aliaque
1457 2834 1573 2895 robora

292 2942 403 3002 exinde
435 2943 546 3004 confici
582 2952 613 3004 et
644 2943 813 3022 preparari,
845 2951 876 3004 et
908 2942 1065 3003 extraneis
1096 2942 1274 3002 hominibus
1306 2941 1476 3002 divendere
1503 2961 1573 3021 pre·

293 3051 470 3128 sumpserit,
495 3060 608 3112 extunc
633 3052 815 3142 logarinseu
838 3051 1005 3126 waywode
1021 3049 1232 3110 universitatis
1255 3068 1312 3128 pro
1335 3058 1477 3129 tempore
1500 3069 1573 3110 con·

292 3157 397 3232 stituti‚
432 3159 609 3220 huiusmodi
643 3177 767 3220 asseres
797 3166 828 3220 et
860 3158 974 3218 robora
1008 3177 1066 3236 pro
1097 3158 1320 3218 communitate
1352 3166 1517 3233 arrestare,
1541 3168 1573 3217 et

291 3265 403 3325 deinde
428 3266 579 3345 accipere,
603 3267 697 3328 talem
726 3285 802 3327 vero
834 3266 1110 3326 contrafacientem
1142 3266 1295 3344 premisse
1325 3266 1518 3328 ordinacioni
1540 3267 1573 3326 in

291 3390 353 3431 uno
384 3373 502 3432 floreno
534 3374 703 3434 mulctandi
733 3372 906 3453 plenariam
936 3373 1075 3434 habeant
1106 3374 1270 3452 potestatis
1299 3374 1480 3434 facultatem
1514 3393 1572 3453 pro

291 3483 521 3554 communitate,
553 3482 699 3542 eubulum
731 3500 807 3542 vero
839 3481 901 3540 viui
932 3499 989 3560 pro
1022 3481 1139 3562 legaris
1175 3489 1206 3542 et
1237 3481 1411 3559 waywodis
1442 3501 1572 3542 conver·

289 3591 417 3650 tendum
442 3589 614 3667 accipiant;
646 3599 677 3649 et
700 3589 801 3650 eciam
832 3589 975 3650 arborem
1001 3589 1208 3674 glandiferam
1231 3608 1325 3650 nemo
1358 3591 1473 3651 audeat
1496 3591 1570 3672 igne

291 3697 458 3757 suburrere
481 3697 538 3756 sub
562 3715 645 3774 pena
668 3695 831 3775 premissa.

398 3823 500 3902 Ligna
529 3841 605 3882 vero
637 3823 785 3901 quercina
812 3821 971 3882 fructifera
994 3841 1052 3881 seu
1074 3821 1251 3902 glandifera
1274 3822 1315 3881 ad
1338 3821 1442 3881 focum
1470 3823 1569 3882 eciam

290 3931 412 4008 proprie
444 3948 500 3988 sue
531 3930 642 3989 domus
673 3930 894 3991 necessitatem
926 3929 1097 4002 succidere,
1129 3949 1188 3988 nec
1219 3929 1314 3990 frater
1338 3939 1369 3988 et
1392 3949 1494 4008 neque
1519 3949 1568 3990 co·

290 4036 379 4096 lonus
403 4036 469 4096 eius
493 4037 649 4117 quispiam
673 4038 788 4098 audeat
812 4038 869 4098 sub
893 4040 982 4116 penis
1006 4035 1202 4116 supradictis,

396 4165 473 4222 Item
509 4165 688 4224 conclusum
725 4164 825 4224 eciam
862 4171 926 4235 est,
962 4163 1047 4242 quod
1081 4163 1183 4222 solent
1218 4160 1357 4240 plerique
1391 4161 1504 4222 fratres
1540 4171 1570 4222 et

290 4288 397 4329 eorum
432 4269 534 4330 coloni
567 4271 678 4331 harras
709 4289 874 4349 porcorum
907 4270 1039 4351 singulis
1069 4270 1160 4334 annis
1191 4267 1383 4328 succissione
1417 4289 1570 4330 novarum

290 4376 436 4437 arborum
459 4378 679 4456 quercinarum
714 4397 771 4455 pro
798 4378 901 4456 porcis
924 4379 955 4437 in
979 4377 1179 4457 glandinibus
1208 4376 1412 4437 existentibus
1443 4377 1568 4438 exhedi-

289 4485 392 4558 ficare,
424 4503 482 4563 per
511 4485 633 4564 hocque
667 4484 863 4563 pertransitis
899 4481 1100 4566 glandinibus
1137 4485 1266 4544 easdem
1301 4485 1412 4544 barras
1443 4486 1569 4545 domum

288 4593 432 4667 evehere,
456 4593 630 4673 exindeque
654 4611 772 4674 magna
789 4593 946 4654 desolacio
972 4593 1050 4653 silve
1074 4592 1250 4653 communis
1273 4592 1340 4652 fieri
1364 4601 1395 4652 et
1419 4593 1569 4653 committi

289 4702 375 4761 solet
399 4701 483 4773 lde0,
507 4708 540 4758 ut
564 4701 603 4760 de
627 4710 732 4762 cetero
756 4701 827 4762 talis
861 4702 1008 4780 accepcio
1043 4703 1206 4761 harrarum
1230 4720 1293 4762 non
1316 4701 1380 4778 fiat,
1406 4701 1463 4760 sub
1487 4721 1569 4779 pena

287 4810 476 4870 florenorum
492 4827 547 4867 sex
564 4810 777 4870 communitati
802 4809 1069 4889 applicandorum,
1083 4809 1166 4868 idem
1183 4808 1388 4868 senciendum
1404 4816 1452 4869 est
1468 4809 1568 4868 eciam

288 4915 328 4976 de
352 4915 508 4978 extraneis
532 4915 640 4978 barris.
