3934 5550
666 1517 815 1615 Anno
854 1513 1243 1614 MDOXXXIV.

479 1785 570 1843 Anno
594 1780 822 1844 domini1634.
846 1784 923 1842 teria
946 1791 1066 1861 quarta,
1090 1782 1121 1842 in
1145 1781 1224 1842 festo
1242 1781 1385 1842 videlicet
1401 1782 1512 1842 beatae
1531 1781 1645 1842 Luciae

372 1891 502 1971 virginis
526 1900 557 1950 et
580 1887 750 1967 martyris¹,
773 1891 805 1950 in
829 1892 956 1951 castello
981 1892 1157 1966 Lukauecz,
1180 1890 1264 1950 facta
1289 1900 1335 1950 est
1359 1891 1577 1950 conventicula
1593 1909 1647 1970 ge-

371 2001 485 2059 neralis
509 1999 658 2060 nobilium
680 1999 794 2077 Campi
819 1999 1050 2080 Zagrabiensis

482 2107 507 2167 l.
531 2107 580 2167 Ad
616 2109 783 2168 instantem
815 2108 996 2186 petitionem
1032 2107 1152 2188 egregii
1186 2107 1401 2186 Christophori
1426 2108 1575 2179 Nouozel,
1599 2106 1648 2165 hic

370 2215 576 2293 personaliter
605 2215 730 2289 factam,
762 2216 975 2275 conceduntur
1006 2215 1068 2275 duo
1100 2215 1213 2274 robora
1244 2235 1361 2294 magna
1393 2215 1477 2274 sicca
1505 2216 1534 2273 in
1560 2215 1650 2290 sylva

370 2321 527 2381 communi
551 2321 749 2381 succidenda.

475 2429 622 2489 Similiter
653 2430 791 2510 egregiis
825 2430 933 2490 loanni
965 2431 1108 2507 Bussych
1147 2438 1178 2489 et
1215 2430 1303 2490 alteri
1334 2431 1441 2490 loanni
1474 2427 1650 2489 Derechkai

370 2537 461 2610 dicto,
484 2536 637 2614 siquidem
663 2537 837 2597 Derechkai
869 2537 961 2597 arbor
984 2557 1103 2618 magna
1127 2538 1215 2597 arida
1239 2539 1306 2596 sive
1330 2538 1414 2596 sicca
1437 2555 1494 2615 pro
1516 2554 1650 2614 praepa·

370 2644 475 2703 randis
506 2643 585 2721 palis
615 2662 671 2703 seu
703 2645 886 2722 sepimento,
921 2645 1059 2722 utrique
1078 2664 1152 2704 vero
1187 2663 1244 2723 pro
1280 2645 1412 2703 navibus
1448 2642 1648 2702 conficiendis

370 2750 462 2811 arbor
485 2769 547 2811 una
571 2750 677 2823 cruda,
701 2751 745 2811 ita
768 2760 883 2828 tamen,
907 2752 933 2811 si
957 2771 1019 2812 non
1043 2752 1156 2831 poterit
1179 2752 1310 2811 inveniri
1333 2751 1426 2811 sicca.

475 2856 504 2920 2.
536 2858 671 2918 Provido
703 2860 869 2919 Francisco
904 2861 1036 2938 Dezput‚
1068 2860 1179 2920 colono
1214 2860 1410 2919 illustrissimi
1434 2860 1555 2918 comitis
1579 2859 1646 2918 Ste-

369 2964 464 3043 phani
487 2966 623 3025 Erdeodi
655 2974 712 3025 ete.
745 2966 774 3025 in
808 2968 957 3044 Bukeuye
992 2968 1206 3041 commoranti,
1229 2986 1286 3046 pro
1310 2968 1436 3026 florenis
1460 2966 1647 3045 hungarica·

368 3073 449 3133 libus
484 3072 521 3132 21
557 3074 694 3134 denariis
718 3072 760 3134 85
793 3076 945 3134 hactenus
977 3094 1032 3154 per
1061 3075 1316 3135 communitatem
1342 3075 1380 3133 ab
1405 3075 1515 3133 eodem
1541 3082 1648 3133 mutuo

368 3180 514 3259 acceptis,
548 3181 639 3240 datur
671 3182 798 3241 libertas
821 3181 853 3241 in
876 3184 966 3258 sylva
997 3202 1115 3263 magna
1146 3183 1302 3241 communi
1336 3182 1457 3240 Bunzki
1479 3181 1570 3261 Lugh
1594 3200 1647 3239 vo·

367 3295 439 3347 cata
462 3289 675 3365 pascuationis
707 3298 737 3348 et
767 3289 947 3369 lignationis
978 3298 1067 3348 extra
1094 3290 1237 3349 arborem
1262 3288 1452 3367 quercinum,
1477 3306 1575 3365 usque
1599 3305 1645 3347 re·

366 3396 556 3455 stitutionem
587 3396 766 3475 praedictae
798 3417 949 3473 summae,
979 3416 1036 3476 pro
1069 3398 1161 3457 domo
1194 3398 1333 3457 eiusdem
1367 3396 1541 3455 domestica
1576 3415 1646 3455 cum

366 3498 438 3563 filiis
462 3503 526 3562 suis
550 3503 689 3563 similiter
712 3505 743 3563 in
768 3524 830 3563 una
854 3506 947 3567 domo
971 3506 1243 3567 commorantibus.
1566 3479 1570 3487 Ι

473 3608 503 3670 3.
528 3611 577 3670 Ad
608 3613 764 3688 postulata
799 3612 995 3672 illustrissimi
1031 3613 1151 3672 comitis
1183 3611 1377 3692 Wolllgangi
1408 3611 1544 3671 Erdeodi
1576 3618 1643 3684 etc,

366 3717 470 3777 medio
493 3717 663 3797 provisoris
687 3721 734 3778 sui
759 3720 886 3779 Martini
902 3721 1035 3795 Zerblin,
1059 3740 1157 3799 penes
1174 3720 1422 3780 credentionales
1448 3719 1553 3778 literas
1570 3736 1644 3777 suas

366 3826 415 3884 lric
446 3826 568 3903 publice
593 3822 775 3904 proposita²,
808 3827 1021 3887 conceduntur
1052 3828 1136 3907 ligna
1160 3847 1216 3906 pro
1239 3829 1310 3887 loco
1334 3827 1522 3899 necessaria,
1546 3844 1644 3885 naves

366 3932 552 4011 quindecim,
577 3933 689 3992 robora
713 3941 817 3993 autem
841 3934 927 3994 sicca
950 3953 1068 4014 magna
1092 3944 1170 3994 octo.

470 4040 616 4099 Praefato
640 4040 792 4118 siquidem
818 4041 953 4101 Martino
977 4042 1111 4115 Zerblin,
1135 4061 1191 4118 pro
1215 4060 1272 4100 sua
1297 4041 1420 4118 privata
1445 4040 1641 4109 necessitate,

363 4148 447 4209 sicca
470 4147 564 4207 arbor
586 4166 704 4227 magna
732 4167 803 4221 una,
828 4149 868 4206 ad
891 4148 1072 4226 petitionem
1098 4148 1242 4207 videlicet
1273 4148 1413 4208 eiusdem
1439 4146 1644 4226 personaliter

362 4255 486 4314 iactam.

467 4362 607 4440 Egregio
631 4361 784 4440 siquidem
807 4363 967 4440 Stephano
993 4364 1229 4443 Megyurechlri‚
1245 4366 1285 4424 ad
1302 4365 1483 4442 petitionem
1501 4364 1641 4423 eiusdem

361 4468 465 4528 medio
500 4469 601 4527 coloni
624 4469 673 4528 sui
695 4470 817 4547 publice
841 4471 1041 4549 propositam,
1070 4471 1175 4530 itidem
1202 4473 1294 4531 arbor
1319 4471 1405 4531 arida
1430 4488 1491 4529 una
1516 4488 1642 4549 magna·

467 4575 496 4636 4.
534 4575 668 4635 Asseres
705 4596 761 4655 pro
796 4588 980 4656 coopertura
1017 4579 1243 4658 propugnaculi
1279 4578 1376 4658 vulgo
1417 4577 1572 4646 chardak‚
1609 4576 1640 4635 in

360 4683 473 4742 Maiori
504 4682 638 4741 Goricza
671 4684 811 4757 extructi,
844 4684 965 4762 accepti
989 4704 1008 4743 a
1032 4686 1156 4766 singula
1188 4687 1281 4744 domi
1306 4686 1368 4745 duo
1393 4703 1515 4744 asseres
1542 4702 1640 4760 usque

359 4790 472 4849 festum
503 4790 726 4867 purificationis
754 4792 866 4851 beatae
898 4792 933 4851 V.
965 4786 1025 4851 Μ.3
1056 4794 1174 4853 restitui
1205 4793 1378 4869 debebunt,
1412 4810 1542 4870 quorum
1569 4808 1638 4868 per-

362 4905 472 4975 ceptor
495 4896 553 4955 erit
575 4896 732 4977 parochus
755 4897 907 4957 ecclesiae
930 4900 1091 4977 praedicta
1115 4900 1148 4958 B.
1175 4901 1209 4959 V.
1233 4898 1276 4957 M.
