3934 5550
1495 439 1560 500 585

280 655 446 735 superinde
472 655 702 729 conveniendis,
720 655 858 715 adhibita
874 655 1016 715 demonis
1041 675 1101 734 ope
1126 675 1182 733 per
1196 674 1279 730 aera,
1295 665 1427 727 monteS,
1453 655 1557 728 colles,

283 764 381 824 valles
413 771 445 822 et
475 764 601 823 deserta
633 764 823 824 ambulasset
847 772 879 823 et
901 764 1048 836 volasset,
1073 763 1288 842 eiusmodique
1313 763 1469 823 diabolica
1494 769 1560 820 arte

279 878 492 950 tempestates,
522 869 665 948 pruinam
689 878 721 930 et
743 869 930 950 grandinem
954 889 1024 930 cum
1049 870 1250 949 complicibus
1274 871 1339 929 suis
1363 869 1558 942 confecisset,

223 987 226 990 ’
280 979 396 1038 tructus
420 987 522 1039 terrae
546 979 712 1039 mandatos
743 978 977 1056 absumpsisset,
1001 979 1164 1058 taliterque
1196 979 1375 1058 modalitate
1419 977 1563 1038 homines

280 1087 466 1148 necessariis
501 1087 585 1147 vitae
617 1086 727 1146 mediis
761 1088 929 1166 privasset,
961 1087 1125 1161 consortia,
1157 1088 1256 1160 ludos,
1291 1085 1554 1167 congregationes

280 1195 460 1268 diabolicas,
477 1195 669 1274 aliarumque
686 1213 836 1279 sagarum
851 1194 1090 1273 frequentasset,
1111 1202 1275 1272 praeterea
1298 1193 1436 1271 pluribus
1460 1193 1556 1253 homi·

280 1303 379 1379 nibus,
402 1303 523 1363 tenellis
547 1301 684 1380 prolibus
708 1309 740 1362 et
762 1301 947 1380 peccoribus
962 1321 1018 1380 per
1035 1302 1187 1362 eiusmodi
1211 1302 1396 1361 diabolicam
1413 1309 1511 1360 artem
1529 1309 1561 1360 et

280 1410 549 1470 inlascinationem
566 1410 733 1482 nocuisset,
749 1409 887 1488 quinimo
900 1409 1027 1488 saepius
1041 1410 1134 1469 etiam
1151 1429 1168 1470 e
1185 1410 1264 1470 vivis
1280 1409 1463 1482 sustulisset,
1477 1413 1559 1468 etne

278 1519 343 1578 fors
365 1519 469 1596 plures
493 1517 660 1596 complices
683 1537 758 1577 suas
776 1537 872 1598 sagas
889 1519 929 1578 ad
944 1519 1077 1578 eandem
1094 1513 1300 1578 exercendam
1324 1515 1553 1595 prolessionem

281 1635 312 1684 et
335 1627 436 1684 scelus
460 1625 694 1704 practicandum
726 1625 894 1704 adegisset,
924 1625 1133 1704 compulisset,
1168 1623 1384 1715 persvasisset,
1416 1622 1552 1684 induxis·

241 1737 245 1742 '
281 1742 407 1812 setque3
420 1733 554 1812 denique
570 1734 705 1793 animam
720 1741 751 1793 et
761 1751 874 1812 corpus
883 1751 974 1791 suum
983 1731 1192 1792 infensissimo
1204 1730 1332 1791 humani
1340 1731 1467 1811 generis
1476 1731 1558 1790 hosti

282 1840 405 1899 diabolo
428 1840 628 1914 immolasset,
652 1840 816 1919 taliterque
840 1858 1005 1899 severam
1030 1849 1060 1899 et
1085 1839 1282 1901 manifestam
1307 1855 1417 1918 sagam
1442 1838 1552 1898 eadem

279 1948 311 2006 in
325 1936 461 2007 'causam
486 1957 618 2008 attracta
642 1948 805 2022 effecisset,
832 1965 967 2025 poenam
991 1947 1061 2027 lege
1086 1946 1191 2006 divina
1223 1955 1253 2005 et
1284 1947 1422 2005 humana
1446 1964 1556 2024 super·

280 2056 351 2114 inde
375 2056 526 2115 sancitam
550 2056 706 2116 incurrere
730 2055 814 2114 haud
838 2054 1044 2115 lonnidasset.

386 2182 510 2240 Peteret
542 2182 671 2258 proinde
701 2182 910 2240 mentionatus
938 2179 1053 2239 fiscalis
1085 2188 1116 2238 et
1148 2188 1243 2250 actor,
1268 2179 1378 2258 vigore
1402 2177 1558 2258 generalis

280 2287 369 2368 regni
393 2286 517 2361 decreti,
542 2288 733 2367 aliarumque
756 2288 863 2367 legum
886 2305 980 2366 super
1005 2286 1157 2346 eiusmodi
1174 2286 1337 2346 atrocibus·
1354 2285 1473 2346 delictis
1496 2293 1557 2344 sta·
1650 2297 1652 2300 ·

279 2403 423 2473 totarum,
438 2397 566 2474 praevia
584 2396 724 2476 legitima
745 2395 966 2456 certificatione
993 2395 1181 2455 totiesfatam
1199 2395 1229 2454 in
1246 2412 1374 2454 causam
1396 2402 1559 2454 attractam

279 2502 311 2562 in
334 2503 383 2563 ius
408 2511 440 2564 et
462 2523 591 2564 causam
626 2504 803 2580 convenire,
827 2523 864 2563 ac
888 2503 928 2562 de
952 2503 1063 2562 eadem
1096 2503 1243 2562 iustitiam
1268 2510 1298 2561 et
1321 2502 1467 2562 iudicium
1500 2501 1558 2560 sibi

278 2610 423 2688 impendi,
447 2614 581 2671 eandem
609 2612 752 2671 videlicet
775 2612 806 2672 in
830 2630 959 2671 causum
988 2617 1151 2670 attractam
1186 2611 1226 2669 ad
1257 2609 1436 2690 detegenda
1469 2609 1558 2686 plura

186 2697 189 2700 ⁴
280 2717 340 2778 alia
370 2718 482 2780 similia
512 2738 568 2799 per
599 2720 732 2781 eandem
763 2726 943 2798 perpetrata
974 2727 1005 2779 et
1038 2717 1205 2780 commissa
1233 2718 1362 2792 scelera,
1385 2717 1551 2795 pluresque

278 2828 445 2907 complices
476 2830 670 2904 revelandos,
701 2828 828 2906 praevie
851 2836 989 2887 torturae
1013 2826 1131 2900 subiici,
1155 2834 1266 2905 expost
1300 2844 1375 2886 vero
1406 2824 1465 2903 ipsi
1489 2824 1555 2903 qui·

278 2934 349 2993 dem
373 2934 406 2995 in
429 2936 628 3014 promeritam
652 2955 796 3014 poenam,
830 2935 897 2995 aliis
920 2953 997 2995 vero
1021 2934 1164 2995 horribile
1192 2935 1223 2994 in
1248 2932 1424 3010 exemplum
1452 2931 1554 2991 vivam

279 3061 356 3121 rogo
380 3045 649 3115 concremandam,
673 3044 724 3103 vel
748 3051 839 3121 prout
855 3041 912 3102 iuri
930 3042 1030 3103 visum
1055 3041 1146 3101 fucrit
1168 3041 1260 3101 morti
1284 3037 1463 3114 adiudicari,
1479 3040 1550 3121 lege

278 3150 367 3227 regni
391 3159 421 3210 et
433 3152 590 3211 communi
605 3151 721 3211 iustitia
735 3152 781 3210 sic
793 3150 1064 3230 praecipientibus.
1089 3150 1204 3209 Datum
1218 3150 1292 3208 Also
1305 3149 1480 3223 Lukauecz,
1501 3146 1550 3207 die

282 3255 329 3316 12.
356 3258 472 3318 niensis
496 3258 627 3318 ianuarii
655 3255 747 3319 1734.

775 3383 860 3445 ldem
885 3382 1035 3469 Matthias
1060 3382 1184 3459 llixicb,
1208 3380 1392 3441 substitutus
1417 3401 1455 3443 m.
1480 3402 1508 3459 p.

384 3580 427 3638 ln
462 3581 614 3639 dorso:
641 3613 679 3623 -
706 3579 744 3642 C.
773 3614 809 3621 ν-
834 3577 996 3658 Originale
1021 3577 1153 3638 actionis
1175 3578 1361 3657 introscripti
1386 3577 1499 3637 tiscalis
1524 3586 1556 3635 et

277 3687 398 3759 actoris,
430 3696 538 3746 contra
568 3695 600 3746 et
630 3688 783 3746 adversus
814 3687 1030 3765 Margaretam
1063 3685 1233 3765 Pogledich
1266 3684 1376 3745 nobilis
1400 3683 1554 3762 Stephani

277 3792 455 3853 Koskouicb
480 3794 700 3865 conthoralem,
721 3793 816 3853 veluti
838 3793 933 3852 modo
957 3792 1153 3870 introscripto
1178 3812 1290 3873 sagam
1314 3802 1345 3852 et
1369 3792 1400 3851 in
1424 3811 1552 3851 causam

278 3908 450 3978 attractam.
467 3901 632 3960 Terminus
648 3902 680 3960 in
696 3901 823 3961 castello
841 3902 1007 3960 Lukauecz
1032 3900 1188 3977 praefixus
1213 3920 1268 3978 pro
1293 3900 1342 3959 die
1368 3897 1418 3961 26.
1436 3899 1553 3959 mensis

242 4024 245 4029 ·
281 4007 432 4066 currentis
456 4007 584 4068 ianuarii
614 3987 712 4069 1734(

383 4164 535 4233 Originale.
573 4166 604 4217 ln
623 4164 738 4218 archivo
756 4181 899 4218 commun.
921 4166 989 4218 nob.
1008 4166 1045 4219 dc
1064 4165 1231 4235 Turopolje:
1267 4166 1422 4221 Processus
1443 4165 1509 4219 [asc.
1529 4166 1553 4218 8Δ

276 4253 322 4307 Nr.
341 4256 366 4305 ‘A
387 4284 420 4290 —
