3934 5550
389 394 455 457 558

389 608 495 688 negda
526 627 582 666 szu
611 607 741 667 kathani
776 607 854 666 chez
884 623 964 686 gom
991 605 1098 681 jahali,
1133 614 1181 666 ter
1210 607 1326 666 takove
1358 625 1456 666 vrane
1485 607 1613 684 nyedan
1645 626 1667 665 n

392 717 487 775 reche
511 733 552 774 ne
576 714 741 794 odgovoril
764 733 785 791 y
809 714 893 774 onda
917 714 945 773 ie
970 732 1079 773 szarna
1102 715 1284 793 vparnula«.
1308 713 1426 774 Datum
1448 723 1610 794 utsupra.

816 885 876 945 Per
899 902 950 944 me
974 883 1147 965 Georgium
1179 882 1433 958 Samendrovich,
1456 882 1622 962 praelibati

870 990 983 1070 Campi
1007 990 1151 1055 iuratum.
1175 992 1260 1052 Idem
1284 1011 1324 1054 m.
1347 1011 1376 1069 p.

496 1154 541 1213 ln
566 1153 721 1214 dorso:
748 1187 787 1196 -
815 1151 845 1214 5.
868 1187 911 1196 —
935 1150 1097 1230 Inquisitio
1121 1161 1230 1212 contra
1245 1152 1483 1232 Margaretham
1500 1150 1668 1226 Korenika,

388 1261 541 1322 Matthaei
572 1260 748 1340 Reposzeja
779 1268 965 1334 consortem,
995 1261 1081 1319 velut
1112 1279 1224 1341 sagam
1248 1261 1280 1320 in
1305 1278 1387 1321 anno
1415 1258 1508 1321 1755.
1528 1260 1667 1322 collecta.

892 1505 895 1510 .
956 1469 974 1506 1
1081 1469 1098 1506 ἡ

1019 1520 1037 1557 U

494 1699 586 1758 Actio
609 1698 756 1779 generosi
781 1698 934 1758 Matthiae
950 1697 1088 1772 Mudich,
1113 1716 1176 1776 qua
1200 1697 1335 1774 inclytae
1359 1697 1529 1758 nobilitatis
1552 1695 1667 1776 Campi

387 1807 568 1884 Turopolya
591 1806 707 1866 fiscalis
731 1815 761 1865 et
785 1805 910 1879 actoris,
934 1813 1043 1865 contra
1067 1812 1098 1864 et
1123 1805 1275 1864 adversus
1291 1805 1465 1872 Barbaram
1490 1805 1527 1866 N.
1539 1803 1665 1864 loannis

387 1912 582 1973 Rudinouich
606 1913 756 1987 relictam,
773 1912 867 1972 veluti
883 1912 1064 1972 modalitate
1081 1911 1278 1990 infrascripta
1292 1931 1404 1998 sagam
1429 1921 1459 1972 et
1482 1913 1513 1971 in
1537 1930 1666 1972 eausam

388 2029 562 2097 attractam,
585 2020 751 2080 occasione
775 2028 807 2091 et
830 2027 994 2098 praetextu
1019 2001 1213 2080 diversorum
1238 2028 1364 2080 actuum
1388 2019 1583 2100 magicorum
1610 2037 1667 2097 per

389 2131 523 2190 eandem
546 2147 622 2188 vero
645 2129 677 2188 in
700 2147 830 2188 causam
855 2136 1019 2188 attractam
1036 2135 1286 2206 perpetratorum
1310 2137 1341 2188 et
1364 2128 1443 2188 infra
1463 2126 1590 2187 uberius
1614 2145 1666 2186 ex-

387 2238 621 2318 primendomm
644 2246 730 2297 mota
753 2247 785 2296 et
808 2244 920 2301 erecta.

494 2345 635 2422 Qualiter
665 2344 811 2403 nimirum
842 2343 932 2403 annis
956 2352 988 2403 et
1012 2343 1202 2421 temporibus
1231 2343 1343 2402 abhinc
1366 2342 1529 2402 retroactis
1553 2342 1665 2402 eadem

386 2456 418 2516 in
441 2472 569 2514 causam
593 2461 724 2515 attracta
747 2451 884 2512 nescitur
907 2469 970 2530 quo
993 2451 1147 2510 diabolico
1174 2451 1386 2511 circumventa
1410 2449 1527 2529 spiritu,
1560 2449 1665 2510 simul·

387 2582 448 2643 que
471 2579 632 2640 persuasa,
656 2559 903 2619 abrenuntiando
928 2559 1052 2636 ipsimet
1076 2558 1292 2618 sanctissimae
1316 2556 1469 2633 Trinitati,
1489 2556 1596 2636 sicque
1613 2555 1666 2615 uni

388 2679 420 2731 et
441 2688 517 2729 vero
541 2669 602 2728 deo
625 2686 682 2727 suo
706 2667 838 2726 iuratam
862 2664 1004 2745 perprius
1028 2666 1123 2726 fidem
1148 2684 1237 2725 suam
1262 2665 1459 2746 abnegando,
1477 2672 1507 2724 et
1523 2663 1665 2724 infernali

387 2777 556 2839 vexillifero
580 2776 704 2836 diabolo
725 2784 836 2854 sponte
850 2774 1060 2848 adhaerendo,
1088 2793 1124 2832 ac
1140 2774 1183 2832 ita
1199 2792 1218 2832 a
1234 2771 1434 2853 dogmatibus
1451 2771 1502 2832 dei
1519 2780 1551 2833 et
1567 2774 1665 2832 eccle·

387 2886 453 2951 siae
477 2885 617 2945 eiusdem
646 2883 831 2955 recedendo,
855 2881 955 2959 primo
979 2880 1114 2959 sigillum
1138 2879 1253 2939 diaboli
1276 2880 1307 2939 in
1331 2880 1591 2939 contestationem
1615 2878 1663 2939 sui

387 2996 583 3074 mancipatus
616 2991 675 3052 sibi
708 2989 842 3070 imprimi
874 2988 1033 3064 admisset,
1057 2988 1239 3066 cohortique
1263 3006 1428 3067 magorum
1453 2996 1484 3047 et
1507 3006 1666 3067 sagarum,

388 3104 620 3181 earundemque
653 3096 813 3159 sceleratis
842 3103 873 3154 et
908 3096 964 3154 toti
988 3094 1214 3155 Christianitati
1239 3114 1391 3173 perquam
1413 3095 1532 3154 nocivis
1556 3113 1666 3173 opera·

387 3211 523 3272 tionibus
547 3207 752 3281 adhaesisset,
777 3212 808 3264 et
832 3204 873 3262 ad
897 3204 1025 3263 easdem
1050 3210 1239 3281 cooperante
1264 3201 1388 3261 diabolo
1412 3210 1522 3278 sponte
1546 3200 1666 3261 vicibus

387 3317 438 3377 vix
459 3314 669 3395 exprimendis
686 3310 903 3386 concurrisset,
926 3309 1091 3387 taliterque
1115 3308 1315 3368 manifestam
1340 3327 1453 3387 sagam
1477 3316 1577 3368 semet
1600 3308 1665 3368 effi·

387 3445 458 3487 cere
485 3444 548 3485 non
570 3422 779 3495 formidasset,
801 3436 904 3496 neque
927 3435 1062 3496 poenam
1087 3416 1118 3476 in
1142 3416 1282 3496 generali
1302 3415 1392 3496 regni
1408 3415 1525 3475 decreti
1548 3415 1665 3494 passim

386 3532 553 3595 hincinde
577 3530 730 3591 sancitam
754 3545 848 3604 super
872 3524 1028 3584 talismodi
1057 3524 1182 3584 nefariis
1207 3523 1327 3583 actibus
1351 3522 1483 3603 magicis
1507 3523 1664 3583 incurrere

386 3640 566 3701 horruisset.
1331 3628 1336 3638 '

495 3749 542 3807 Ex
567 3765 604 3806 eo
628 3746 722 3805 vellet
754 3743 908 3802 antelatus
936 3740 1053 3801 fiscalis
1076 3749 1108 3800 et
1131 3747 1226 3814 actor,
1251 3741 1359 3820 vigore
1383 3738 1582 3799 articulorum
1606 3738 1664 3797 Po·

387 3856 578 3918 soniensium
609 3852 713 3913 brevis
744 3868 910 3929 processus
934 3867 1028 3927 super
1052 3848 1204 3909 eiusmodi
1229 3848 1349 3908 actibus
1373 3846 1576 3919 conditorum,
1601 3864 1664 3905 me·

386 3972 539 4025 moratam
555 3962 586 4020 in
603 3979 731 4020 causam
756 3966 920 4018 attractam
945 3958 975 4016 in
1000 3957 1048 4016 ius
1072 3966 1102 4015 et
1127 3976 1255 4017 causam
1272 3954 1447 4026 convenire,
1467 3954 1663 4032 eandemque

386 4071 481 4132 veluti
512 4071 605 4130 modo
638 4068 766 4148 praevio
790 4084 911 4145 sagam,
941 4065 982 4124 ad
1015 4065 1200 4124 revelandos
1228 4065 1395 4144 complices
1430 4073 1461 4125 et
1485 4062 1663 4142 detegenda

386 4182 538 4241 scelerata
563 4197 621 4238 sua
644 4180 728 4236 tacta
751 4175 851 4254 primo
874 4180 1014 4232 torturae
1038 4172 1156 4248 subiici,
1181 4181 1291 4250 expost
1308 4174 1348 4231 ad
1365 4172 1510 4232 horribile
1534 4172 1663 4231 aliorum

386 4287 562 4366 exemplum
585 4285 688 4346 vivam
713 4300 793 4363 rogo
817 4280 1088 4351 concremandam,
1113 4279 1164 4339 vel
1184 4288 1276 4359 prout
1291 4280 1350 4339 iuri
1365 4288 1397 4339 et
1411 4278 1546 4338 iustitiae
1563 4278 1664 4338 visum

385 4394 486 4468 fuerit,
502 4392 594 4451 morti
618 4389 797 4450 adiudicari.
825 4389 942 4447 Datum
965 4387 1042 4445 Also
1068 4387 1241 4459 Lukavecz,
1265 4385 1315 4445 die
1339 4386 1447 4465 quinta
1470 4385 1586 4445 mensis
1609 4404 1664 4444 no·

386 4500 532 4574 vembris,
556 4517 637 4558 anno
660 4496 776 4557 domini
804 4492 896 4554 1733.

803 4657 864 4716 Per
886 4676 936 4714 me
962 4654 1128 4714 Matthiam
1152 4654 1278 4725 Mixich,
1301 4654 1502 4714 substitutum
1526 4674 1564 4711 m.
1590 4673 1617 4731 p.
