3934 5550
465 393 531 455 024

395 604 401 617 ’
464 609 505 667 sit
527 607 747 687 praetermisso
775 608 843 666 loro
875 606 997 666 comitis
1031 605 1187 664 terrestris
1219 623 1348 666 causam
1372 623 1461 666 suam
1486 622 1591 664 coram
1616 602 1746 663 domino

463 718 555 790 bano,
573 723 626 776 aut
640 713 752 775 comite
768 713 935 774 comitatus
952 712 1175 793 Zagrabiensis
1192 713 1400 786 incaminare;
1414 713 1505 772 liceat
1521 720 1626 772 tamen
1642 710 1746 782 tertio,

464 823 545 903 parti
568 824 682 883 iudicio
706 823 827 883 comitis
849 821 1005 882 terrestris
1029 821 1132 881 minus
1156 829 1321 881 contentae
1346 821 1375 880 in
1399 820 1610 900 praesentiam
1626 818 1748 880 domini

465 932 547 1004 bani,
572 939 626 990 aut
648 931 770 991 comitis
801 930 967 990 comitatus
1001 927 1224 1009 Zagrabiensis
1249 929 1367 1008 absque
1392 923 1456 988 ullo
1479 927 1662 1008 gravamine
1687 943 1747 1004 pro

465 1038 624 1101 maturiori
641 1038 795 1098 revisione
813 1038 979 1117 appellare.
1005 1036 1134 1113 Quarto,
1150 1044 1184 1096 ut
1200 1053 1306 1096 comes
1320 1035 1475 1096 terrestris
1498 1055 1561 1095 non
1584 1033 1642 1094 uisi
1658 1033 1748 1094 suiti-

465 1147 583 1207 cienter
607 1145 729 1206 auditos
773 1153 805 1206 et
833 1145 993 1206 convictos
1026 1145 1134 1223 punire
1166 1145 1272 1223 possit,
1296 1163 1333 1204 ac
1358 1144 1543 1205 sententiam
1568 1143 1648 1202 illico
1672 1159 1746 1202 exe-

465 1255 589 1314 cutione
619 1253 785 1329 mediante,
816 1252 910 1330 idque
934 1252 1000 1312 sive
1026 1253 1058 1311 in
1080 1252 1207 1327 colonis,
1232 1251 1307 1323 sive,
1331 1252 1363 1311 in
1387 1261 1536 1332 quantum
1562 1250 1671 1329 aliquis
1694 1247 1747 1310 his

466 1368 597 1437 careret,
628 1360 660 1420 in
693 1360 824 1440 propriis
857 1359 950 1419 curiis
981 1358 1195 1420 nobilitatibus
1227 1358 1257 1418 in
1289 1359 1433 1419 effectum
1457 1349 1613 1418 deducere
1636 1357 1746 1437 possit.

468 1467 595 1543 Quinto,
611 1475 645 1528 ut
657 1468 802 1540 latrones,
816 1468 1001 1545 praedones,
1016 1466 1196 1542 homicidas,
1213 1466 1308 1527 verbo
1325 1483 1434 1526 omnes
1445 1466 1585 1545 publicos
1598 1465 1747 1524 malelac-

466 1587 551 1636 tores
575 1576 606 1636 in
630 1577 751 1656 gremio
774 1575 887 1654 Campi
913 1574 1092 1653 Turopolya
1116 1582 1257 1653 repertos
1282 1573 1450 1652 captivare,
1473 1574 1663 1652 eosdemque
1686 1589 1746 1651 pro

468 1683 620 1743 demerito
636 1683 745 1762 punire
766 1684 878 1743 valeat
901 1681 1006 1754 Sexto,
1032 1691 1065 1741 ut
1089 1681 1115 1741 si
1138 1681 1208 1760 quis
1220 1682 1357 1760 ipsorum
1381 1699 1435 1759 per
1459 1689 1602 1760 potentes
1626 1689 1657 1738 et
1679 1680 1746 1740 vio·

470 1791 571 1850 lentos
594 1807 798 1868 oppressores
829 1789 1047 1849 damnificatus
1074 1788 1173 1862 fuerit,
1196 1789 1267 1849 talis
1291 1789 1506 1850 communibus
1530 1789 1666 1848 omnium
1690 1805 1744 1852 ex·

459 1897 575 1975 'pensis
591 1896 712 1977 protegi
738 1905 768 1957 et
785 1897 909 1957 delendi
928 1897 1042 1958 debeat
1074 1896 1223 1976 Septimo,
1247 1907 1280 1957 ut
1304 1899 1334 1957 in
1350 1898 1454 1958 causis
1478 1916 1585 1958 eorum
1602 1895 1746 1958 omnibus

467 2014 577 2065 contra
601 2005 678 2065 alios
702 2004 830 2080 nobiles,
855 2006 906 2064 vel
929 2005 1039 2064 horum
1064 2015 1172 2064 contra
1189 2006 1315 2068 eosdem
1333 2007 1505 2080 movendis,
1526 2005 1746 2084 quaerulantes

467 2112 638 2174 adsedem
668 2110 787 2172 domini
817 2113 900 2186 bani,
931 2114 981 2172 vel
1014 2113 1140 2172 maioris
1173 2114 1294 2174 comitis
1326 2115 1492 2177 comitatus
1522 2111 1746 2194 Zagrabiensis

466 2237 522 2298 pro
545 2219 690 2280 habendo
711 2219 824 2280 iudicio
847 2229 1016 2281 recurrant
1037 2209 1091 2280 ¹Ac
1107 2221 1232 2281 demum
1247 2230 1369 2295 octavo,
1393 2222 1477 2300 quod
1500 2221 1526 2282 si
1549 2220 1653 2300 aliqua
1676 2219 1746 2280 sive

466 2328 497 2387 in
521 2328 772 2405 prosecutionem
796 2338 827 2388 et
850 2327 1064 2388 defensionem
1089 2347 1204 2388 causac
1228 2329 1411 2403 communis,
1435 2337 1466 2389 et
1482 2327 1587 2389 miseri
1610 2311 1745 2388 alicuius

466 2433 584 2507 nobilis,
615 2433 681 2494 sive
714 2453 789 2494 vero
819 2434 859 2494 ob
892 2436 969 2494 alias
1002 2434 1123 2513 aliquas
1146 2455 1261 2496 causas
1285 2435 1502 2498 communibus
1526 2436 1607 2496 votis
1631 2435 1745 2496 contri·

466 2540 552 2600 butio
584 2540 802 2620 imponeretur,
833 2551 865 2602 et
895 2543 1005 2622 aliquis
1040 2543 1173 2603 eandem
1206 2545 1328 2606 solvere
1363 2544 1465 2623 nollet,
1501 2553 1613 2606 extunc
1646 2543 1744 2603 talem

470 2647 728 2735 contributionem
760 2650 800 2709 de
828 2649 920 2709 rebus
944 2649 1110 2710 mobilibus
1133 2651 1340 2712 inobedientis
1364 2652 1458 2712 etiam
1482 2651 1512 2710 in
1536 2651 1621 2713 curia
1644 2649 1746 2729 ipsius

465 2755 622 2816 nobilitari
646 2756 810 2817 desumere
834 2755 949 2817 licitum
973 2759 1021 2823 sit.

575 2864 663 2925 Haec
687 2873 760 2923 sunt
782 2873 907 2941 statuta,
938 2885 1019 2943 quae
1046 2867 1180 2927 maiores
1205 2868 1302 2927 nostri
1326 2868 1430 2947 quoad
1454 2868 1581 2929 modum
1605 2867 1673 2928 lites
1697 2866 1746 2925 di-

467 2968 632 3047 iudicandi,
656 2978 687 3030 et
711 2972 916 3049 proceduram
949 2972 1142 3033 iudiciariam
1166 2973 1224 3035 sibi
1248 2993 1354 3035 coram
1379 2976 1514 3054 capitulo
1537 2974 1746 3057 Zagrabiensi

467 3076 700 3152 constituerunt,
730 3078 809 3137 haec
840 3086 913 3138 sunt
935 3078 986 3139 illa
1010 3080 1078 3158 ipsa
1109 3089 1235 3155 statuta,
1266 3100 1348 3161 quae
1380 3082 1561 3162 Rudolphus
1584 3082 1629 3162 11,
1658 3092 1747 3161 post-

466 3202 560 3263 quam
585 3202 625 3244 ea
647 3184 737 3244 unice
761 3185 792 3244 in
806 3186 1072 3247 manutentionem
1097 3200 1129 3247 et
1144 3189 1414 3250 conservationem
1430 3190 1612 3251 miserorum
1628 3188 1745 3267 Campi

467 3291 647 3369 Turopolya
670 3292 819 3352 nobilium
846 3293 962 3354 directa
989 3313 1059 3355 esse
1082 3293 1291 3372 observasset,
1314 3298 1451 3379 benigno
1475 3316 1532 3358 suo
1557 3306 1685 3362 eatenus
1710 3298 1744 3356 in

466 3416 548 3457 anno
576 3395 668 3459 1582.
692 3400 823 3479 elargito
843 3400 1007 3481 privilegio
1029 3421 1086 3481 per
1109 3411 1271 3465 extensum
1289 3396 1464 3483 acceptavit
1490 3414 1521 3467 et
1537 3404 1744 3467 confirmavit.

466 3505 524 3565 His
548 3506 686 3584 exceptis
709 3508 817 3585 paucis
842 3508 1094 3585 accidentalibus,
1118 3530 1199 3589 quae
1222 3521 1399 3593 temporum
1423 3521 1454 3573 et
1478 3531 1587 3575 rerum
1612 3512 1744 3573 circum·

466 3612 600 3671 stantiae
624 3612 748 3673 alterari
772 3603 955 3689 svadeb‘ant,
979 3616 1116 3677 maiores
1140 3618 1237 3679 nostri
1260 3628 1386 3681 strenue
1411 3639 1534 3700 semper
1557 3620 1745 3697 institerunt,

467 3727 498 3777 et
521 3719 725 3796 proceduram
756 3721 958 3798 iudiciariam,
993 3744 1088 3802 quam
1113 3744 1151 3788 ex
1175 3726 1387 3788 munificentia
1410 3728 1563 3810 Rudolphi
1586 3728 1621 3789 Il.
1645 3728 1743 3806 impe·

467 3826 578 3885 ratoris
610 3835 642 3886 et
664 3827 749 3907 regis
772 3840 969 3907 acceperunt,
994 3832 1034 3890 ad
1058 3840 1165 3892 nostra
1189 3852 1288 3912 usque
1312 3842 1453 3913 tempora
1477 3854 1532 3915 per
1555 3855 1645 3895 usum
1666 3854 1740 3893 con-

465 3931 583 3992 tinuum
608 3934 810 3995 deduxerunt.

573 4040 689 4122 Vigore
721 4042 831 4103 horum
862 4064 968 4105 comes
999 4048 1163 4123 terrestris,
1195 4060 1249 4109 aut
1280 4070 1317 4111 eo
1349 4050 1497 4130 impedito
1529 4053 1578 4111 vel
1610 4052 1742 4113 absente

467 4144 651 4207 substitutus
683 4168 788 4210 comes
821 4152 986 4228 terrestris,
1021 4173 1059 4213 ac
1094 4155 1187 4215 etiam
1223 4158 1399 4219 vicecomes
1434 4160 1598 4234 terrestris,
1632 4178 1744 4219 omnes

467 4271 580 4313 causas
610 4273 671 4314 non
705 4260 863 4318 octavales
895 4260 973 4320 citra
997 4261 1145 4325 influxum
1171 4283 1375 4341 assessorum,
1399 4276 1453 4327 aut
1477 4267 1743 4328 viceassessorum

467 4371 653 4434 constanter,
686 4363 777 4444 idque
810 4368 921 4445 partim
953 4370 1083 4429 solemni
1108 4389 1265 4449 processu,
1289 4374 1363 4434 dum
1386 4375 1531 4435 nimirum
1556 4373 1663 4448 meriti,
1688 4386 1745 4433 aut

467 4468 615 4527 substrati
641 4472 781 4546 gravitas
805 4474 837 4533 id
860 4474 1010 4551 deposcit,
1035 4478 1083 4536 vel
1109 4496 1183 4538 vero
1208 4481 1356 4541 alterutra
1380 4502 1452 4561 pars
1476 4484 1646 4546 solemnem
1670 4498 1743 4561 pro·

467 4592 590 4634 cessum
614 4588 786 4659 praeoptat,
809 4581 922 4660 partim
946 4602 1022 4642 vero
1052 4586 1231 4662 summarie,
1255 4588 1286 4648 in
1310 4590 1404 4650 rebus
1427 4610 1541 4670 nempe
1564 4590 1653 4670 parvi
1675 4608 1742 4649 mo·

466 4682 571 4760 menti,
595 4684 744 4764 exilisque
775 4688 922 4749 substrati
947 4690 1077 4751 obiectis
1101 4694 1269 4756 disactiunt
1293 4706 1323 4757 et
1348 4699 1507 4775 definiunt,
1539 4696 1743 4779 partibusque

467 4790 693 4866 appellantibus
717 4794 747 4853 in
772 4796 875 4855 causis
903 4799 1032 4859 solemni
1057 4800 1108 4860 via
1131 4806 1328 4880 pertractatis
1360 4826 1542 4885 processum
1574 4825 1631 4887 pro
1661 4806 1743 4866 revi-

466 4897 552 4955 sione
584 4898 623 4957 ad
656 4901 762 4961 sedem
788 4903 979 4965 iudiciariam
1004 4909 1177 4985 comitatus,
1211 4921 1241 4977 et
1265 4913 1336 4974 inde
1362 4916 1440 4975 ultro
1468 4916 1548 4976 intra
1571 4916 1742 4988 dominum,
