3934 5550
1536 493 1573 555 17

290 711 402 772 iratres
427 731 536 772 eorum
562 713 736 790 adoptivos,
759 721 910 791 quantum
935 712 965 771 in
982 712 1161 773 communia
1174 713 1267 786 bona,
1291 713 1342 785 ita,
1359 710 1443 789 quod
1459 711 1573 770 solum·

291 820 386 880 modo
410 819 467 898 ipsi
494 839 627 900 gregem
652 839 818 898 porcorum
843 839 960 894 eorum,
984 839 1078 898 quem
1103 819 1287 880 nutriverint
1309 819 1340 879 in
1363 819 1573 896 Wolrowyna,

293 926 323 985 iu
348 927 433 985 silvis
458 927 675 986 communibus
699 927 818 1006 absque
843 927 928 987 omni
951 927 1111 988 solucione
1136 928 1285 988 tenebunt
1309 937 1340 987 et
1372 926 1508 987 nutrient
1543 926 1573 984 in

291 1033 503 1114 glandinibus,
528 1033 583 1093 sed
607 1055 670 1093 non
695 1036 884 1110 colonorum,
909 1044 940 1094 et
963 1036 1048 1114 quod
1071 1036 1159 1116 ligna
1182 1054 1245 1095 non
1268 1035 1426 1094 fructifera
1457 1033 1489 1093 iu
1513 1033 1572 1093 eis·

292 1143 366 1202 dem
391 1141 477 1200 silvis
501 1141 597 1202 libere
621 1141 783 1202 succident
807 1143 846 1202 ad
871 1141 973 1202 socum
1007 1161 1115 1202 eorum
1147 1143 1336 1217 necessaria,
1368 1151 1513 1220 preterea
1544 1140 1570 1199 si

292 1249 385 1330 lignis
410 1268 466 1310 seu
490 1249 653 1309 roboribus
689 1250 844 1328 quercinis
875 1249 934 1328 ipsi
965 1251 1135 1311 necessarii
1166 1250 1288 1324 fuerint,
1311 1250 1344 1310 id
1374 1269 1474 1330 spano
1505 1258 1572 1308 tau·

291 1357 372 1431 dem,
397 1376 514 1436 spanus
538 1357 665 1416 tandem
690 1357 883 1418 universitati
908 1357 994 1418 dabit
1019 1359 1059 1418 ad
1083 1358 1203 1419 scitum.

398 1464 517 1524 Ibidem
544 1464 671 1524 domino
695 1465 814 1525 Matbie
839 1464 1048 1543 Chemkoczy
1071 1486 1128 1545 pro
1152 1465 1217 1526 suis
1240 1465 1381 1526 serviciis
1398 1466 1479 1525 hanc
1499 1484 1570 1544 gra-

293 1572 374 1632 ciam
399 1573 633 1653 prerogativam
658 1573 769 1634 eadem
793 1573 980 1634 universitas
1005 1575 1153 1635 nobilium
1176 1573 1258 1647 tecit,
1282 1583 1316 1634 ut
1339 1594 1407 1653 ipse
1430 1575 1461 1632 in
1485 1573 1571 1633 silvis

295 1700 403 1741 eorum
441 1682 657 1742 communibus
694 1681 725 1741 in
760 1683 960 1762 glandinibus
995 1701 1108 1761 porcos
1143 1702 1217 1743 suos
1252 1682 1441 1743 domesticos
1477 1682 1574 1742 libere

294 1807 423 1866 pascere
448 1789 546 1867 possit
570 1799 601 1849 et
625 1791 728 1850 valeat
752 1791 871 1869 absque
895 1792 956 1850 ulla
981 1791 1134 1850 solutione
1159 1810 1335 1867 syrowyne.

287 1998 292 2006 .
395 1930 596 1998 Eprotocollo
616 1931 783 1984 iudiciorum
803 1931 1016 1986 communitatis
1035 1931 1172 1984 nobilium
1201 1931 1238 1984 de
1266 1929 1420 1999 Turopoije
1433 1946 1460 1997 p.
1477 1928 1521 1983 86.
1540 1929 1571 1982 In

289 2021 402 2076 archivo
422 2035 524 2074 comm.
544 2021 610 2074 nob.
631 2021 667 2072 dc
687 2019 840 2092 Turopolje

898 2325 969 2398 11.

396 2525 488 2586 Anno
517 2523 608 2584 1569.
634 2523 685 2586 21.
710 2524 892 2586 decembris.
917 2523 1030 2584 Maiori
1054 2525 1226 2600 Goryczae.

289 2735 488 2803 ittatthaans
502 2735 542 2801 de
558 2735 757 2815 Zalatlmok,
773 2755 883 2801 comes
907 2735 1084 2801 terrestris
1103 2734 1227 2820 Campi
1250 2733 1511 2821 Zograbieosis,
1530 2749 1572 2798 ae

289 2849 360 2909 toto
383 2844 597 2909 universitas
622 2842 791 2908 nobilium
815 2842 970 2908 eiusdem
997 2842 1128 2928 Catispi,
1152 2842 1383 2926 fraternalem
1416 2840 1570 2926 adoptio·

288 2974 366 3021 nem
401 2953 589 3040 Gamarts,
624 2951 793 3037 Stephani
826 2956 858 3016 et
892 2950 1035 3016 Nicolai
1064 2951 1175 3036 Atapy
1205 2953 1376 3030 revocant,
1409 2948 1569 3014 annichi-

855 3060 1003 3145 lantque.

290 3295 292 3299 ’
397 3281 463 3340 Nos
488 3279 668 3339 Matthaeus
691 3277 831 3337 literatus
856 3278 894 3337 de
919 3277 1103 3353 Zalathnok,
1121 3296 1227 3337 comes
1250 3276 1405 3336 terrestris
1422 3277 1570 3337 nobilium

289 3388 402 3467 Campi
427 3386 648 3468 Zagrabiensis
672 3386 842 3446 memoriae
875 3386 1132 3446 commendamus
1156 3394 1264 3445 tenore
1288 3385 1507 3464 praesenciunr
1532 3385 1571 3445 si-

290 3496 476 3576 gnificantes
500 3496 613 3574 quibus
637 3494 762 3572 expedit
797 3493 960 3570 universis
990 3494 1074 3572 quod
1105 3492 1226 3573 egregii
1259 3500 1289 3552 et
1320 3493 1440 3553 nobiles
1470 3493 1571 3553 Bene-

290 3604 390 3665 dictus
415 3604 561 3664 Arbanaz
595 3605 634 3663 de
659 3603 897 3675 Alsolomnicza,
932 3603 1056 3662 Blasius
1091 3603 1273 3682 Pogiedych
1305 3602 1343 3661 de
1375 3602 1572 3680 Korylowcz‚

289 3712 438 3772 Matthias
470 3712 696 3789 Dyankowych
720 3711 760 3770 de
785 3710 957 3787 Kobylych,
988 3710 1127 3770 Thomas
1154 3710 1372 3785 Laczkowych
1397 3710 1437 3769 de
1461 3711 1568 3789 Nagy-

288 3822 401 3894 mlaka,
425 3821 612 3881 Benedictus
636 3820 717 3879 filius
741 3818 851 3878 nobilis
875 3820 1033 3897 quondam
1057 3818 1182 3877 loannis
1206 3818 1344 3894 Myxych
1366 3818 1405 3877 de
1429 3816 1568 3878 inferiori

290 3930 483 4001 kaawecz,
519 3930 697 4007 Stephanus
729 3927 956 4003 Dyankowych
980 3928 1019 3985 de
1044 3926 1217 4002 Kobylych,
1254 3927 1382 3985 Marcus
1407 3925 1569 4002 Sabarycb

288 4038 327 4097 de
352 4038 419 4114 Kys
444 4036 556 4111 Obres,
581 4036 734 4095 Martinus
759 4036 915 4113 Pepelych
940 4035 979 4093 de
1005 4035 1126 4109 Plezzo,
1151 4035 1283 4093 ioannes
1307 4034 1505 4110 Wyedmych
1531 4034 1569 4093 de

289 4146 382 4224 Nagh
414 4146 568 4222 Gorycza,
600 4144 754 4203 Martinus
786 4142 1012 4222 Ogrynowych
1045 4142 1083 4201 de
1117 4142 1184 4217 Kys
1208 4141 1361 4217 Gorycza
1386 4142 1464 4201 alter
1487 4143 1570 4200 Mar·

288 4254 369 4313 tinus
394 4254 605 4331 Woglessycb
638 4253 675 4311 de
707 4254 889 4327 hossana,
914 4251 1050 4311 Michael
1084 4257 1115 4308 et
1147 4249 1335 4308 Benedictus
1367 4249 1572 4325 Chwnchych

288 4362 327 4421 de
351 4361 469 4435 Koche‚
493 4360 669 4419 Anthonius
693 4362 848 4441 Swghecz
880 4362 919 4419 de
954 4358 1124 4435 MraczIyn,
1148 4356 1284 4416 Michael
1309 4357 1507 4415 Bwssewecz
1532 4357 1571 4414 de

288 4470 476 4541 Bwssech,
499 4469 678 4548 Stephanus
710 4478 740 4528 et
768 4470 900 4529 ioannes
924 4465 1164 4543 Thropsethych
1198 4465 1237 4523 de
1268 4462 1428 4541 Superiori
1459 4464 1571 4522 kaa-

288 4592 383 4651 wecz,
415 4576 588 4656 Gregorius
612 4576 792 4653 Woschych
824 4577 863 4635 de
900 4574 1166 4650 szthychnyak,
1190 4572 1340 4631 Matthias
1365 4572 1571 4647 Kwssewych

288 4686 326 4745 de
344 4685 508 4744 Dobrancz
532 4684 631 4743 Zenth
656 4684 823 4759 Kathalyn,
846 4684 1008 4760 (iasparus
1025 4680 1293 4756 Czwethkowych
1318 4680 1357 4737 de
1382 4680 1572 4754 Woynoscz,

288 4793 466 4871 Stephanus
499 4791 686 4867 Gerdenych
716 4791 754 4851 de
787 4791 946 4866 larebyeh‚
978 4789 1056 4848 alter
1091 4789 1271 4865 Stephanus
1309 4786 1496 4863 Hawydych
1532 4786 1570 4845 de

287 4900 501 4979 Dragonoscz,
533 4899 644 4957 Petrus
673 4898 806 4974 Hozyak
837 4898 876 4956 de
906 4896 1149 4972 Wokomerych
1181 4895 1362 4973 Stephanus
1385 4893 1571 4953 Petherche-

287 5010 379 5087 wych
414 5010 453 5069 de
490 5009 584 5083 Lose,
605 5007 762 5067 Fabianus
797 5006 1006 5081 Pethrawych
1039 5005 1078 5063 de
1114 5004 1334 5081 Rathkowecz,
1364 5010 1394 5060 et
1423 5001 1572 5078 Quirinus

1466 5124 1483 5176 Β
