3934 5550
1522 380 1565 442 85

286 594 487 656 certificando
512 594 651 672 eosdem,
677 594 762 673 quod
785 594 855 655 sive
876 594 935 674 ipsi
959 594 989 655 in
1014 595 1098 656 dicta
1122 595 1227 657 diaeta
1252 605 1310 658 etc.
1334 598 1565 675 comparuerint

289 704 355 763 sive
379 723 452 778 non,
475 703 541 782 ipse
566 704 805 778 (locumtenens)
834 703 875 763 ad
898 703 996 781 partis
1027 704 1238 782 comparentis
1261 704 1440 765 instantiam
1465 704 1496 763 id
1519 704 1563 763 fa·

288 811 349 870 ciet
379 811 410 870 in
443 810 633 890 praemissis,
667 810 751 890 quod
783 809 948 870 dictaverit
978 811 1056 871 ordo
1087 810 1171 873 iuris.
1202 812 1243 871 Et
1266 812 1439 889 posthaec
1462 810 1566 871 huius-

288 918 373 978 modi
396 918 602 989 exhibitionis,
626 918 858 978 ammonitionis
883 927 914 978 et
937 918 1169 987 certificationis
1185 919 1308 996 seriem,
1324 918 1382 998 ipsi
1399 938 1456 979 suo
1473 920 1566 979 modo

287 1027 439 1087 rescribat
462 1028 630 1105 capitulum
654 1026 857 1105 praedictum.

390 1151 415 1204 E
440 1151 580 1205 relatoriis
605 1150 721 1218 capituli
740 1148 937 1219 Zagrabicnsis
956 1167 980 1203 a.
1002 1148 1079 1204 1603.
1100 1147 1141 1203 18.
1159 1148 1284 1203 ianuarii.
1298 1176 1331 1187 -
1346 1149 1573 1217 Transumptum.

294 1241 405 1295 Martini
429 1240 537 1294 Pethcv
556 1240 593 1293 de
617 1239 728 1293 Hethcs
753 1256 777 1293 a
805 1239 883 1293 1604.
902 1238 944 1293 23.
964 1240 1065 1293 martii.
1094 1241 1125 1293 ln
1153 1239 1267 1293 archivo
1286 1254 1420 1293 commun
1446 1240 1511 1293 nob.
1531 1240 1568 1293 de

286 1330 448 1400 Turopoije.

397 1457 463 1510 ¹sic
483 1454 628 1524 (Peuech).
666 1455 735 1508 ’sic
756 1455 915 1525 (Humzky).
955 1455 1024 1509 ³sic
1050 1454 1140 1522 (Rus).
1179 1455 1249 1509 ‘sic
1269 1454 1459 1525 (BrigleuichJ.
1499 1455 1568 1509 ’sic

287 1546 460 1614 (Dolenecz).

393 2034 486 2093 Anno
514 2029 606 2094 1602.

289 2226 560 2291 Contiumeratio
576 2224 866 2291 contribueniium
883 2224 1048 2291 nobilium
1079 2224 1187 2291 unius
1203 2224 1368 2291 sessionis
1385 2224 1422 2292 in
1439 2226 1568 2313 Campo

808 2335 839 2401 Τ
836 2334 1064 2420 huropotensi.

395 2536 516 2594 Anno
547 2534 702 2595 domini
743 2533 835 2595 1602.
871 2554 941 2614 per
976 2534 1141 2595 nobiles
1176 2535 1319 2614 Campi
1352 2536 1566 2614 Thuropo·

287 2643 423 2701 lensis
456 2642 643 2702 unanimi
674 2652 772 2702 voto
806 2645 1026 2704 eorundem
1063 2643 1325 2704 contributio
1357 2644 1565 2721 imposita,

290 2749 455 2810 ratione
480 2750 698 2811 cuiusdam
724 2750 1071 2832 certiprivilegii
1092 2750 1567 2810 uniussessionisdicti

286 2860 429 2938 Campi
451 2859 659 2921 nobilium.

828 3057 1024 3116 Hrasche.

285 3182 397 3243 Petrus
420 3183 620 3261 Koskowych
683 3230 903 3245 .....
951 3183 1016 3242 flor.
1063 3177 1119 3266 172
1145 3183 1245 3243 solvit.

286 3291 401 3352 Paulus
426 3291 626 3368 Koskowych
685 3340 905 3354 .....
979 3315 992 3346 »
1066 3284 1123 3372 172
1174 3313 1186 3344 »

285 3399 458 3480 Gregorius
482 3400 681 3477 Koskowych
740 3448 745 3460 .
792 3449 798 3460 .
846 3449 852 3460 .
899 3450 905 3461 ‚
979 3423 991 3454 ›>
1065 3399 1077 3458 Ι
1171 3422 1183 3454 »

286 3507 424 3568 Thomas
448 3507 648 3583 Koskowych
683 3554 902 3568 .....
975 3531 988 3562 »
1068 3508 1078 3566 Ι
1174 3529 1185 3558 »

285 3615 397 3674 Petrus
420 3614 606 3691 Vitkowyeh
624 3660 898 3676 ......
972 3637 984 3668 s
1054 3613 1079 3672 ΙΙ
1155 3635 1186 3688 ¹s

286 3720 444 3802 Georgius
467 3721 687 3799 Kokotowych
733 3770 739 3782 .
787 3771 793 3782 .
840 3770 846 3783 .
894 3769 900 3782 .
973 3744 986 3775 »
1060 3719 1079 3779 2
1174 3743 1186 3775 »

285 3829 465 3908 Stephanus
488 3830 629 3890 Zedmak
679 3876 898 3890 .....
971 3851 984 3883 »
1063 3827 1072 3886 l

287 3936 425 3997 Michael
448 3939 580 3997 Pcwecz
626 3983 900 3997 ......
973 3959 985 3990 r>
1065 3932 1124 4014 1¹12
1149 3934 1248 3996 solvit.

285 4045 451 4105 Baithasar
474 4044 737 4120 Maczcdurych.
785 4091 790 4104 .
838 4092 844 4102 .
892 4091 898 4102 .
942 4053 982 4097 ·›>
1060 4038 1120 4122 ¹72
1171 4065 1183 4096 s
1257 4042 1323 4100 flor.
1352 4039 1376 4104 l.

284 4154 400 4213 Paulus
423 4152 625 4228 Koskowych
677 4197 898 4211 .....
971 4172 984 4203 »
1061 4148 1072 4206 l
1172 4173 1184 4201 »

769 4347 885 4426 Nagy
910 4346 1082 4406 Mlaaka.

283 4473 441 4554 Georgius
463 4475 611 4554 Wagych
622 4521 896 4535 ......
942 4473 1008 4532 flor.
1056 4471 1076 4530 2
1129 4472 1228 4532 solvit.

282 4584 392 4642 Petrus
415 4582 564 4661 Krupych
619 4628 892 4643 ......
966 4605 978 4634 a
1056 4579 1066 4638 1
1167 4604 1179 4635 »

280 4691 412 4754 Ioannes
435 4691 501 4750 Ruz
967 4712 978 4741 »
1053 4687 1072 4746 2
1169 4712 1180 4743 s

280 4799 428 4858 Nicolaus
445 4798 601 4876 *Krupych
620 4845 893 4860 ,,,,,,
967 4819 979 4850 s
1053 4794 1073 4854 2
1168 4819 1180 4850 n

282 4906 442 4983 Mattheus
465 4905 608 4982 Kudlycb
676 4951 894 4966 .....
968 4928 980 4956 s
1055 4903 1073 4962 2
1169 4928 1180 4956 »
