3934 5550
404 384 465 447 148

505 595 650 666 Originale
669 596 859 662 chartaceum,
879 597 980 651 subtus
993 612 1162 665 appressum
1181 603 1226 649 est
1245 596 1367 667 sigillum
1397 596 1428 649 ln
1447 597 1563 651 archivo
1576 612 1679 649 cotnra.

400 685 466 739 nob.
486 685 522 738 de
541 684 705 753 Turopolje.

400 776 612 787 ——nu-u—

403 874 407 881 ⁴
510 809 519 839 ¹
538 810 579 865 sic
599 810 791 878 (praesentata
810 817 839 864 et
858 811 987 865 exhibita
1006 810 1072 878 est.)

407 1416 410 1421 Ι
510 1330 603 1389 Anno
631 1326 723 1393 1659.
748 1328 777 1391 4.
801 1330 985 1391 decembris.
1010 1330 1043 1389 ln
1067 1349 1140 1390 arce
1164 1330 1356 1393 Posoniensi.

400 1522 583 1588 Articulus
606 1522 647 1589 de
669 1522 959 1609 appellationem
983 1522 1112 1609 Campo
1141 1523 1172 1588 T
1169 1524 1384 1611 uropoliensi
1406 1524 1454 1589 ad
1476 1526 1680 1593 comitatum

903 1630 1186 1718 Zagrabonsan.

508 1850 563 1909 De
588 1849 956 1929 appellationibus
988 1870 1034 1909 ex
1058 1848 1212 1929 Campo
1236 1850 1668 1931 Zagrabiensi·Turo

400 1956 593 2035 poliensi
618 1956 894 2031 transmissis,
919 1957 1164 2018 revidendis
1189 1966 1228 2017 et
1252 1959 1548 2037 approbandis.

892 2166 1077 2233 Articulus
1103 2166 1190 2235 CVI.

474 2370 476 2375 .
509 2318 701 2379 Conclusam
725 2318 820 2377 etiam
844 2335 882 2377 ac
905 2317 1099 2379 declaratum
1123 2326 1179 2394 est,
1202 2326 1237 2376 ut
1260 2319 1485 2396 appellationes
1502 2338 1541 2379 ex
1557 2320 1680 2398 Campo

402 2425 842 2507 Zagrabiensi-Turopoliensi
865 2424 1075 2499 transmissas,
1099 2426 1140 2485 ad
1171 2424 1414 2490 iurisdictionem
1443 2426 1609 2490 comitatus
1643 2428 1682 2489 de

411 2553 466 2594 ure
490 2535 540 2594 vel
564 2532 790 2595 consuetudine
803 2531 1004 2611 pertinentes,
1020 2532 1115 2593 etiam
1131 2531 1324 2594 dotalisticas
1340 2534 1492 2593 maturius
1509 2535 1680 2611 revidendi,

403 2642 658 2723 approbandique
692 2643 742 2701 vel
766 2639 963 2722 emendandi,
987 2659 1026 2699 ac
1048 2641 1177 2700 tandem
1201 2641 1242 2701 ad
1265 2641 1480 2702 executionem
1504 2642 1681 2703 remittendi

401 2750 576 2812 authoritas
599 2749 684 2811 sedis
707 2748 888 2810 iudiciariae
912 2749 1078 2811 comitatus
1102 2747 1325 2830 Zagrabiensis
1341 2748 1373 2809 in
1390 2768 1448 2810 suo
1465 2750 1575 2832 vigore
1591 2750 1679 2812 salva

400 2868 598 2946 permaneat:
622 2859 774 2919 svadente
798 2857 927 2918 articulo
951 2854 1003 2917 23.
1028 2856 1101 2917 anni
1129 2853 1222 2918 1613.
1253 2857 1271 2932 ξ
1295 2853 1398 2918 Parti
1419 2875 1500 2919 vero
1522 2875 1680 2920 succum·

401 2963 495 3031 benii
516 2967 575 3030 oto.
600 2975 631 3026 et
655 2973 711 3029 art.
734 2961 787 3026 67.
812 2965 885 3024 anni
914 2962 1007 3025 1622.
1031 2972 1062 3024 et
1086 2974 1141 3028 art
1165 2960 1217 3025 65.
1242 2965 1315 3024 anni
1344 2962 1435 3026 1635.

508 3105 619 3175 Corpus
638 3107 707 3159 iuris
726 3105 889 3176 Hungarici.
910 3105 1051 3173 Leopoldi
1071 3105 1095 3159 1.
1114 3105 1181 3172 imp.
1201 3111 1231 3158 et
1249 3107 1325 3176 regis
1344 3107 1493 3160 decretum
1519 3108 1540 3161 1.
1559 3123 1583 3162 a.
1612 3107 1682 3162 1659

1005 3425 1081 3502 00.

507 3629 599 3687 Anno
628 3624 719 3688 1660.
742 3624 772 3686 6.
797 3626 931 3706 augusti.
956 3625 1091 3686 Graecii.

509 3824 685 3901 Leopoldus
709 3824 730 3882 1.
755 3823 938 3902 Hungariae
963 3830 1022 3883 etc.
1046 3841 1109 3896 rex,
1133 3825 1282 3885 loannem
1306 3825 1438 3885 lurinich
1453 3835 1485 3885 et
1500 3827 1597 3886 filium
1614 3827 1682 3888 eius

402 3930 564 3990 Nicolaum
589 3930 620 3988 in
644 3938 768 3990 coetum
792 3929 940 3989 nobilium
965 3929 1105 4005 assumit,
1128 3931 1266 4009 ipsisque
1282 3949 1371 3991 arma
1394 3951 1450 3992 seu
1474 3933 1610 4013 insignia
1625 3953 1680 3994 no·

400 4037 525 4097 bilitatis
549 4037 676 4097 confert.

509 4143 691 4203 Publicatae
715 4149 787 4201 sunt
809 4143 870 4201 hae
902 4143 1011 4202 literae
1043 4145 1178 4203 armales
1201 4145 1231 4204 in
1256 4147 1395 4225 generali
1431 4148 1521 4226 regni
1548 4167 1679 4229 congre-

401 4250 526 4331 gatione
551 4249 726 4322 Varasdini,
751 4268 777 4310 a.
806 4246 898 4310 1664.
928 4247 974 4312 18.
999 4252 1108 4312 martii.

507 4389 653 4460 Originale
674 4390 896 4455 membraneum,
916 4393 1061 4458 appendet
1080 4392 1209 4462 sigillum.
1228 4394 1313 4461 Apud
1327 4397 1393 4448 nob.
1407 4395 1558 4464 losephum
1578 4397 1680 4450 lurinic'

401 4481 429 4532 in
449 4479 559 4532 Kobilic
579 4479 629 4531 No.
650 4480 691 4532 11.
713 4507 744 4516 -
765 4479 918 4544 Vitezovic,
940 4481 1094 4549 mjcsecnik
1114 4497 1147 4534 aa
1165 4483 1345 4554 genealogiju
1364 4491 1418 4538 etc.
1437 4486 1456 4537 1.
1476 4501 1540 4558 pag.
1561 4487 1622 4540 137.
