3934 5550
361 416 426 486 4⁰8

365 641 514 702 mediocri
546 648 639 716 statu,
672 642 766 702 haras
798 636 947 703 alatilium
980 636 1125 722 antiquas
1157 638 1187 703 in
1219 647 1302 705 statu
1341 638 1500 721 mediocri,
1537 648 1650 725 puteus

368 768 431 809 non
454 751 534 811 adeo
558 751 668 812 bonus.

479 854 527 920 fl.
552 860 705 919 Providus
737 858 875 919 Mathias
903 860 1089 934 Rorkovich,
1113 863 1241 922 colonus
1265 861 1411 922 dominae
1433 862 1550 923 viduae
1573 864 1648 922 Bar·

368 961 465 1025 barae
495 966 650 1040 Skerlecz,
682 967 777 1027 habet
808 968 935 1027 domurn
967 968 1113 1028 miseram
1146 989 1209 1029 una
1232 977 1264 1029 et
1292 970 1435 1030 harulam
1467 990 1565 1049 penes
1595 990 1648 1031 ve-

369 1072 476 1150 pribus
500 1074 678 1147 obductam,
702 1074 774 1134 dein
797 1076 894 1135 habet
916 1074 1059 1135 harulam
1080 1076 1120 1135 ad
1136 1077 1216 1136 duas
1240 1078 1410 1152 clausuras,
1435 1086 1467 1138 et
1490 1097 1649 1138 cameram

369 1180 427 1239 sub
452 1200 513 1240 uno
529 1189 612 1241 tecto
629 1182 756 1242 basibus
780 1183 965 1263 indigentes,
989 1183 1189 1264 foenilegium
1207 1186 1368 1264 antiquum
1392 1205 1503 1263 parum
1526 1186 1645 1260 valens,

367 1288 527 1348 fornacem
551 1289 720 1367 pistoream
744 1309 799 1368 per
823 1290 981 1350 miseriam
1006 1291 1088 1351 bono
1112 1300 1195 1351 tecto
1219 1311 1282 1351 non
1304 1292 1473 1370 provisam.

481 1394 528 1456 12.
552 1396 705 1456 Providus
734 1397 866 1457 loannes
890 1398 1012 1478 Evang.
1037 1399 1235 1474 Ivankovicb,
1256 1400 1384 1459 colonus
1408 1400 1525 1459 domini
1549 1419 1649 1459 asses-

370 1502 450 1561 soris
473 1502 596 1581 Iosepbi
623 1503 767 1577 Miksicb,
800 1504 895 1563 babet
922 1504 1049 1565 domum
1081 1506 1112 1565 in
1142 1505 1278 1566 inferiori
1310 1515 1398 1585 parte
1429 1506 1585 1580 miseram,
1618 1506 1649 1566 in

370 1610 521 1687 superiori
553 1629 628 1670 vero
659 1619 747 1689 parte
771 1611 945 1690 proximam
969 1613 1086 1689 ruinae,
1109 1614 1256 1674 horreum
1279 1613 1374 1674 habet
1398 1614 1558 1693 antiquum
1582 1613 1649 1673 sine

370 1723 468 1793 porta,
500 1734 592 1776 secus
623 1719 742 1794 transit,
773 1719 868 1778 haras
896 1720 992 1778 habet
1015 1720 1056 1779 ad
1080 1717 1099 1778 3
1123 1720 1284 1779 clausuras
1315 1731 1386 1799 post
1410 1721 1527 1799 aliquot
1550 1740 1649 1780 annos

370 1825 567 1901 reparatione
591 1825 777 1905 indigentes,
801 1826 960 1886 fornacem
984 1826 1051 1886 sine
1075 1835 1166 1890 tecto.

481 1930 529 1994 13.
561 1931 658 1992 Curia
690 1933 817 2012 antiqua
850 1934 1029 2013 spectabilis
1059 1934 1177 1995 domini
1200 1936 1321 1996 comitis
1344 1937 1501 1995 terrestris
1524 1935 1649 1995 Ioannis

370 2040 448 2119 Nep.
473 2040 639 2118 Zdenczay
663 2042 771 2103 ruinae
795 2042 945 2120 proxima,
969 2043 1110 2102 similiter
1130 2044 1224 2103 etiarn
1248 2042 1358 2117 culina,
1383 2063 1420 2103 ac
1444 2043 1536 2103 corbs
1559 2043 1647 2123 fago-

370 2148 503 2225 piracea,
535 2148 631 2208 harae
664 2148 841 2209 animalium
867 2151 907 2209 ad
931 2147 951 2208 3
976 2151 1137 2210 clausuras
1162 2152 1193 2210 in
1218 2150 1380 2210 roboribus
1416 2151 1527 2227 bonae,
1556 2170 1648 2210 secus

371 2255 438 2315 sine
460 2264 552 2329 tect0,
577 2256 723 2316 horreum
747 2257 919 2335 antiquum,
942 2276 1034 2317 secus
1058 2259 1089 2317 in
1113 2267 1196 2317 statu
1219 2258 1377 2320 mediocri.

480 2361 528 2425 14.
558 2364 711 2424 Providus
743 2365 891 2423 Nicolaus
924 2366 1056 2444 Shopar,
1088 2366 1217 2425 colonus
1248 2365 1427 2443 spectabilis
1458 2365 1574 2425 domini
1598 2384 1649 2425 co-

369 2471 451 2531 mitis
475 2472 630 2531 terrestris
663 2472 786 2531 loannis
810 2472 887 2550 Nep.
920 2474 1095 2550 Zdenczay,
1127 2473 1221 2532 habet
1249 2474 1375 2533 domum
1400 2492 1456 2551 pro
1480 2492 1537 2533 sua
1562 2474 1648 2531 habi·

371 2578 488 2638 tatione
511 2579 636 2655 bonam,
659 2579 800 2638 harulam
826 2581 866 2638 ad
890 2600 984 2639 unam
1009 2581 1189 2639 clausuram
1213 2581 1372 2660 antiquam
1397 2580 1428 2649 in
1452 2582 1535 2639 malo
1559 2589 1644 2639 statu

374 2685 533 2747 fornacem
558 2686 726 2763 pistoream
752 2688 910 2765 antiquam
935 2687 965 2745 in
990 2695 1073 2747 statu
1097 2688 1255 2749 mediocri.

1003 2886 1018 2918 ῆι

941 2928 956 2960 s
1064 2929 1079 2961 s

477 3080 591 3140 Anno
630 3077 723 3143 1796.
757 3079 822 3140 die
852 3098 953 3140 vero
982 3078 1034 3143 24.
1066 3080 1275 3140 februarii
1307 3081 1346 3142 in
1377 3081 1650 3159 possessione

370 3187 567 3247 Kobilich
590 3187 704 3247 facta
727 3197 789 3247 est
813 3188 1080 3266 conscriptio
1105 3188 1407 3250 aedificiorum.

480 3312 505 3372 l.
528 3312 649 3372 Nobilis
673 3312 845 3372 Catharina
868 3313 964 3373 vidua
991 3313 1121 3392 Georgii
1153 3314 1290 3374 Kirinich
1315 3316 1410 3374 habet
1446 3316 1573 3375 domum
1597 3316 1651 3376 bo·

370 3441 452 3494 narn,
474 3421 619 3481 horreum
645 3421 805 3499 antiquum
837 3421 903 3480 sine
927 3429 1026 3500 porta,
1051 3431 1082 3481 et
1105 3422 1172 3482 sine
1204 3423 1295 3482 bonis
1324 3423 1462 3499 basibuS,
1486 3425 1581 3482 haras
1605 3423 1649 3482 bi-

371 3529 538 3610 angulares
562 3528 602 3587 ad
627 3526 647 3587 3
671 3528 832 3588 clausuras
864 3529 973 3603 bonaS,
1004 3530 1139 3589 culinam
1163 3549 1234 3589 cum
1258 3529 1385 3590 fornace
1418 3532 1566 3608 pistorea,
1597 3550 1650 3590 cu-

370 3636 433 3696 lina
463 3635 547 3695 lacta
578 3645 626 3694 est
657 3655 757 3714 usque
789 3636 884 3696 bases
916 3637 999 3710 tecti,
1033 3636 1143 3696 fornax
1168 3646 1274 3696 autem
1306 3637 1401 3697 habet
1425 3647 1543 3698 tectum
1579 3657 1648 3717 per·

373 3744 488 3821 pluum,
512 3750 624 3820 puteus
647 3742 776 3804 dirutus

481 3847 510 3911 2.
533 3849 654 3909 Nobilis
688 3851 820 3910 loannes
843 3851 964 3932 Evang.
996 3853 1209 3932 Vugrinovich
1244 3853 1340 3912 babet
1369 3854 1496 3912 domum
1528 3853 1559 3912 in
1594 3854 1650 3912 mi-

373 3975 444 4017 sero
468 3965 559 4030 statu,
582 3957 728 4017 horreum
752 3958 913 4037 antiquum
937 3959 1004 4018 sine
1027 3960 1118 4019 bonis
1134 3961 1281 4034 basibus;
1296 3960 1370 4019 item
1394 3959 1554 4040 foenilegii
1577 3979 1649 4039 par·

374 4065 477 4124 vulam
501 4073 622 4142 partem
646 4065 774 4143 antiqui,
798 4065 865 4125 sine
890 4067 984 4126 etiam
1008 4067 1136 4126 basibus
1161 4068 1260 4144 boniS,
1281 4069 1374 4127 haras
1399 4068 1439 4127 ad
1462 4067 1542 4127 duas
1567 4069 1650 4128 clau-

374 4190 464 4231 suras
495 4172 639 4250 antiquas
671 4171 702 4231 in
734 4172 817 4231 bono
850 4181 943 4247 statu,
971 4175 1045 4233 item
1069 4175 1164 4234 baras
1195 4175 1340 4254 antiquas
1364 4175 1404 4234 ad
1437 4172 1456 4233 3
1489 4184 1596 4253 portas
1620 4176 1651 4234 in

372 4285 456 4338 statu
489 4279 638 4338 mediocri
673 4279 741 4339 sine
770 4279 860 4339 bonis
890 4280 1028 4356 basibus,
1060 4301 1157 4359 penes
1188 4290 1293 4341 autem
1332 4291 1441 4342 noram
1474 4282 1512 4342 ad
1553 4302 1647 4342 unam

373 4393 495 4464 portam
529 4386 688 4464 antiquam
717 4386 810 4446 babet
834 4387 900 4446 sine
925 4396 1017 4462 tect0,
1053 4389 1166 4448 robora
1189 4390 1251 4449 iam
1275 4389 1457 4466 putrefacta,
1489 4389 1649 4450 fornacem

373 4491 542 4570 pistoream
574 4493 733 4572 antiquam
757 4492 824 4553 sine
847 4494 930 4554 bono
961 4503 1053 4570 tecto,
1086 4505 1199 4574 puteus
1229 4505 1300 4576 post
1330 4516 1426 4556 unum
1459 4515 1574 4556 annum
1604 4517 1650 4557 re·

373 4600 541 4678 parandus.

468 4705 510 4768 3.
533 4706 652 4768 Nobilis
677 4709 830 4770 Martinus
854 4709 1050 4771 Diankovich
1070 4711 1165 4771 habet
1181 4711 1308 4770 domum
1332 4711 1503 4790 antiquam,
1525 4730 1652 4772 camera

374 4813 501 4893 antiqua
524 4815 591 4875 sine
619 4816 708 4875 bonis
739 4817 867 4877 basibus
898 4826 969 4896 post
993 4818 1110 4897 aliquot
1133 4837 1232 4879 annos
1256 4819 1349 4878 etiam
1383 4818 1581 4898 reparatione
1604 4820 1648 4879 in·

373 4921 501 5002 digebit,
517 4923 651 4982 ambitus
675 4924 742 4984 sine
765 4926 848 4984 bono
871 4935 955 4985 tecto
979 4933 1035 4999 est,
1059 4927 1205 4986 horreum
1222 4927 1383 5004 antiquum
1406 4926 1436 4986 in
1461 4927 1544 4986 bono
1560 4936 1653 5001 statu,
