3934 5550
400 423 465 487 398

500 642 614 701 rinno
650 636 750 715 1796,
780 640 847 702 die
879 661 975 701 vero
1008 637 1066 700 22¹
1102 642 1140 701 in
1164 641 1444 720 possessione
1480 640 1676 701 Hraselre

392 748 596 809 nobilium
621 748 1355 828 inchoatapraedictaconscriptio
1379 748 1676 809 aedificiorum.

502 873 527 933 l.
551 872 676 933 Providi
701 872 820 933 Nicolai
851 874 1049 933 Szambolich
1074 873 1235 933 Dorothea
1257 874 1320 933 lilia
1343 874 1438 933 habet
1461 874 1590 933 domum
1614 893 1669 933 an·

394 979 513 1058 tiquam
537 986 569 1040 et
591 980 693 1055 haras,
710 999 791 1060 quae
815 979 958 1040 aedilicia
981 979 1137 1059 pertinent
1153 980 1193 1039 ad
1217 980 1331 1040 dictam
1349 981 1541 1041 Dorotlream
1565 990 1596 1040 et
1620 1000 1674 1040 no·

395 1087 489 1149 bilem
513 1086 637 1148 Annam
669 1087 793 1148 loannis
817 1088 940 1167 Evang.
964 1087 1131 1147 Krisanich
1163 1096 1334 1161 consortes,
1357 1088 1471 1148 fundus
1496 1096 1601 1147 autem
1625 1095 1673 1147 est

394 1194 510 1255 domini
535 1195 692 1274 capitanei
716 1194 892 1268 Vitlrovich,
916 1203 948 1255 et
971 1194 1161 1270 Krajachich
1185 1194 1318 1255 loannis.

443 1336 445 1339 ·
499 1302 528 1363 2.
553 1304 688 1363 Michael
712 1303 935 1379 Halovanyecz
960 1304 1055 1362 habet
1078 1303 1205 1363 domum
1228 1303 1397 1381 antiquam,
1414 1304 1560 1363 horreum
1576 1305 1672 1363 etiam

399 1409 560 1490 antiquum
589 1408 755 1484 mediocre,
788 1396 819 1469 et
842 1410 936 1470 haras
968 1410 1113 1488 antiquas
1138 1410 1178 1469 ad
1202 1406 1222 1468 3
1246 1410 1409 1470 clausuras
1443 1410 1592 1471 seorsivis
1615 1412 1670 1471 ba-

392 1517 478 1578 sibus
500 1516 673 1598 indigentia
695 1506 838 1597 praelata
862 1517 1006 1577 aedilicia
1029 1516 1255 1577 adinvenimus.

502 1623 531 1686 3.
555 1627 694 1686 Thomas
718 1626 843 1685 Buszalr
867 1626 962 1685 habet
982 1626 1110 1685 domum
1134 1626 1294 1705 antiquam
1317 1625 1445 1686 basibus
1469 1626 1670 1707 indigentem,
1713 1696 1723 1707 ,-

395 1734 522 1794 harulas
554 1734 594 1793 ad
626 1752 721 1793 unam
752 1734 928 1793 clausuram
951 1732 983 1793 in
1007 1732 1092 1792 st'atu
1122 1733 1269 1812 pessime,
1301 1751 1393 1792 secus
1420 1734 1505 1793 nulla
1528 1733 1670 1793 aedificia

394 1840 611 1901 adinvenimus
635 1848 760 1918 praeter
783 1839 942 1899 fornacem
966 1840 1136 1918 pistoream
1161 1839 1236 1899 nihil
1259 1841 1425 1899 valentern

501 1966 530 2026 4.
555 1964 675 2025 Nobilis
707 1964 845 2026 Mathias
875 1964 1056 2045 Gregurich·
1084 1966 1180 2025 habet
1203 1964 1329 2025 domum
1354 1964 1522 2044 antiquam,
1546 1964 1674 2025 basibus

393 2092 454 2133 non
488 2072 587 2148 bonis
623 2082 654 2133 et
688 2072 732 2133 ita
765 2056 912 2132 horreum
942 2072 1103 2150 antiquum
1136 2073 1231 2133 etiam
1262 2071 1390 2131 basibus
1425 2051 1585 2151 provisum
1608 2092 1671 2132 non

394 2180 493 2253 bonis,
517 2182 611 2240 haras
635 2199 735 2240 novas
759 2180 800 2239 ad
823 2180 902 2239 duas
926 2180 1088 2239 clausuras
1111 2180 1178 2239 sine
1210 2180 1390 2259 pavimento
1414 2179 1566 2253 inferiori;
1600 2180 1673 2239 item

394 2290 488 2348 haras
524 2288 668 2367 antiquas
704 2288 900 2366 reparatione
935 2285 1128 2366 indigentes,
1165 2286 1239 2346 item
1272 2288 1368 2346 habet
1407 2288 1534 2347 domum
1578 2286 1672 2347 aliam

397 2414 528 2475 parvam
563 2396 593 2454 in
628 2395 712 2454 bono
745 2402 837 2469 statu,
867 2395 923 2454 sed
956 2394 987 2453 in
1019 2394 1136 2453 ambitu
1168 2396 1250 2454 bono
1282 2392 1431 2454 assericio
1463 2402 1547 2454 tecto
1577 2403 1666 2455 caret

392 2504 466 2564 item
490 2503 617 2563 domurn
641 2502 787 2562 fabrilem
811 2503 935 2575 bonam,
959 2503 1016 2562 sed
1039 2509 1122 2561 tecto
1147 2501 1297 2561 assericio
1316 2502 1399 2561 bono
1421 2519 1484 2561 non
1507 2502 1676 2579 provisam,

397 2612 557 2671 lomacem
580 2591 747 2689 pistoream
774 2609 840 2669 sine
864 2617 947 2669 tecto
971 2609 1064 2669 bono.

506 2735 535 2796 5.
567 2736 687 2797 Nobilis
718 2736 852 2796 loannes
883 2734 972 2812 Bapt.
1004 2732 1194 2809 Krajachich
1226 2734 1322 2794 habet
1351 2734 1478 2794 domum
1515 2734 1674 2814 antiquam

399 2842 597 2916 mediocrem,
621 2861 660 2903 ex
683 2862 746 2902 una
768 2849 858 2921 parte
882 2859 944 2901 una
973 2840 1042 2900 basi
1065 2839 1195 2920 indiget,
1217 2840 1364 2901 horreum
1387 2841 1483 2901 habet
1506 2841 1675 2921 antiquum,

398 2959 429 3009 et
452 2952 511 3010 hoc
542 2952 652 3010 saltem
683 2969 777 3009 unam
809 2957 934 3028 partem·
953 2949 1066 3023 horrei,
1090 2967 1171 3027 quae
1195 2931 1268 3027 pais
1292 2948 1384 3009 valde
1408 2959 1553 3030 angusta,
1580 2951 1674 3010 adeo·

397 3075 458 3136 que
481 3057 602 3138 indiget
624 3077 715 3132 novo,
739 3058 784 3117 ita
807 3066 840 3116 ut
863 3076 934 3120 curn
958 3056 1093 3136 antiquis
1116 3057 1280 3116 roboribus
1302 3076 1386 3117 nova
1409 3057 1540 3118 miscere
1563 3056 1671 3136 possit,

314 3173 318 3182 '
398 3167 491 3225 haras
534 3165 713 3225 animalium
746 3165 889 3243 antiquas
921 3165 961 3224 ad
994 3161 1014 3222 3
1047 3164 1208 3223 clausuras
1250 3163 1380 3223 basibus
1418 3173 1449 3223 et
1487 3164 1675 3243 pavimentis

399 3280 491 3351 atque
515 3272 712 3351 reparatione
740 3271 925 3352 indigentes,
949 3291 1006 3350 pro
1030 3271 1195 3330 maialibus
1219 3271 1260 3330 ad
1291 3290 1385 3330 unam
1421 3272 1597 3331 clausuram
1620 3273 1674 3331 ha·

397 3398 464 3439 ram
488 3379 622 3438 extruxit
645 3398 743 3458 usque
768 3378 961 3458 superiorem
985 3385 1116 3456 partem,
1132 3397 1189 3456 pro
1213 3397 1276 3456 qua
1298 3379 1376 3438 hara
1399 3378 1528 3438 basibus
1550 3379 1624 3439 tecti
1644 3387 1676 3438 et

398 3486 503 3566 tignis,
537 3495 630 3564 atque
654 3467 835 3563 pauimento
865 3484 1035 3564 indigebit;
1067 3484 1140 3543 item
1165 3484 1299 3544 culinam
1322 3485 1397 3544 loris
1420 3485 1577 3564 inceptam
1609 3485 1675 3544 sine

398 3593 550 3670 superiori
581 3602 669 3671 parte
701 3601 766 3652 tota
798 3593 900 3666 habet,
932 3610 1030 3669 penes
1060 3592 1219 3651 fornacem
1249 3591 1316 3652 sine
1339 3593 1422 3652 bono
1446 3599 1538 3667 tecto,
1561 3601 1674 3672 puteus

396 3700 508 3759 nullius
532 3700 656 3775 valoris,
678 3700 774 3759 habet
796 3700 910 3759 robora
934 3696 954 3757 8
979 3699 1063 3778 apui
1086 3698 1222 3758 nobilem
1245 3698 1350 3758 Koosz
1375 3699 1571 3760 Michaelem.

503 3823 532 3885 6.
557 3827 632 3885 ltem
665 3824 781 3884 domini
815 3823 970 3902 capitanei
1003 3824 1168 3883 Vitlrovich
1199 3843 1357 3885 cameram
1380 3843 1496 3884 novam
1527 3825 1566 3884 ad
1597 3825 1676 3884 duas

397 3933 558 3992 clausuras
582 3931 648 3992 sine
672 3931 859 4012 pavimentis
884 3930 1063 3991 melioribus
1087 3939 1119 3990 et
1141 3931 1247 4010 portis.

504 4055 532 4117 7.
557 4059 591 4116 ln
615 4058 740 4117 deserto
764 4055 887 4116 loannis
911 4057 1001 4134 Bapt
1028 4055 1167 4115 Slrvorcz
1191 4065 1240 4115 est
1263 4057 1450 4117 domuncula
1474 4055 1581 4116 ruinae
1606 4075 1675 4134 pro·

397 4165 490 4237 xima,
514 4165 544 4224 in
562 4185 625 4244 qua
648 4165 794 4244 singarus
810 4163 970 4237 inhabitat,
987 4161 1029 4222 ibi
1045 4182 1108 4222 non
1124 4164 1303 4224 necessaria
1323 4164 1466 4243 praelata
1481 4164 1676 4224 domuncula.

504 4287 533 4348 8.
567 4289 688 4349 Nobilis
724 4288 881 4368 Georgius
917 4288 1075 4348 Kollarich
1110 4289 1206 4349 habet
1239 4289 1367 4349 domum
1402 4290 1563 4368 antiquam
1594 4289 1677 4349 circa

399 4396 514 4455 circum
538 4395 667 4456 basibus
691 4395 891 4475 indigentem,
916 4395 947 4453 in
971 4394 1079 4454 ultimo
1103 4395 1245 4455 cubiculo
1268 4396 1421 4476 indigebit
1444 4397 1597 4475 superiori
1621 4417 1674 4475 pa-

396 4503 542 4577 viment0,
566 4503 597 4562 in
621 4502 738 4562 ambitu
773 4521 835 4561 non
871 4503 966 4561 habet
1003 4502 1120 4561 bonum
1143 4511 1267 4563 tectum.
1303 4504 1459 4563 Horreum
1493 4503 1676 4583 biangulare

394 4630 467 4670 curn
491 4629 617 4670 camera
641 4609 768 4689 antiqua
792 4609 989 4687 reparatione
1021 4628 1128 4689 egens,
1162 4611 1257 4670 haras
1281 4629 1380 4670 novas
1405 4611 1445 4670 ad
1469 4611 1629 4670 clausuras
1654 4609 1674 4668 4

396 4717 427 4776 in
451 4717 596 4776 omnibus
628 4735 684 4794 pro
715 4736 797 4776 nunc
828 4715 980 4795 provisas,
1007 4734 1063 4793 pro
1088 4715 1200 4793 quibus
1224 4716 1399 4796 errigendis
1422 4725 1531 4776 mutuo
1556 4717 1676 4794 accepit

407 4844 426 4882 n
452 4824 616 4883 roboribus
645 4822 702 4898 10,
726 4843 806 4902 quae
837 4825 950 4883 robora
975 4843 1057 4882 nunc
1080 4822 1243 4883 restituere
1274 4825 1408 4896 debebit,
1441 4825 1599 4884 lomacem
1631 4825 1674 4902 pi·

401 4939 538 4991 stoream
563 4950 618 5010 per
642 4932 868 5011 negligentiam
893 4932 975 4992 bono
1003 4941 1084 4992 tecto
1116 4950 1178 4990 non
1207 4933 1375 5012 provisam,
1406 4941 1535 5010 puteum
1564 4933 1677 4993 nullius
