3934 5550
1538 452 1603 515 253

323 665 450 728 omnino
473 686 662 749 congressus
686 672 725 732 de
749 668 864 751 vigiliis
887 688 1012 750 quoque
1036 690 1099 732 non
1125 686 1226 741 secus,
1250 688 1344 747 quam
1368 669 1459 729 sicuti
1483 678 1601 730 restau-

323 774 451 835 rationis
482 782 621 856 tempore
653 796 759 839 comes
790 777 945 838 terrestris
980 778 1171 856 provisurus,
1195 784 1267 836 acta
1290 777 1501 856 caeteroquin,
1529 796 1602 837 con·

323 882 542 963 clusionesque
567 892 598 945 et
621 883 896 946 determinationes
928 884 1043 945 ibidem
1067 884 1198 958 fiendas,
1221 902 1332 944 omnes
1355 892 1387 943 et
1409 883 1524 963 singuli
1547 883 1601 942 ob·

323 1009 460 1067 servare,
482 991 635 1071 lactisque
652 1001 783 1053 eatenus
806 992 1061 1071 dispositionibus
1076 1000 1177 1053 semet
1192 990 1370 1051 omnimode
1387 991 1603 1066 accomodare,

323 1116 360 1158 ac
391 1096 429 1157 iis
459 1098 677 1178 obtemperare
709 1097 861 1174 noverint,
885 1106 915 1158 et
939 1118 1003 1159 non
1026 1098 1238 1159 intermittant.
1265 1098 1406 1176 Septimo
1430 1106 1461 1159 et
1485 1098 1601 1161 ultimo.

322 1206 430 1266 Palam
455 1214 503 1266 est
526 1214 558 1266 et
581 1214 705 1267 nostros
733 1214 899 1267 antenatus
923 1206 1063 1287 ipsorum
1087 1216 1118 1268 et
1141 1206 1236 1267 armis
1259 1206 1382 1267 nonnisi
1405 1205 1598 1267 nobilitatem

322 1312 380 1374 sibi
403 1312 645 1394 comparavisse,
669 1323 704 1374 ut
725 1314 856 1393 proinde
880 1314 1002 1375 illorum
1031 1315 1172 1395 vestigiis
1195 1314 1340 1375 nobilitas
1363 1314 1477 1393 Campi
1501 1314 1600 1373 Turo-

321 1416 428 1500 polya¹
453 1441 491 1482 eo
514 1423 698 1501 oportunius
724 1422 868 1484 insistere
890 1423 999 1503 possit,
1023 1442 1153 1483 necesse
1178 1429 1233 1498 est,
1258 1430 1291 1482 ut
1314 1422 1442 1502 quilibet
1465 1422 1496 1481 in
1520 1422 1603 1481 dicto

321 1528 444 1607 Campo
468 1530 589 1610 degens
613 1536 643 1590 et
667 1548 873 1605 commorans,
907 1530 938 1589 in
968 1529 1258 1609 fratemitatemque
1290 1536 1477 1607 assumptus,
1508 1528 1602 1588 armis

321 1644 351 1697 et
375 1636 489 1696 vestitu
522 1637 669 1697 decenter
702 1637 847 1715 provisus
875 1638 922 1711 sit,
947 1656 984 1697 ac
1008 1646 1042 1697 ut
1065 1655 1122 1716 pro
1145 1637 1229 1698 omni
1253 1645 1369 1697 eventu
1392 1646 1423 1697 et
1447 1656 1523 1697 casu
1548 1637 1601 1696 ad·

320 1764 431 1805 versus
454 1764 683 1824 quemcumque
707 1746 804 1806 nostri
828 1746 1062 1807 clementissimi
1093 1746 1216 1807 hostem
1238 1746 1412 1827 insurgere,
1436 1754 1467 1805 et
1490 1764 1600 1824 oppor-

320 1862 393 1913 tune
429 1852 548 1913 servire
583 1854 696 1927 valeat,
729 1872 912 1934 congruum,
948 1854 1225 1933 necessariumque
1260 1852 1326 1928 erit,
1361 1861 1516 1932 quatenus
1546 1871 1603 1930 per

319 1960 465 2021 comitem
497 1968 677 2021 terrestrem
710 1969 764 2021 aut
795 1980 866 2021 cum
895 1961 1038 2021 eiusdem
1061 1962 1182 2021 indultu
1205 1961 1299 2022 etiam
1323 1980 1380 2039 per
1402 1960 1601 2039 capitaneum

319 2068 392 2129 dicti
416 2068 529 2147 Campi
553 2069 734 2148 Turopolya
757 2070 923 2149 quotannis
957 2070 1122 2149 aliquoties
1145 2070 1176 2129 in
1199 2070 1300 2130 forma
1324 2071 1440 2129 lustrae
1464 2087 1601 2128 commu·

319 2175 400 2236 nitas
424 2184 627 2255 congregata,
652 2176 683 2235 in
707 2176 860 2237 exercitiis
877 2176 1061 2236 militaribus
1076 2177 1247 2237 instruatur
1271 2184 1302 2237 et
1325 2176 1493 2239 enrdiatur.
1507 2175 1602 2252 Quae

320 2284 465 2343 universa
501 2293 533 2344 et
563 2284 687 2365 singula
717 2292 809 2364 prout
834 2284 938 2346 animo
970 2303 1008 2345 ac
1041 2285 1158 2345 motivo
1181 2286 1304 2346 nonnisi
1328 2304 1375 2360 eo,
1399 2293 1433 2345 ut
1455 2282 1601 2344 videlicet

319 2390 450 2465 debitus,
482 2391 668 2472 legibusque
699 2400 730 2451 et
761 2392 899 2451 moribus
925 2392 1093 2452 contomnis
1117 2393 1194 2453 ordo
1218 2393 1249 2453 in
1273 2392 1449 2471 praefatum
1472 2410 1597 2470 quoque

318 2498 474 2577 Campum
499 2498 669 2577 Turopolia
691 2498 864 2573 inducatur,
888 2500 1034 2579 idemque
1059 2500 1246 2561 successivis
1266 2518 1391 2579 semper
1406 2498 1599 2577 temporibus

317 2625 373 2685 pro
408 2606 645 2667 conservatione
683 2607 887 2685 ipsorummet
925 2608 1115 2667 contratrum
1151 2616 1182 2669 et
1216 2626 1433 2669 successonrm
1469 2626 1596 2667 suorum

318 2733 409 2774 suum
433 2713 581 2776 sortiatur
595 2714 830 2791 incrementum,
847 2724 976 2795 paterne
1002 2736 1038 2777 ac
1062 2717 1144 2778 serio
1165 2717 1324 2778 declarata
1348 2717 1385 2779 iis
1409 2715 1597 2791 intimamus,

316 2823 360 2883 ita
383 2841 471 2901 spem
494 2823 584 2883 nobis
607 2823 789 2902 pollicemur
820 2824 1040 2902 firmissimam,
1072 2825 1155 2905 quod
1180 2845 1237 2904 pro
1261 2825 1474 2887 consolatione
1503 2823 1598 2884 etiam

308 2939 432 3005 nostra,
465 2930 516 3009 qui
549 2931 609 2990 boc
639 2932 722 2991 lacto
746 2931 824 3008 iura,
856 2930 1052 3009 potissimum
1076 2941 1108 2992 et
1131 2933 1294 3014 privilegia
1327 2951 1434 2992 eorum
1465 2931 1545 2992 tueri
1569 2939 1600 2991 et

317 3056 506 3098 conservare
537 3037 679 3112 nitemur,
710 3039 955 3118 praedeclaratis
987 3040 1242 3119 dispositionibus
1273 3041 1387 3101 nostris
1421 3041 1599 3100 omnimode

317 3153 348 3204 et
371 3153 481 3204 exacte
513 3153 613 3206 semet
643 3146 704 3206 sint
733 3146 963 3210 conformaturi.
995 3149 1037 3210 Ut
1068 3149 1198 3226 proinde
1221 3149 1409 3209 iudicatibus
1432 3147 1594 3219 universis,

315 3251 433 3332 totique
469 3253 683 3314 communitati
722 3255 917 3334 praeinserta
951 3255 1003 3334 pia
1039 3255 1169 3316 intentio
1204 3265 1236 3316 et
1270 3266 1402 3335 patema
1436 3255 1598 3334 dispositio

316 3367 422 3420 nostra
453 3367 540 3421 tanto
571 3361 747 3424 evidentius
779 3369 924 3422 constare
955 3363 1062 3442 possit,
1095 3383 1252 3442 nemoque
1280 3383 1318 3424 ex
1343 3362 1598 3425 confraternitate

315 3468 497 3545 reperiatur,
521 3467 574 3548 qui
598 3488 669 3528 eam
693 3488 755 3530 non
776 3469 963 3530 intellexisse
981 3471 1030 3530 vel
1048 3469 1206 3531 audivisse
1220 3471 1302 3531 iusto
1319 3471 1474 3550 querulari
1491 3470 1598 3549 possit,

316 3574 388 3636 binc
423 3575 613 3651 ordinamus,
648 3585 682 3637 ut
717 3597 824 3638 comes
860 3578 1017 3638 terrestris
1053 3579 1225 3658 saepedicti
1260 3579 1374 3658 Campi
1408 3578 1598 3656 Turopolya,

314 3682 520 3761 praemissam
552 3683 789 3763 dispositionem
821 3693 960 3746 nostram
996 3705 1052 3765 per
1075 3686 1230 3746 notarium
1266 3686 1400 3746 describi
1424 3705 1542 3763 curare,
1566 3694 1597 3746 et

314 3789 371 3849 sub
395 3790 661 3851 authenticatione
684 3799 748 3851 tam
772 3792 846 3852 dicti
870 3792 992 3852 comitis
1016 3793 1172 3852 terrestris
1196 3812 1292 3872 quam
1320 3802 1351 3853 et
1386 3793 1507 3867 notarii,
1531 3793 1594 3853 cui·

313 3896 388 3957 libet
410 3897 558 3958 iudicatui
590 3897 770 3978 singillatim
804 3900 978 3976 extradare,
1011 3909 1043 3960 et
1066 3919 1122 3978 pro
1147 3901 1386 3961 conservatione
1411 3921 1449 3961 ac
1473 3902 1594 3981 regula-

312 4005 395 4064 tione
420 4005 614 4085 singulorum
639 4005 750 4066 iisdem
775 4008 1006 4067 communicare
1034 4008 1149 4068 debeat
1181 4027 1219 4067 ac
1249 4016 1400 4071 teneatur.
1426 4011 1540 4069 Datum
1564 4008 1595 4068 in

312 4111 409 4172 libera
434 4112 584 4192 regiaque
608 4112 734 4173 civitate
765 4113 881 4173 Montis
914 4114 1106 4174 Graecensis
1137 4115 1369 4195 Zagrabiensis,
1401 4115 1450 4176 die
1482 4125 1594 4176 octava

312 4218 428 4278 mensis
451 4219 534 4293 iunii,
559 4236 642 4280 anno
666 4220 783 4280 domini
808 4220 971 4280 millesimo
995 4221 1277 4302 septingentesimo
1300 4223 1462 4303 trigesimo
1478 4222 1595 4303 quinto.

401 4361 517 4422 Comes
541 4363 691 4441 Iosephus
715 4363 907 4441 Eszterhazy
930 4384 971 4430 m.
994 4385 1023 4444 p.

1103 4511 1288 4572 Frauciscus
1312 4513 1434 4592 Balogh
1458 4531 1497 4573 m.
1521 4531 1550 4589 p.

416 4645 562 4718 Originale
590 4648 780 4718 chartaceum,
799 4651 900 4703 subtus
920 4665 1088 4718 appressum
1109 4657 1154 4704 est
1172 4651 1294 4722 sigillum
1322 4653 1397 4707 bani.
1422 4654 1454 4705 ln
1480 4653 1594 4706 archivo

310 4751 452 4790 commun.
464 4738 530 4791 nob.
547 4738 583 4793 de
602 4738 764 4810 Turopolje.
784 4769 817 4777 -
837 4739 986 4810 Palugyay,
1002 4739 1141 4794 Trtrmezd
1160 4757 1223 4811 pag.
1243 4741 1286 4794 39.
1307 4741 1400 4811 (valde
1419 4758 1525 4796 eronee
1544 4758 1594 4810 pu·

311 4824 466 4892 blicatum).

421 4949 428 4978 ¹
447 4951 496 5006 sic.
