3934 5550
386 394 451 455 260

385 616 490 669 rentur
513 610 630 686 literae,
654 629 691 694 ex
716 611 886 671 earundem
910 610 1001 689 copia
1024 610 1241 689 praesentibus
1264 610 1385 670 inclusa
1400 610 1579 689 spectabilis
1603 610 1657 670 do-

384 715 467 777 mine
489 716 585 777 frater
608 715 715 778 videre
740 718 859 796 poterit,
894 718 926 777 in
961 717 1177 779 conformitate
1208 737 1341 798 quarum
1376 716 1538 796 oppositus
1572 716 1663 797 regni

385 822 532 883 articulus
556 843 631 884 casu
655 825 789 885 necdum
813 844 851 885 ex
874 826 953 886 meis
976 825 1129 885 continuis
1150 823 1407 899 itinerationibus,
1425 825 1496 885 albo
1512 823 1603 905 regni
1620 824 1665 883 in·

384 938 487 991 sertus
510 932 666 1003 existeret,
690 932 770 993 scire
794 933 896 993 minus
920 952 1058 1012 possum,
1082 940 1208 1012 quottus
1231 933 1263 993 in
1287 933 1395 993 ordine
1427 931 1598 1005 obveniret,
1634 932 1665 991 in

385 1039 518 1101 eundem
543 1058 581 1099 ex
605 1040 684 1100 meis
706 1040 751 1101 ita
774 1050 805 1100 et
828 1059 969 1102 meorum
1002 1040 1240 1101 amanuensium
1276 1040 1411 1119 copiosis
1444 1040 1477 1099 in
1511 1040 1662 1113 moderno

384 1145 600 1224 praecipitanti
623 1147 778 1208 Viennam
803 1146 888 1207 abitu
912 1148 1026 1208 habitis
1057 1148 1192 1229 negotiis
1216 1156 1248 1208 et
1270 1146 1535 1226 occupationibus,
1560 1147 1663 1209 sciens

384 1254 518 1314 eundem
543 1254 665 1315 aliunde
689 1255 732 1315 nil
755 1256 823 1333 plus
847 1276 942 1334 quarn
966 1256 1047 1317 hanc
1071 1255 1179 1316 literae
1203 1256 1326 1335 copiam
1343 1275 1381 1315 ac
1397 1255 1564 1316 instantiae
1588 1276 1660 1320 exe·

384 1361 539 1421 cntionem
563 1381 657 1441 posse
680 1362 821 1423 cenferre
845 1381 901 1441 pro
924 1382 1007 1423 nunc
1023 1362 1109 1423 haud
1132 1362 1307 1441 suppedito,
1331 1380 1440 1423 verum
1456 1362 1487 1421 in
1504 1381 1575 1422 meo
1593 1362 1664 1422 red·

383 1468 458 1545 ditu,
482 1468 508 1527 si
532 1469 710 1546 spectabilis
733 1468 877 1529 dominus
908 1470 1005 1529 frater
1028 1488 1101 1530 eum
1134 1469 1252 1529 habere
1287 1468 1522 1544 desideraverit,
1557 1469 1663 1529 adma-

384 1594 481 1635 nuare
495 1575 582 1636 haud
606 1596 674 1637 sum
699 1576 939 1638 intermissurus.
956 1577 1078 1654 Quibus
1101 1596 1151 1637 me
1168 1575 1392 1655 expertissimis
1408 1575 1552 1635 fraternis
1569 1576 1663 1637 affec·

382 1681 463 1741 tibus
488 1690 520 1742 et
541 1681 702 1743 favoribus
716 1686 857 1743 ultronee
880 1684 1017 1764 resigno,
1041 1692 1072 1744 et
1096 1702 1209 1744 maneo
1225 1682 1404 1763 spectabilis
1419 1682 1536 1743 domini
1554 1681 1659 1743 fratris

383 1808 493 1849 servus
517 1788 771 1870 obligatissimos

1106 1916 1272 1979 Balthasar
1295 1915 1498 1976 Bedekovich
1521 1935 1561 1977 m
1585 1935 1614 1994 p.

490 2005 559 2085 Big,
587 2003 634 2067 18.
659 2006 794 2066 octobris
822 2004 915 2069 1736.

491 2126 645 2197 Originale.
682 2129 713 2182 ln
738 2129 853 2184 archivo
878 2146 1020 2185 commun.
1046 2129 1131 2184 nobil.
1152 2130 1197 2184 de.
1216 2129 1379 2201 Turopolje.

487 2612 578 2672 Anno
607 2611 698 2676 1736.
724 2612 774 2674 25.
799 2614 943 2679 octobris.
966 2616 1001 2673 ln
1026 2614 1217 2680 Verbovecz,

382 2803 502 2868 Comes
524 2805 719 2870 Alacamler
742 2807 930 2871 Potaclzich
953 2813 1059 2892 super
1080 2810 1252 2875 solutione
1281 2816 1380 2877 faxue
1407 2829 1472 2894 500
1489 2812 1575 2897 flor.
1595 2819 1662 2896 pro

379 2932 464 2976 trono
478 2911 591 2998 sigillo
615 2913 875 2978 communitatis
900 2913 1024 2998 Campi
1052 2916 1243 3002 Turopolya
1266 2919 1496 3004 quietantiam
1512 2924 1660 2986 antolini.

485 3109 703 3189 infrascriptos
735 3131 930 3192 recognosco
962 3134 1019 3193 per
1053 3125 1245 3194 praesentes,
1269 3118 1353 3197 quod
1377 3137 1394 3179 a
1419 3120 1581 3198 spectabili
1604 3122 1658 3181 do·

378 3217 464 3277 mino
487 3218 689 3298 sigismundo
717 3220 863 3279 Skerlecz
888 3221 1027 3297 rtitulus),
1051 3242 1113 3302 qua
1137 3223 1250 3284 comite
1273 3226 1412 3286 terrestri
1429 3227 1553 3289 inclitae
1577 3248 1661 3290 com-

379 3324 537 3384 munitatis
568 3325 716 3385 nobilium
749 3326 862 3405 Campi
893 3325 1082 3406 Turopolya,
1113 3339 1219 3390 taxam
1251 3351 1307 3410 pro
1339 3353 1421 3393 novo
1445 3334 1547 3415 sigillo
1571 3336 1660 3417 regio

378 3431 574 3509 impetrando
598 3433 788 3512 requisitam,
812 3443 843 3494 et
867 3435 1010 3495 excelsae
1026 3437 1232 3498 cancellariae
1255 3439 1364 3519 regiae
1388 3441 1509 3502 aulicae
1529 3444 1660 3524 Hunga·

380 3539 463 3598 ricae
494 3540 667 3614 cedentem,
696 3560 766 3600 cum
799 3542 942 3602 omnibus
975 3544 1159 3604 accessoriis
1188 3565 1405 3624 expensarum,
1430 3550 1475 3609 sic
1508 3559 1539 3610 et
1569 3551 1662 3630 sigilli

380 3646 471 3706 huius
502 3647 674 3726 sculptione
699 3650 904 3727 procuranda,
930 3651 961 3710 in
992 3652 1111 3730 paratis
1137 3653 1278 3732 pecuniis
1301 3673 1414 3734 nempe
1439 3655 1504 3717 500
1528 3659 1566 3733 fl,
1591 3660 1661 3719 dico

380 3753 568 3833 quingentos
592 3757 727 3815 florenos
743 3758 933 3832 Rhenenses,
958 3759 998 3818 ad
1022 3777 1134 3819 manus
1148 3778 1237 3821 meos
1261 3761 1317 3822 rite
1341 3763 1520 3826 levaverim.
1545 3765 1659 3825 Actum

380 3862 410 3921 in
435 3862 627 3937 Verbovecz,
651 3865 701 3924 die
726 3863 778 3925 25.
801 3865 937 3925 octobris
966 3863 1058 3928 1736.

977 4011 1095 4072 Comes
1119 4013 1296 4074 Alexander
1321 4016 1500 4092 Patachych
1524 4036 1564 4080 m.
1588 4037 1616 4095 p.

488 4149 634 4219 Originale
658 4151 847 4216 chartaceum,
872 4153 974 4206 subtus
999 4153 1090 4223 (nigra
1114 4153 1191 4221 cera)
1217 4172 1385 4223 oppressum
1411 4155 1541 4226 sigillum.
1572 4158 1603 4210 ln
1622 4174 1664 4212 ar·

382 4239 465 4293 chivo
483 4247 625 4293 commun.
645 4241 710 4294 nob.
730 4242 766 4294 dc
785 4241 946 4314 Turopoljc.
