3934 5550
1512 418 1576 481 347

405 632 456 696 34.
481 634 617 694 Mathias
641 635 777 694 Luehich
802 635 909 695 Grano
932 635 1042 711 dictus,
1067 635 1161 696 babet
1185 634 1360 696 cubiculum
1384 645 1415 695 et
1441 635 1576 696 culinam

298 753 347 804 sat
370 743 583 817 commodam3
601 744 675 805 item
698 743 840 803 harulam
865 763 960 802 unam
977 763 1074 822 penes
1100 744 1234 804 culinam
1251 763 1308 822 pro
1321 744 1445 804 duabus
1462 744 1573 816 vaccis,

299 852 459 912 tornacem
483 852 597 912 bonam
621 851 791 929 pistoream
815 860 898 911 tecto
921 851 1125 931 indigentem.

404 957 456 1022 35.
479 959 630 1037 Iosephus
653 957 790 1018 Luehich
813 957 992 1018 Sikutorovi
1008 958 1118 1030 dictus,
1135 959 1229 1019 habet
1245 960 1371 1020 domum
1389 958 1504 1020 bonam
1520 960 1570 1020 ba·

297 1069 383 1129 sibus
407 1066 608 1148 indigentem,
631 1085 687 1144 pro
711 1066 823 1145 quibus
847 1067 907 1126 iam
933 1066 1062 1126 arbores
1095 1067 1249 1147 aquisivit,
1280 1069 1425 1128 horreum
1457 1068 1569 1127 bonun

299 1177 393 1235 haras
425 1175 525 1234 bonas
556 1175 735 1252 pavimento
759 1173 936 1253 indigentes
960 1173 1096 1233 inferiori
1121 1174 1152 1234 in
1176 1175 1279 1254 aliqua
1303 1185 1401 1254 parte,
1417 1195 1575 1236 cameram

299 1302 355 1362 pro
379 1282 533 1342 frumento
558 1282 682 1347 bonam,
707 1280 883 1340 camerulas
906 1280 964 1339 sub
990 1301 1052 1340 uno
1076 1290 1159 1342 tecto
1183 1281 1322 1360 privatas
1337 1283 1462 1343 loannis
1485 1284 1574 1360 Bapt

297 1391 457 1470 Stephani,
482 1390 653 1464 Michaelis,
667 1387 793 1449 alterius
811 1388 934 1449 loannis
953 1389 1044 1467 Bapt.
1060 1389 1196 1465 iunioris,
1212 1399 1243 1450 et
1259 1390 1464 1450 domesticam
1480 1409 1575 1450 unam

298 1517 395 1577 penes
420 1499 565 1572 domum;
590 1498 663 1558 item
688 1497 846 1556 camerula
870 1497 991 1575 privata
1017 1497 1139 1575 losephi
1172 1517 1235 1558 una
1265 1499 1357 1574 bona,
1391 1500 1502 1558 domus
1533 1497 1579 1557 fa·

299 1606 384 1665 brilis
408 1625 470 1664 una
494 1613 577 1665 tecto
601 1605 755 1684 indigene,
778 1603 937 1662 lomacem
962 1603 1130 1680 pistoream
1154 1605 1279 1666 bonam.

405 1711 456 1774 36.
479 1713 600 1772 Nobilis
624 1712 772 1771 Nicolaus
796 1712 971 1772 Berkovich
1004 1713 1099 1772 babet
1129 1713 1256 1773 domurn
1287 1714 1402 1774 bonam
1435 1714 1491 1773 sed
1522 1731 1579 1791 pro

296 1822 413 1881 lamilia
437 1839 494 1881 sua
518 1827 685 1900 angustam
717 1828 748 1879 et
778 1827 861 1879 tecto
885 1819 916 1878 in
940 1820 1045 1899 aliqua
1068 1829 1156 1899 parte
1180 1822 1399 1896 necessariam,
1431 1822 1578 1881 horreum

297 1932 412 1990 bonurn
438 1929 541 2008 aliqua
565 1948 601 1988 ex
626 1937 714 2006 parte
747 1936 829 1987 tecto
863 1927 1017 2008 indigens,
1041 1929 1135 1989 haras
1158 1930 1257 1990 bonas
1289 1930 1468 2010 pavimento
1501 1930 1576 1989 inle-

296 2037 370 2098 riori
394 2037 579 2116 indigentes,
604 2054 762 2095 cameram
787 2053 880 2094 unam
905 2054 1021 2095 novam
1045 2038 1159 2096 bonam
1183 2045 1303 2098 tantum
1328 2037 1507 2115 pavimento
1532 2037 1575 2096 in-

297 2145 393 2226 diget,
416 2144 554 2223 privatas
578 2162 720 2203 cameras
743 2142 840 2202 habet
862 2141 892 2216 4,
917 2158 953 2203 ex
979 2144 1091 2222 quibus
1116 2163 1178 2203 una
1208 2145 1329 2204 Nicolai
1354 2145 1490 2223 antiqua,
1517 2144 1578 2203 alia

297 2254 437 2312 Helenae
461 2251 574 2311 viduae
598 2251 738 2310 Mathiae
772 2250 945 2328 mediocris,
969 2248 999 2313 3.
1027 2250 1172 2312 Andreae
1198 2252 1335 2331 antiqua,
1365 2250 1393 2313 4,
1419 2251 1578 2329 Stephani,

299 2379 392 2438 quam
416 2358 542 2418 novitus
565 2367 725 2418 exstruere
749 2357 864 2436 incepit
887 2357 989 2417 adhuc
1012 2377 1075 2418 non
1098 2358 1285 2420 terminavit

404 2464 455 2526 37.
479 2466 586 2526 Simon
611 2465 749 2526 Luehich
774 2465 890 2544 Bislrup
913 2465 1015 2538 zvani,
1050 2467 1177 2526 domum
1212 2467 1308 2527 habet
1337 2467 1453 2527 bonam
1486 2485 1578 2526 secus

299 2592 355 2652 pro
378 2593 437 2634 sua
460 2574 576 2634 familia
601 2581 778 2653 angustam,
800 2574 947 2634 horreum
970 2573 1086 2633 bonum
1119 2583 1202 2634 tecto
1236 2574 1392 2634 assericeo
1422 2574 1577 2654 indigens,

297 2683 391 2742 haras
414 2682 614 2762 biangulares
637 2681 737 2740 bonas
760 2699 869 2756 novas,
893 2699 1051 2740 cameram
1081 2699 1175 2740 unam
1199 2699 1256 2759 pro
1281 2681 1436 2742 frumento
1453 2682 1578 2756 bonam,

297 2793 392 2851 haras
425 2790 569 2870 antiquas
604 2789 771 2867 maialium,
796 2790 986 2849 camerulam
1009 2788 1094 2848 haris
1117 2789 1299 2870 contiguam
1322 2809 1379 2868 pro
1402 2790 1503 2850 latina
1518 2790 1576 2849 ba·

297 2899 384 2959 sibus
407 2898 625 2978 ,indigentem3
655 2897 730 2957 item
763 2915 921 2956 cameram
953 2915 1050 2974 penes
1081 2896 1208 2956 domum
1239 2897 1382 2957 fabrilem
1414 2898 1573 2976 antiquam

300 3015 368 3065 utut
403 3006 527 3081 bonam,
550 3024 648 3083 penes
683 3005 809 3063 domum
847 3004 1008 3064 chardaka
1040 3004 1170 3083 Georgii
1204 3004 1348 3084 superius
1383 3014 1414 3064 et
1447 3003 1576 3063 inferius

296 3112 421 3172 loannis
445 3112 566 3191 Evang.
592 3120 623 3169 et
646 3110 765 3170 Nicolai
790 3112 934 3189 superius
958 3119 989 3170 et
1012 3110 1148 3187 inferius,
1171 3110 1307 3171 Simonis
1331 3111 1389 3170 sub
1409 3130 1473 3171 uno
1491 3118 1575 3170 tecto

295 3220 444 3299 contigua
467 3220 565 3293 bona;
589 3218 662 3278 item
687 3214 775 3283 Pauli
799 3218 982 3298 inspectoris
1018 3220 1177 3278 chardalra
1201 3238 1282 3280 nova
1302 3218 1404 3293 bona;
1427 3218 1500 3279 item
1526 3237 1577 3278 ca·

294 3330 414 3389 merula
438 3326 561 3406 losephi
582 3328 682 3401 bona;
705 3325 779 3386 item
809 3327 960 3404 Stephani
983 3327 1141 3387 camerula
1166 3326 1293 3407 antiqua
1316 3334 1400 3387 tecto
1423 3325 1576 3405 indigens,

296 3456 352 3515 pro
376 3452 439 3515 quo
462 3443 546 3495 tecto
570 3434 632 3495 iam
657 3433 803 3513 aquisivit
826 3435 971 3507 arbores3
996 3434 1069 3494 item
1093 3434 1251 3495 camerula
1267 3433 1361 3494 Blasii
1377 3433 1476 3508 bona;
1499 3434 1573 3493 item

294 3528 419 3604 loannis
445 3552 475 3601 et
492 3542 613 3603 Nicolai
630 3542 910 3621 suprascriptorum
925 3542 1083 3602 camerula
1106 3542 1205 3617 bona;
1237 3542 1310 3602 item
1333 3542 1434 3601 Marci
1459 3550 1489 3601 et
1506 3542 1574 3601 Ste-

296 3650 390 3729 phani
415 3651 573 3709 camerula
597 3648 674 3708 satis
697 3649 789 3721 bona,
806 3648 837 3707 in
861 3667 922 3726 qua
947 3648 1043 3708 etiam
1065 3649 1175 3709 fornax
1206 3658 1324 3723 exstat3
1355 3649 1428 3709 item
1453 3649 1576 3727 priuata

298 3758 409 3817 domus
433 3756 551 3816 labrilis
574 3756 662 3815 Pauli
686 3753 887 3833 inspectoris3
910 3754 983 3813 item
1009 3755 1121 3815 domus
1145 3755 1261 3816 labrilis
1284 3756 1421 3816 Simonis
1453 3756 1575 3834 privata

296 3872 452 3941 utcunque
476 3862 559 3923 bona
583 3862 650 3921 sine
674 3861 756 3922 bono
780 3869 876 3935 tecto;
900 3860 974 3921 item
1010 3862 1185 3921 macellaris
1220 3864 1378 3922 camerula
1401 3862 1575 3925 mediocris

402 3966 453 4031 38.
477 3970 609 4028 loannes
633 3968 754 4047 Evang.
790 3966 973 4027 Chunchich
999 3966 1165 4029 Cherchek
1187 3969 1296 4043 dictus,
1321 3970 1417 4029 habet
1447 3970 1575 4030 domum

297 4078 411 4136 bonum
437 4084 521 4136 tecto
544 4074 746 4155 indigentem,
770 4076 916 4134 horreum
939 4075 1099 4137 mediocre
1121 4075 1249 4135 basibus
1266 4075 1411 4155 indigens
1427 4086 1458 4136 et
1474 4086 1573 4154 porta,

296 4184 389 4243 haras
426 4182 599 4242 mediocres
643 4182 841 4260 reparatione
882 4181 1095 4255 necessarias;
1138 4182 1211 4242 item
1246 4182 1436 4243 chardakam
1481 4202 1575 4243 unam

296 4292 402 4349 ruinae
427 4286 599 4368 proximam
617 4290 710 4349 etiam
735 4289 766 4348 in
791 4289 894 4366 aliqua
918 4297 1006 4368 parte
1031 4289 1197 4361 detectam,
1220 4308 1301 4367 quae
1326 4291 1374 4349 vel
1400 4290 1492 4350 vendi
1520 4290 1573 4349 de-

296 4398 393 4473 beret,
418 4398 466 4456 vel
492 4396 582 4457 alicui
608 4397 667 4456 alio
693 4395 835 4455 aedificio
859 4396 961 4475 magis
985 4395 1164 4455 necessario
1196 4396 1348 4474 adaptari,
1377 4397 1504 4456 domum
1528 4396 1571 4456 sa·

296 4504 405 4564 brilem
429 4502 588 4595 antiquam
612 4513 694 4564 tecto
719 4503 920 4583 indigentem.

403 4609 455 4673 39.
480 4612 615 4672 Michael
639 4612 824 4672 Chunchich
849 4611 981 4690 Spolyar
1005 4612 1105 4685 zvani,
1129 4610 1255 4672 domum
1274 4610 1447 4670 nonhabet
1466 4630 1574 4670 verum

298 4721 328 4779 in
352 4698 437 4779 haris
461 4720 526 4779 suis
549 4700 668 4779 habitat
691 4720 790 4794 bonis,
807 4728 971 4799 praeterea
996 4720 1123 4778 domum
1146 4719 1287 4779 fabrilem
1314 4738 1461 4778 unacum
1479 4720 1574 4779 domo

297 4828 461 4887 ellaborari
486 4828 619 4905 incepta,
643 4846 725 4906 quae
749 4828 851 4887 adhuc
875 4846 994 4907 magna
1016 4827 1214 4904 reparatione
1230 4827 1358 4903 indiget.

402 4934 454 4997 40.
480 4936 616 4994 Michael
639 4934 821 4994 Chunchich
847 4934 1055 4993 Thomassevi
1079 4934 1189 5010 dictus,
1220 4935 1314 4993 habet
1338 4935 1464 4993 domum
1489 4953 1571 4993 corn·
