3934 5550
984 637 1059 711 07.
1157 680 1161 687 ·

491 844 582 899 Anno
611 836 703 901 1628.
728 839 757 901 5.
781 839 864 899 iunii.
888 840 1022 919 Pragae.

490 1034 705 1094 Ferdinandus
730 1036 764 1095 ll.
790 1034 973 1113 Hungariae
999 1043 1056 1095 etc.
1080 1052 1144 1107 rex,
1169 1034 1328 1092 Andream
1346 1033 1512 1093 Franetich
1537 1035 1664 1108 (Frane-

382 1143 499 1219 thych)‚
524 1161 561 1201 ac
585 1162 640 1220 per
664 1162 735 1201 euin
761 1142 952 1201 Dorotheum
978 1142 1164 1218 Mathesych
1189 1160 1327 1213 uxorem,
1352 1160 1390 1199 ac
1413 1142 1578 1201 Nicolaum
1605 1144 1662 1200 Ba-

382 1250 490 1308 horich
515 1250 639 1309 affinem
669 1250 749 1347 eius,
781 1250 811 1308 in
846 1259 970 1309 coetum
1002 1249 1149 1308 nobilium
1184 1250 1323 1323 assumit,
1354 1249 1462 1327 eisque
1492 1268 1580 1308 arma
1612 1269 1667 1307 sen

383 1357 550 1416 nobilitatis
574 1358 710 1437 insignia
734 1356 861 1417 confert.

491 1465 671 1525 Publicatae
696 1474 768 1525 sunt
798 1466 858 1525 hae
890 1466 998 1524 literae
1030 1463 1210 1524 nobilitares
1234 1464 1265 1523 in
1297 1465 1437 1543 generali
1469 1464 1559 1544 regni
1593 1484 1664 1524 con-

384 1574 570 1653 gregatione
594 1574 771 1653 Zagrabiae
796 1593 823 1633 a.
852 1569 943 1633 1630.
972 1571 1020 1632 14.
1045 1571 1184 1632 ianuarii.

490 1694 634 1765 Originale
654 1696 877 1760 membraneum,
893 1697 1038 1763 appendet
1050 1694 1180 1765 sigillum.
1194 1695 1279 1761 Apud
1292 1695 1358 1747 nob.
1371 1694 1517 1748 Nicolaum
1531 1694 1664 1760 Sedmalr‚

384 1785 411 1836 in
431 1783 530 1851 Super.
550 1784 682 1837 Lukavec
701 1784 752 1838 No.
772 1784 797 1837 9.
819 1814 850 1820 -
870 1784 1024 1850 Vitezovit‚
1051 1783 1206 1853 mjesecnilr
1236 1800 1267 1836 za
1295 1784 1482 1853 genealogiju,
1507 1784 1665 1854 biografiju‚

382 1872 529 1926 heraldiku
549 1873 557 1924 i
576 1872 740 1944 stragistiku
759 1874 778 1925 l.
799 1889 862 1943 pag.
883 1872 944 1926 135.

494 2394 587 2455 Anno
616 2392 708 2456 1631.
733 2392 785 2456 20.
808 2393 965 2457 lebruarii.
989 2394 1139 2454 Viennae.

492 2610 707 2668 Ferdinandus
732 2610 765 2669 ll.
776 2586 777 2589 Ἴ
790 2610 973 2687 Hungariae
996 2618 1053 2669 ete.
1076 2628 1141 2685 rex,
1157 2609 1294 2669 nobilem
1310 2610 1472 2669 Matheum
1489 2610 1665 2683 Klinouich,

389 2736 426 2777 ac
450 2734 506 2796 per
530 2736 601 2776 eum
625 2718 772 2777 Ioannem
797 2717 933 2790 fratrem,
958 2716 1143 2777 Katarinam
1167 2725 1199 2778 et
1229 2718 1382 2777 Helenam
1419 2718 1584 2778 Klinouicb
1617 2738 1665 2778 so·

387 2843 474 2884 rores
499 2824 575 2901 eius,
599 2826 701 2884 denuo
725 2825 756 2884 in
781 2834 903 2884 coetum
928 2825 1077 2884 nobilium
1102 2825 1241 2898 assumit,
1266 2826 1373 2903 eisque
1408 2845 1495 2885 arma
1530 2846 1586 2885 seu
1620 2827 1664 2886 in·

385 2932 487 3012 signia
511 2932 679 2991 nobilitatis
704 2932 831 2992 confert.

491 3039 673 3099 Publicatae
698 3050 770 3099 sunt
800 3041 860 3098 hae
893 3040 1001 3099 literae
1032 3039 1213 3099 nobilitares
1237 3040 1267 3098 in
1297 3040 1438 3119 generali
1470 3040 1559 3119 regni
1591 3059 1664 3099 con·

385 3147 571 3228 gregatione
595 3147 772 3227 Zagrabiae
797 3167 823 3208 a.
852 3144 943 3206 1632.
973 3146 1021 3209 12.
1044 3147 1116 3206 iulii.

492 3288 638 3359 Originale
658 3289 881 3354 membraneum,
902 3289 1046 3356 appendet
1066 3288 1196 3358 sigillum.
1216 3289 1300 3356 Apud
1320 3289 1386 3341 nob.
1411 3287 1587 3356 Stephanum
1607 3291 1665 3344 Kli-

385 3380 477 3444 novid‚
496 3379 579 3432 lnler.
599 3379 753 3432 lnmnicae
773 3379 823 3432 No.
843 3379 885 3432 59.
908 3408 938 3415 -
958 3379 1112 3442 Vitezovic,
1132 3379 1288 3448 mjesecnilr
1308 3395 1339 3430 za
1352 3380 1539 3449 genealogiju‚
1552 3381 1665 3450 biogra-

386 3469 432 3538 liju
453 3477 507 3522 etc.
527 3470 547 3521 l.
567 3485 631 3539 pag.
652 3469 703 3522 172

492 3989 584 4049 Anno
613 3986 705 4051 1631.
729 3986 759 4051 6.
783 3989 893 4048 martii.
918 3988 1070 4050 Viennae.

491 4184 707 4245 Ferdinandus
730 4184 764 4244 ll.
789 4184 972 4262 Hungariae
997 4192 1054 4243 etc.
1079 4203 1142 4260 rex,
1166 4185 1331 4246 Nicolaum
1362 4188 1530 4265 Stepanits‚
1556 4209 1593 4250 ac
1609 4207 1666 4266 per

385 4314 455 4354 eurn
482 4293 651 4352 Martinam
677 4301 708 4352 et
731 4291 904 4370 Georgium
927 4290 1048 4367 iratres,
1072 4312 1131 4351 nec
1155 4312 1217 4351 non
1241 4294 1438 4366 Michaelem‚
1462 4295 1666 4373 Stephanum,

383 4402 514 4461 Paulum
539 4408 569 4459 et
592 4401 779 4459 Michaelem
804 4400 961 4477 patrueles
985 4399 1061 4475 eius,
1085 4399 1117 4458 in
1141 4409 1264 4459 coetum
1288 4402 1437 4461 nobilium
1455 4402 1594 4475 assumit,
1619 4403 1664 4481 ip-

384 4509 489 4586 sisque
514 4527 601 4567 arma
625 4525 681 4566 seu
705 4506 872 4565 nobilitatis
896 4506 1033 4586 insignia
1056 4506 1183 4568 confert

492 4617 561 4674 Hae
586 4615 720 4673 armales
744 4622 816 4673 sunt
839 4614 869 4672 in
893 4614 1034 4693 generali
1050 4614 1140 4693 regni
1168 4615 1414 4695 congregatione
1445 4617 1662 4693 annichilatae,

384 4731 510 4802 propter
533 4722 683 4781 falsarum
707 4720 930 4799 expositiorum
954 4740 1121 4795 armorum,
1145 4722 1185 4781 ob
1208 4725 1268 4782 hoc
1284 4722 1366 4782 idem
1390 4742 1445 4782 rex
1463 4743 1545 4783 anno
1567 4721 1667 4803 1632,

385 4829 436 4890 28.
460 4829 532 4902 iulii,
556 4829 706 4898 Viennae,
729 4847 829 4888 novas
861 4829 966 4889 literas
999 4829 1133 4888 armales
1168 4848 1224 4906 pro
1249 4829 1379 4889 Nicolao
1414 4831 1584 4909 Stepanitz,
1621 4851 1658 4890 ac

385 4957 441 5016 per
465 4956 535 4996 eum
562 4937 705 4995 iratribus
730 4937 796 4997 eius
820 4937 956 4996 Martino
982 4947 1012 4995 et
1036 4937 1185 5016 Georgia
1219 4956 1341 4996 necnon
1364 4939 1557 5015 patruelibus
1581 4939 1659 4998 eius·
