3934 5550
391 427 457 492 394

389 645 571 724 pavimento
595 652 626 704 et
649 643 778 703 basibus
803 651 950 724 egentes3
974 643 1049 703 item
1073 661 1231 703 cameram
1247 643 1383 703 adduas
1400 643 1560 702 clausuras
1577 643 1670 704 etiam

387 753 517 813 basibus
541 760 711 825 carentem,
734 751 894 810 fornacem
918 751 1089 829 pistoream
1112 769 1195 810 novo
1219 759 1302 810 tecto
1326 758 1483 832 egentem.

494 859 546 920 40.
570 859 691 919 Nobilis
714 859 863 918 Nicolaus
887 857 1132 918 Czundekovich
1156 857 1252 917 habet
1271 859 1398 918 domum
1414 876 1530 917 novam
1554 858 1670 917 bonam

387 967 530 1028 omnibus
555 965 741 1026 necessariis
764 965 941 1044 provisam;
974 965 1048 1024 item
1071 966 1218 1025 horreum
1251 965 1412 1043 antiquum
1436 964 1564 1024 basibus
1590 964 1666 1023 inle-

391 1075 534 1145 rioribuS,
566 1082 597 1132 et
629 1073 724 1133 etiam
747 1079 830 1132 tecto
861 1072 1016 1152 indigens,
1046 1072 1140 1131 haras
1172 1073 1213 1132 ad
1244 1071 1264 1132 5
1300 1073 1461 1130 clausuras
1484 1071 1669 1144 mediocres,

389 1182 455 1241 sine
480 1182 569 1241 bonis
593 1179 780 1259 pavimentis
804 1197 860 1257 per
883 1178 1126 1259 negligentiam3
1154 1179 1229 1239 item
1251 1179 1346 1238 haras
1370 1177 1529 1237 maialium
1551 1177 1669 1250 bonas;

390 1291 464 1349 item
488 1307 647 1348 cameram
671 1288 711 1347 ad
743 1286 823 1346 duas
856 1295 963 1365 portas
993 1286 1122 1346 basibus
1154 1294 1185 1346 et
1216 1287 1397 1365 pavimento
1428 1294 1584 1366 egentem,
1616 1286 1670 1343 ha-

391 1397 492 1456 rulam
528 1395 676 1455 alatilium
709 1394 869 1472 antiquam
899 1393 1008 1454 ruinae
1052 1393 1225 1471 proximam
1256 1412 1312 1472 per
1340 1391 1576 1473 negligentiam,
1610 1391 1671 1450 for·

391 1522 502 1564 nacem
526 1503 695 1582 pistoream
720 1522 790 1561 cum
815 1503 918 1562 culina
942 1501 1102 1580 antiquam
1121 1502 1229 1562 ruinae
1253 1500 1436 1579 proximam,
1453 1507 1565 1578 puteus
1582 1499 1672 1558 simul

391 1629 462 1672 curn
487 1610 631 1669 columna
655 1618 686 1670 et
709 1609 800 1690 virga
823 1609 899 1668 nihil
921 1609 1013 1668 valet.

498 1717 549 1776 4l.
583 1717 703 1776 Nobilis
735 1717 883 1777 Nicolaus
914 1716 1014 1777 iunior
1045 1715 1292 1777 Czundekovich
1325 1715 1420 1775 habet
1444 1717 1570 1775 domum
1596 1715 1673 1774 anti·
1701 1777 1704 1782 ,

391 1846 485 1906 quam
509 1827 540 1886 in
563 1825 712 1886 mediocri
744 1831 836 1901 statu,
867 1825 995 1885 basibus
1019 1844 1082 1885 non
1106 1825 1195 1884 bonis
1227 1824 1396 1902 provisam,
1425 1825 1571 1882 borreum
1596 1823 1672 1881 anti·

391 1952 485 2014 quum
510 1932 638 1992 basibus
662 1909 858 1991 inferioribus
882 1931 1037 2010 indigens,
1060 1931 1155 1990 haras
1179 1930 1358 1991 animalium
1382 1939 1413 1989 et
1435 1930 1593 1989 maialium
1618 1949 1673 1989 an-

391 2040 494 2118 tiquas
517 2057 636 2118 magna
652 2039 850 2116 reparatione
874 2046 1016 2118 egentes,
1033 2056 1190 2097 cameram
1215 2029 1360 2097 frumenti
1375 2037 1490 2096 bonam
1514 2055 1576 2095 non
1590 2037 1673 2095 bono

392 2147 573 2227 pavimento
608 2145 776 2225 provisam,
812 2145 945 2204 culinam
982 2165 1053 2204 cum
1084 2145 1211 2205 fornace
1241 2145 1379 2223 pistorea
1412 2144 1571 2222 antiquam
1606 2143 1673 2203 sine

391 2255 474 2314 bono
498 2261 589 2313 tecto.

502 2359 554 2419 42.
579 2359 699 2418 Nobilis
732 2359 889 2439 Georgius
922 2358 1168 2418 Czundekovich
1198 2358 1295 2417 habet
1318 2359 1444 2418 domum
1468 2376 1582 2417 novam
1606 2359 1673 2418 sine

393 2466 519 2540 ambitu,
543 2468 688 2525 horreum
714 2466 873 2545 antiquum
898 2465 1065 2539 mediocre,
1089 2465 1184 2524 haras
1205 2464 1384 2524 animalium
1401 2473 1432 2524 et
1450 2465 1608 2524 maialium
1632 2466 1673 2525 ad

393 2575 554 2654 clausuras
576 2571 598 2630 4
622 2591 739 2654 magna
764 2573 960 2650 reparatione
993 2580 1135 2652 egenteS,
1166 2591 1325 2632 cameram
1358 2572 1398 2631 ad
1432 2590 1527 2630 unam
1551 2581 1673 2649 portam

392 2681 517 2755 bonam,
540 2679 698 2739 fornacem
724 2679 894 2757 pistoream
918 2679 1117 2738 mediocrem.

499 2786 551 2848 43.
585 2787 705 2869 Nobilis
737 2787 895 2867 Georgius
929 2787 1137 2847 Trumbetass
1164 2788 1260 2847 babet
1291 2788 1417 2846 domurn
1450 2786 1610 2865 antiquam
1643 2786 1674 2846 in

393 2894 541 2955 mediocri
578 2902 670 2969 statu,
704 2894 835 2954 basibus
858 2902 964 2954 tamen
997 2903 1028 2954 et
1060 2894 1178 2954 ambitu
1213 2894 1341 2975 indiget,
1365 2895 1512 2953 borreum
1546 2895 1673 2970 nullum,

393 3004 487 3063 baras
519 3003 558 3061 ad
594 3003 673 3062 duas
708 3004 873 3061 clausuras
905 3001 1081 3062 mediocres
1116 3002 1212 3062 etiam
1257 3002 1387 3061 basibus
1421 3011 1453 3062 et
1488 3002 1675 3080 pavimentis

392 3108 484 3171 bonis
508 3117 660 3181 carentes
684 3128 782 3188 penes
809 3110 918 3169 haram
944 3109 984 3169 ad
1008 3128 1103 3168 unam
1122 3117 1244 3188 portam
1269 3109 1427 3187 antiquam
1452 3109 1595 3183 dirutam,
1619 3110 1674 3169 ha·

397 3218 465 3276 rula
496 3216 646 3276 alatilium
679 3214 710 3276 in
742 3216 907 3276 roboribus
938 3216 969 3275 in
1001 3217 1084 3276 bono
1112 3225 1204 3289 statu,
1236 3217 1363 3276 domurn
1386 3216 1528 3276 fabrilem
1560 3235 1674 3277 novam

396 3324 545 3384 assericio
568 3342 651 3383 novo
674 3331 757 3383 tecto
781 3324 855 3383 moli
878 3324 1047 3403 provisam.

500 3428 552 3489 44.
577 3430 731 3491 Providus
747 3430 906 3511 Georgius
921 3432 1073 3502 Berczko,
1090 3432 1219 3490 colonus
1235 3431 1382 3491 dominae
1398 3432 1578 3492 comitissae
1595 3433 1675 3493 Mal·

395 3538 505 3612 lenich,
522 3538 616 3598 habet
640 3538 766 3597 domum
791 3537 990 3610 mediocrem,
1016 3538 1110 3597 haras
1133 3538 1173 3597 ad
1189 3537 1268 3597 duas
1292 3539 1454 3598 clausuras
1477 3540 1676 3618 reparatione

396 3664 513 3726 magna
535 3644 722 3725 indigentes,
746 3653 875 3723 puteum
899 3653 930 3704 et
952 3644 1114 3703 lomacem
1138 3645 1251 3704 nullius
1274 3646 1397 3706 valoris.

502 3752 553 3812 45.
585 3752 735 3831 losephus
766 3751 934 3811 Novoszell
966 3752 1125 3811 Holender
1156 3751 1266 3826 dictus,
1290 3753 1417 3812 domum
1441 3754 1538 3813 habet
1560 3755 1675 3814 bonam

395 3860 461 3919 sine
486 3858 613 3933 ambitu,
629 3860 776 3919 horreum
803 3858 963 3937 antiquum
988 3858 1102 3918 nullius
1127 3859 1252 3934 valoris,
1269 3879 1428 3920 cameram
1450 3861 1595 3921 frumenti
1618 3861 1677 3920 bo·

395 3985 468 4026 nam
492 3986 616 4040 novam,
640 3974 670 4025 et
694 3966 788 4025 baras
811 3966 906 4025 habet
930 3966 970 4025 ad
986 3963 1008 4023 4
1024 3966 1186 4025 clausuras
1210 3966 1319 4042 bonas,
1335 3967 1493 4027 maialium
1518 3968 1558 4027 ad
1581 3986 1676 4027 unam

396 4082 519 4152 portam
543 4072 656 4132 nullius
680 4072 804 4145 valoris,
827 4071 988 4131 fornacem
1011 4073 1182 4151 pistoream
1206 4073 1374 4152 antiquam.

504 4176 556 4241 46.
580 4179 732 4239 Dominus
757 4178 892 4239 Michael
916 4180 1170 4253 Szmendrovicb,
1191 4180 1412 4256 viceassessor,
1429 4183 1524 4241 habet
1546 4183 1676 4242 domun·

395 4288 496 4347 culam
520 4287 610 4347 simul
634 4306 704 4345 cum
729 4287 805 4345 hara
828 4294 860 4345 et
883 4286 995 4346 horreo
1018 4288 1076 4345 sub
1100 4306 1163 4347 uno
1178 4296 1262 4348 tecto
1279 4287 1308 4346 in
1325 4288 1438 4348 misero
1463 4297 1555 4363 statu,
1579 4290 1673 4349 adeo·

392 4413 453 4473 que
488 4394 632 4454 omnibus
678 4394 826 4454 aediliciis
873 4393 962 4453 novis
1007 4393 1137 4473 indiget,
1182 4394 1343 4454 fornacem
1384 4396 1498 4456 nullius
1553 4396 1678 4471 valoris,

397 4503 468 4562 item
493 4520 591 4580 penes
614 4501 646 4559 in
669 4500 765 4559 fundo
789 4500 906 4560 domini
931 4501 1101 4561 assessoris
1116 4511 1165 4561 est
1180 4503 1335 4562 stabulum
1353 4503 1427 4563 dicti
1442 4504 1560 4564 domini
1577 4522 1678 4563 asses·

396 4609 475 4669 soris
497 4606 742 4669 Szmendroviclr
771 4607 811 4666 ad
836 4604 855 4666 3
880 4608 1043 4667 clausuras
1066 4608 1097 4667 in
1121 4617 1204 4669 statu
1232 4610 1336 4688 quoad
1360 4612 1474 4669 robora
1497 4611 1588 4670 bono.

432 4798 434 4801 Ι
502 4714 554 4775 47.
578 4715 698 4774 Nobilis
733 4714 871 4775 Mathias
906 4714 1063 4775 Chernicb
1099 4715 1258 4775 Markulin
1280 4717 1391 4795 dictus,
1423 4717 1520 4778 habet
1551 4718 1678 4777 domum

397 4824 520 4896 bonam,
556 4822 613 4882 sed
648 4822 783 4882 ambitus
818 4822 958 4881 ruinatus
990 4822 1030 4881 de
1063 4841 1145 4882 novo
1177 4823 1243 4883 fieri
1279 4824 1381 4898 debet,
1406 4824 1499 4884 etiam
1523 4825 1591 4884 basi
1616 4844 1679 4884 una

397 4929 536 4989 alterave
560 4929 618 4988 sub
644 4930 737 4989 domo
760 4928 922 5011 indigebit,
939 4930 1085 4989 horreum
1110 4929 1266 4989 mediocre
1283 4930 1350 4990 sine
1371 4933 1455 4991 bona
1470 4942 1570 5011 porta,
1586 4933 1681 4991 baras
