3934 5550
405 350 448 413 34

413 575 599 647 procurator
630 566 837 627 antelaturum
860 566 892 625 in
915 584 1044 625 causam
1070 573 1271 625 attractorum
1295 563 1326 623 in
1350 562 1492 642 personis
1524 562 1693 623 eorundem

412 694 473 753 per
497 675 624 735 modum
648 672 854 751 exemptionis
878 671 1026 753 allegavit
1049 671 1104 733 tali
1127 672 1229 748 mode,
1253 670 1432 750 quodlicet
1456 678 1549 749 prout
1579 689 1617 729 ex
1649 678 1693 729 te·

417 781 549 843 notibus
572 791 604 843 et
627 782 823 842 continentiis
854 780 1097 861 prescriptarum
1133 779 1292 840 literarum
1313 778 1461 839 antedicti
1486 778 1611 857 capituli
1634 778 1688 837 Za·

410 891 598 972 grabiensis
622 890 836 951 relatoriarum
860 890 942 950 clare
974 898 1114 968 apparet,
1146 896 1314 948 annotatus
1346 886 1470 947 Blasius
1501 887 1694 967 Pogledych,

417 1000 449 1059 in
473 1016 548 1070 area
571 998 645 1058 dicti
669 998 794 1076 capituli
817 996 1041 1077 Zagrabiensis
1057 995 1262 1074 personaliter
1285 1004 1436 1074 repertus,
1460 1002 1492 1055 et
1508 994 1611 1054 medio
1628 994 1695 1054 eius

411 1106 510 1184 ceteri
535 1124 660 1185 quoque
684 1105 804 1166 nobiles
827 1105 895 1165 eius
926 1104 1158 1177 litisconsortes,
1188 1122 1243 1181 pro
1266 1103 1412 1163 habendo
1436 1102 1467 1162 in
1491 1121 1589 1163 causa
1612 1120 1694 1162 novo

410 1216 442 1275 iu
452 1214 533 1274 dicio
564 1213 688 1274 evocati
712 1212 877 1288 extiterint,
901 1211 1041 1272 eiusdem
1065 1220 1172 1271 tamen
1196 1210 1310 1287 citatio,
1341 1220 1493 1289 quantum
1517 1211 1557 1270 ad
1582 1226 1694 1289 preno-

413 1330 515 1382 tatam
540 1321 795 1381 communitatem
820 1320 937 1393 attinet,
953 1338 1016 1379 non
1032 1327 1138 1395 staret,
1156 1319 1210 1378 sed
1227 1318 1434 1378 communitas
1451 1318 1519 1397 ipsa
1534 1319 1696 1379 debuisset

413 1431 458 1491 de
482 1430 611 1490 castello
635 1448 693 1489 suo
716 1429 903 1488 kaawecz
928 1428 1003 1507 ipsis
1034 1427 1191 1487 communi
1226 1428 1360 1503 evocari,
1392 1447 1430 1487 ex
1462 1446 1563 1506 eoque
1594 1427 1695 1487 dictus

414 1537 543 1617 quidem
566 1536 692 1597 Blasius
716 1536 899 1615 Pogledych
921 1536 1015 1595 unica
1039 1542 1070 1594 et
1093 1534 1260 1614 singularis
1283 1553 1418 1613 persona
1450 1534 1595 1609 existens,
1628 1534 1695 1594 sine

414 1645 576 1724 principali
608 1645 750 1704 membro
782 1642 1012 1703 communitatis
1042 1660 1098 1720 per
1129 1660 1173 1717 se,
1204 1641 1320 1702 coeteri
1353 1660 1428 1701 vero
1464 1642 1695 1702 communitatis

415 1752 545 1829 nobiles,
569 1772 640 1811 cum
664 1770 727 1810 non
750 1750 890 1831 legitime
915 1756 1021 1810 essent
1045 1750 1139 1827 citati,
1163 1748 1315 1809 eiusmodi
1340 1750 1446 1809 literas
1468 1760 1592 1809 nostras
1609 1748 1695 1808 adiu·

417 1860 586 1922 dicatorias
611 1859 854 1919 absolutionales
877 1858 1050 1936 producere
1075 1867 1106 1917 et
1129 1858 1286 1933 exhibere,
1311 1856 1505 1936 subindeque
1537 1875 1634 1916 causa
1665 1856 1696 1915 in

417 1969 572 2048 premissa
595 1986 711 2028 novum
742 1967 891 2027 iudicium
914 1967 1053 2043 recipere
1088 1985 1153 2025 non
1176 1973 1365 2042 tenerentur,
1398 1966 1455 2025 sed
1480 1965 1696 2043 requireretur,

418 2085 454 2135 ut
475 2083 668 2135 memoratus
699 2074 822 2134 Blasius
853 2073 1044 2153 Pogledych,
1069 2073 1160 2132 simul
1184 2082 1215 2133 et
1238 2073 1462 2133 litiseonsortes
1494 2074 1597 2133 denuo
1620 2073 1696 2152 legi·

418 2181 493 2241 time
526 2188 741 2254 evocarentur,
774 2180 857 2239 unde
880 2180 1028 2258 predictis
1059 2179 1193 2258 partium
1218 2180 1477 2257 procuratoribus,
1501 2180 1532 2239 in
1556 2180 1698 2258 personis

418 2288 634 2368 principalium
675 2307 802 2347 suorum
835 2308 854 2347 a
885 2288 977 2347 nobis
1012 2288 1157 2347 iudicium
1193 2287 1324 2366 prebere
1354 2289 1590 2366 postulantibus
1625 2288 1698 2366 quia

419 2396 597 2456 huiusmodi
622 2393 772 2474 allegatio
796 2394 1006 2472 procuratoris
1038 2394 1068 2453 in
1101 2413 1230 2454 causam
1263 2402 1464 2454 attractorum
1496 2394 1586 2454 nobis
1616 2395 1699 2454 iusta

422 2511 454 2564 et
477 2502 535 2562 iuri
559 2521 708 2577 consona,
732 2502 866 2580 ideoque
898 2502 1091 2562 admittenda
1115 2501 1180 2561 fore
1213 2500 1385 2577 videbatur,
1410 2502 1449 2561 ob
1483 2503 1543 2561 hoc
1574 2521 1631 2561 nos
1663 2503 1701 2563 de

422 2610 552 2671 consilio
576 2610 721 2669 vicebani
745 2609 852 2682 nostri,
867 2610 1011 2688 magistri
1034 2609 1257 2687 prothonotarii
1282 2609 1380 2689 regni,
1398 2609 1531 2669 iudicum
1554 2610 1702 2669 nobilium

422 2726 454 2779 et
493 2725 689 2778 coeterorum
728 2717 897 2777 iuratorum
937 2735 1133 2776 assessorum
1172 2716 1253 2794 dicte
1285 2716 1369 2778 sedis
1398 2725 1504 2794 nostre
1542 2716 1702 2795 iudiciarie

427 2827 590 2887 nobiscum
615 2825 647 2884 in
683 2824 797 2884 iudicio
821 2833 853 2884 et
877 2825 1021 2884 examine
1057 2824 1209 2903 presentis
1241 2841 1336 2900 cause
1368 2825 1579 2899 existentibus
1611 2826 1704 2885 ratio-

425 2935 517 2995 nibus
540 2941 571 2993 et
595 2932 699 2992 causis
725 2950 779 3010 per
802 2941 1039 3010 procuratorem
1063 2932 1215 2992 dictorum
1239 2932 1270 2990 in
1294 2951 1422 2992 causam
1447 2941 1648 2992 attractorum
1673 2933 1703 2992 in

426 3041 564 3103 medium
590 3040 741 3109 adductis,
765 3039 972 3117 prescriptam
997 3039 1185 3108 citationem,
1210 3048 1498 3118 consequenterque
1525 3040 1631 3100 literas
1656 3059 1703 3100 re·

425 3149 553 3210 latorias
586 3147 733 3208 antedicti
764 3147 890 3224 capituli
925 3147 1156 3226 Zagrabiensis‚
1192 3149 1295 3206 denuo
1327 3156 1358 3207 et
1391 3166 1448 3224 per
1483 3147 1559 3207 alias
1594 3147 1699 3207 literas

425 3266 558 3330 nostras,
582 3257 632 3316 vel
656 3265 759 3315 autern
793 3255 923 3314 aliorum
956 3254 1090 3314 iudicum
1123 3256 1213 3336 regni
1245 3255 1471 3315 ordinariorum
1503 3255 1703 3328 inhibitorias,

427 3364 661 3425 ammonitorias
685 3371 716 3423 et
739 3363 984 3435 certificatorias,
1018 3363 1129 3422 exinde
1162 3363 1265 3423 denuo
1297 3363 1323 3422 si
1355 3371 1441 3422 actor
1464 3363 1531 3441 ipse
1564 3363 1704 3437 voluerit,

425 3473 563 3533 fiendam
587 3479 618 3531 et
641 3471 866 3542 intentandam‚
890 3470 929 3529 de
954 3470 1085 3547 simplici
1117 3479 1148 3529 et
1170 3472 1263 3548 plano
1295 3471 1389 3548 sopiri
1422 3480 1453 3529 et
1484 3471 1704 3546 condescendi,

427 3579 608 3658 cassarique
632 3587 664 3638 et
686 3577 849 3638 invalidari
875 3578 990 3638 debere
1022 3578 1218 3638 decrevimus
1251 3586 1281 3636 et
1315 3577 1535 3651 commisimus,
1565 3579 1704 3638 decerni-

427 3705 559 3764 musque
582 3697 614 3745 et
637 3684 859 3745 committimus
892 3703 948 3762 per
979 3692 1143 3762 presentes
1174 3685 1361 3744 authoritate
1396 3693 1503 3744 nostra
1534 3685 1704 3760 iudiciaria,

429 3795 559 3872 iureque
582 3803 613 3853 et
637 3792 753 3852 iustitia
784 3793 950 3852 mediante.
974 3793 1092 3851 Datum
1115 3791 1146 3852 in
1178 3793 1302 3852 civitate
1334 3793 1612 3872 Montisgrecensis
1647 3795 1706 3854 Za-

429 3900 614 3982 grabiensis‚
637 3900 668 3958 in
691 3899 771 3959 festo
794 3899 879 3959 beati
902 3898 1006 3979 Egidii
1030 3897 1161 3974 abbatia,
1186 3918 1267 3959 anno
1292 3899 1408 3960 domini
1431 3901 1595 3961 millesimo
1616 3901 1704 3981 quin·

430 4007 606 4090 gentesimo
629 4003 863 4086 septuagesimo
886 4025 977 4066 nono.

963 4115 1060 4174 Lecta
1084 4123 1116 4174 et
1139 4117 1300 4174 extradata
1324 4134 1379 4193 per
1403 4135 1452 4174 me
1477 4115 1661 4193 magistrum

964 4223 1142 4283 Emerieum
1166 4223 1263 4284 Pethe
1288 4224 1327 4283 de
1350 4223 1479 4297 Hethes,
1495 4223 1663 4302 prothono-

978 4394 981 4401 Δ
1154 4330 1265 4390 tarium
1290 4331 1379 4411 regni
1404 4349 1443 4392 m.
1468 4351 1495 4408 p.

535 4441 575 4499 ln
600 4441 742 4499 dorso:
765 4438 865 4498 Solvit
895 4457 990 4497 unum
1022 4439 1175 4500 florenum
1206 4438 1364 4516 proprium
1394 4457 1450 4516 pro
1482 4438 1566 4497 hisce
1599 4438 1705 4500 literis.

434 4549 613 4627 Stephanus
636 4547 777 4606 literatus
799 4565 839 4605 m.
863 4564 892 4623 p.

538 4668 684 4739 Originale
694 4669 883 4732 chartaceum,
895 4667 998 4720 subtus
1012 4683 1179 4735 appressum
1193 4675 1238 4721 est
1251 4667 1380 4738 sigillum.
1394 4667 1424 4720 ln
1439 4668 1552 4721 archivo
1567 4683 1710 4721 commun.

431 4761 502 4814 nob.
519 4760 557 4812 de
575 4757 739 4827 Turopolje.
1119 4759 1122 4766 '

544 4884 612 4939 *aa
631 4883 677 4938 nn.
716 4883 787 4937 ¹11.
806 4897 869 4952 aug.
