3934 5550
1520 438 1562 502 45

282 655 359 714 alias
390 655 482 725 banc,
511 654 685 734 producere
717 665 748 713 et
780 654 926 714 exhibere
951 654 1052 713 modis
1075 654 1219 715 omnibus
1244 655 1395 715 deberent
1419 664 1449 715 et
1472 662 1561 715 tene-

284 770 398 830 rentur,
422 770 456 819 ut
479 762 527 820 his
551 760 627 821 visis
651 770 682 821 et
705 762 868 822 intellectis
899 762 1045 821 iudicium
1071 772 1102 822 et
1125 762 1272 821 iustitiam
1306 762 1409 822 lacere
1443 764 1562 822 valeret

282 868 362 928 inter
385 875 500 946 partes,
525 868 662 929 dictante
686 868 761 928 iuris
785 868 961 947 aequitate,
986 890 1004 929 a
1029 890 1091 948 quo
1114 870 1240 949 quidem
1264 871 1397 929 termino
1425 870 1561 930 celebra·

282 974 376 1033 tionis
397 974 583 1035 iudiciorum
613 975 759 1036 similium
783 995 958 1047 causarum,
987 977 1135 1037 exhibitio
1163 978 1219 1038 sed
1243 985 1274 1037 et
1298 978 1450 1037 discussio
1474 997 1562 1057 prae·

283 1092 437 1143 tactarum
471 1084 630 1146 literarum
662 1092 694 1144 et
724 1085 888 1144 literalium
923 1086 1208 1160 instrumentorum,
1245 1087 1377 1147 diversis
1412 1106 1561 1167 proroga·

281 1190 400 1250 tionum
438 1192 568 1250 cautelis
602 1190 891 1265 intervenientibus,
926 1193 1093 1253 terminum
1128 1194 1346 1254 celebrationis
1379 1194 1562 1253 iudiciorum

282 1297 345 1357 diei
380 1297 555 1358 dominicae
586 1298 756 1373 Invocavit,
787 1299 819 1359 in
851 1320 933 1360 anno
966 1300 1083 1360 domini
1114 1302 1277 1361 millesimo
1310 1302 1561 1382 quingentesimo

281 1404 480 1485 sexagesimo
505 1405 692 1483 praeteritae
700 1400 732 1482 ¹⁰,
757 1407 798 1465 ad
820 1426 914 1485 quem
936 1407 1055 1467 scilicet
1070 1408 1235 1467 terminum
1258 1408 1423 1468 universae
1448 1426 1564 1468 causae

282 1512 523 1590 regnicolarum,
547 1531 584 1571 ex
608 1513 700 1573 novis
715 1521 789 1573 tunc
806 1514 1077 1574 constitutionibus
1092 1514 1223 1593 publicis
1248 1514 1419 1575 adiudicari
1443 1516 1564 1588 solitae,

283 1640 339 1698 per
372 1620 548 1699 praelatum
582 1622 741 1700 quondam
774 1622 935 1681 dominum
966 1622 1093 1682 Petrum
1125 1623 1291 1699 Erdewdy,
1328 1624 1404 1683 alias
1439 1624 1565 1687 banum.

280 1727 475 1807 generaliter
504 1729 628 1786 tuerant
658 1736 857 1808 prorogatae,
890 1730 1016 1789 dilative
1042 1730 1206 1810 attigisset.
1230 1730 1302 1806 Quo
1325 1730 1471 1805 instante,
1495 1731 1565 1790 sab·
1592 1774 1595 1779 -

285 1835 381 1893 batho
405 1834 545 1912 proximo
569 1842 641 1913 post
663 1834 777 1894 testum
801 1836 884 1895 beati
908 1836 1054 1916 Gregorii
1078 1854 1189 1916 papae,
1213 1838 1244 1897 in
1268 1838 1381 1898 eodem
1405 1856 1488 1898 anno
1512 1838 1566 1897 do·
1656 1836 1659 1843 ’

285 1941 359 2001 mini
390 1942 553 2002 millesimo
584 1943 837 2023 quingentesimo
868 1945 1078 2024 sexagesimo,
1108 1942 1349 2023 praeteritum¹¹,
1380 1946 1566 2006 Ambrosius

285 2051 324 2110 de
347 2050 461 2127 Beycz,
484 2068 541 2129 pro
565 2051 708 2128 praelato
732 2051 859 2111 domino
886 2052 1010 2111 Thoma
1033 2054 1172 2132 palatino
1196 2060 1227 2113 et
1250 2055 1488 2128 locumtenente,
1514 2073 1564 2114 ac·

284 2167 360 2231 tore,
384 2178 454 2218 cum
480 2159 699 2237 procuratoriis
714 2159 811 2219 literis
835 2160 984 2236 eiusdem,
1008 2162 1039 2219 in
1063 2162 1165 2241 figura
1182 2160 1286 2221 iudicii
1302 2162 1442 2222 eiusdem
1467 2180 1563 2241 quon-

285 2268 356 2327 dam
381 2266 498 2326 domini
521 2268 606 2327 Petri
629 2268 797 2345 Erdewdy,
821 2268 899 2327 alias
914 2268 996 2343 bani,
1014 2270 1234 2348 comparend0,
1257 2277 1434 2349 praetactas
1458 2269 1563 2329 literas

285 2383 318 2434 et
340 2374 473 2434 literalia
503 2374 710 2436 instrumenta
742 2393 798 2454 per
828 2375 988 2454 praelatos
1020 2376 1051 2436 in
1084 2396 1212 2436 causam
1245 2385 1394 2437 attractos
1418 2378 1564 2438 exhibere

285 2490 552 2561 praeassumptas,
568 2484 698 2561 produci
721 2484 936 2561 postulaverat
962 2502 1019 2562 per
1049 2484 1177 2543 eosdem
1201 2485 1232 2543 in
1256 2504 1384 2545 causam
1418 2493 1566 2545 attractos

286 2590 554 2668 praenominatos3
585 2610 647 2668 quo
678 2599 827 2669 percepto
855 2590 1013 2670 Georgius
1037 2591 1197 2669 Skarycza
1221 2593 1260 2651 de
1284 2593 1485 2668 Rathlrowcz,
1508 2610 1565 2670 pro

285 2697 530 2776 praenominatis
555 2697 709 2757 nobilibus
733 2699 763 2757 in
788 2716 917 2758 causam
949 2682 1098 2774 attractis
1123 2717 1193 2758 cum
1218 2700 1438 2778 procuratoriis
1471 2699 1566 2760 literis

285 2805 433 2865 antedicti
469 2804 594 2884 capituli
630 2806 782 2865 ecclesiae
816 2805 1049 2886 ZagrabiensiS,
1085 2807 1225 2866 eiusdem
1257 2809 1416 2886 quondam
1448 2807 1565 2868 domini

286 2913 370 2972 Petri
393 2913 560 2990 Erdewdy,
585 2913 663 2972 alias
685 2914 768 2988 bani,
793 2915 975 2994 exurgendo
999 2915 1031 2974 in
1054 2915 1274 2993 praesentiam,
1295 2917 1449 2994 quasdam
1473 2916 1563 2976 binas

284 3021 399 3094 literas,
432 3041 512 3080 unas
543 3021 734 3081 serenissimi
765 3022 913 3100 principis
948 3023 1106 3101 quondam
1139 3024 1254 3083 domini
1287 3024 1436 3084 Ludouici
1469 3025 1562 3104 regis,

284 3128 403 3188 loelicis
428 3129 652 3189 recordationis
684 3129 934 3202 adiudicatorias,
958 3137 1099 3190 tenorem
1125 3143 1155 3189 et
1179 3131 1401 3191 continentiam
1434 3132 1564 3192 aliarum

284 3237 443 3296 literarum
467 3237 608 3296 eiusdem
632 3238 790 3316 quondam
808 3239 925 3298 domini
948 3238 1099 3298 Ludouici
1122 3239 1217 3318 regis
1241 3239 1381 3299 similiter
1405 3240 1563 3300 adiudica-

285 3345 434 3404 toriarum
458 3344 625 3404 verbaliter
649 3345 680 3403 in
705 3365 740 3405 se
764 3345 967 3420 continentes,
997 3347 1112 3406 alteras
1136 3347 1260 3425 capituli
1285 3348 1437 3407 ecclesiae
1461 3347 1562 3407 Chas-

283 3453 400 3511 mensis
433 3452 600 3530 superinde
630 3453 870 3512 introductorias
894 3463 925 3512 et
960 3454 1149 3524 statutorias,
1181 3455 1291 3514 ambas
1315 3455 1345 3514 in
1369 3473 1564 3535 pargameno

283 3559 518 3640 privilegialiter
547 3559 706 3620 confectas
741 3570 772 3619 et
804 3569 976 3633 emanatas,
1008 3561 1105 3639 ipsius
1141 3562 1298 3639 quondam
1331 3561 1446 3621 domini
1479 3563 1564 3621 Petri

284 3667 452 3744 Erdewdy,
477 3669 554 3727 alias
578 3667 660 3741 bani,
685 3667 880 3734 uidiciarium
910 3669 1084 3747 producere
1109 3677 1274 3728 curaverat
1297 3673 1328 3728 in
1352 3678 1563 3746 conspectum,

285 3794 364 3853 quas
395 3783 522 3854 propter
554 3794 662 3835 earum
694 3775 902 3853 prolixitatem
925 3776 1143 3853 praesentibus
1168 3777 1334 3836 verbaliter
1357 3776 1494 3836 inserere
1518 3785 1562 3836 te·

284 3882 407 3942 diosum
439 3901 510 3942 esse
541 3883 713 3956 videbatur,
746 3901 877 3960 quarum
909 3884 1037 3960 primae,
1069 3883 1214 3942 videlicet
1243 3883 1375 3962 praefati
1405 3884 1562 3961 quondam

285 3990 401 4050 domini
425 3991 577 4050 Ludouici
601 3990 694 4070 regis
726 3991 843 4064 Budae,
868 3990 1003 4049 infesto
1035 3991 1148 4050 beatae
1181 3991 1339 4049 Barbarae
1371 3990 1501 4068 virginis
1533 3999 1564 4049 et

284 4097 437 4173 martyris,
470 4098 500 4157 in
533 4117 616 4157 anno
649 4097 765 4156 domini
796 4097 959 4156 millesimo
991 4097 1243 4176 quingentesimo
1276 4097 1428 4177 vigesimo
1452 4105 1563 4175 quarto

286 4199 492 4280 emanatae¹²,
516 4215 658 4264 tenorem
683 4213 714 4263 et
738 4205 960 4264 continentiam
986 4204 1115 4263 aliarum
1146 4205 1305 4264 literarum
1337 4205 1477 4264 eiusdem
1507 4205 1563 4265 do·

284 4312 359 4372 mini
382 4313 534 4373 Ludouici
557 4313 651 4393 regiS,
668 4313 808 4372 similiter
832 4313 1127 4373 adiudicatoriarum
1144 4313 1423 4386 sententionalium,
1446 4312 1563 4386 Budas,

283 4419 361 4479 feria
392 4421 532 4479 secunda
563 4421 704 4498 prorima
734 4431 805 4499 post
835 4421 950 4480 festum
982 4421 1183 4480 sacratissimi
1216 4421 1353 4498 corporis
1382 4420 1507 4496 Christi,
1532 4419 1562 4478 in

284 4546 366 4587 anno
397 4527 538 4588 eiusdem
570 4529 733 4589 millesimo
757 4528 1009 4607 quingentesimo
1033 4529 1187 4608 vigesimo
1211 4523 1411 4600 transacto¹³,
1436 4547 1560 4587 emana-

285 4643 396 4706 tarum,
428 4636 596 4697 verbaliter
619 4637 649 4695 in
674 4656 708 4695 se
732 4636 964 4712 continentium,
988 4635 1019 4694 in
1043 4637 1169 4696 modum
1203 4636 1295 4695 libelli
1327 4636 1497 4710 conlectae,
1522 4634 1561 4694 si·

289 4743 425 4822 gilloque
456 4743 554 4823 ipsius
585 4744 744 4822 quondam
768 4743 884 4803 domini
908 4743 1059 4803 Ludouici
1091 4745 1184 4824 regis
1216 4744 1351 4804 iudiciali
1383 4743 1563 4822 inpendenti

285 4851 495 4911 communitae
519 4852 730 4926 declarabant,
754 4853 837 4930 quod
862 4852 939 4911 alias
960 4851 1042 4940 inter
1064 4853 1217 4930 quosdam
1241 4853 1361 4913 nobiles
1386 4851 1561 4931 praediales

286 4967 316 5018 et
340 4967 527 5030 castrenses
551 4960 815 5037 praedecessores
839 4959 956 5019 scilicet
980 4959 1133 5017 dictorum
1158 4960 1187 5017 in
1203 4979 1331 5018 causam
1349 4968 1561 5032 attractorum,
