3934 5550
405 403 471 465 414

404 622 489 683 ribus
514 622 687 681 conlectum
713 622 849 681 nondum
869 629 984 679 tectum
1011 620 1077 679 sine
1102 619 1253 699 superiori
1268 628 1299 681 et
1326 620 1463 681 interiori
1486 622 1682 699 pavimentis

403 749 441 789 ac
465 729 531 789 sine
555 738 654 807 porta,
678 728 811 788 culinam
836 726 997 805 antiquam
1028 728 1110 787 bono
1143 736 1226 787 tecto
1256 728 1424 806 provisam,
1454 728 1614 789 fornacem
1638 730 1683 807 pi·

403 846 549 910 stoream,
562 836 725 915 eidemque
740 836 893 895 adnexam
911 836 1101 895 camerulam
1117 834 1149 894 in
1165 835 1316 895 columnis
1333 834 1363 910 4,
1376 837 1534 896 asseribus
1550 836 1680 897 circum-

403 944 518 1015 datam,
550 951 581 1003 et
613 944 696 1003 bono
727 951 810 1003 tecto
842 942 999 1002 assericeo
1034 941 1203 1023 provisam,
1238 942 1347 1002 fornax
1380 951 1485 1003 autem
1518 944 1681 1024 perpluum

403 1059 518 1110 tectum
541 1050 645 1124 habet,
670 1060 796 1129 puteum
822 1070 931 1128 parum
958 1050 1123 1110 valentem.

513 1175 560 1238 18.
592 1176 712 1236 Nobilis
747 1176 886 1236 Thomas
921 1174 1025 1235 senior
1059 1175 1230 1236 Barbarich
1254 1176 1349 1235 habet
1374 1176 1498 1235 domum
1523 1176 1682 1255 antiquam

402 1284 468 1344 sine
500 1284 591 1344 bonis
613 1283 750 1357 basibus,
783 1302 874 1343 secus
905 1303 960 1362 pro
993 1302 1051 1343 sua
1082 1282 1274 1343 habitatione
1305 1283 1429 1357 bonam,
1457 1284 1602 1344 horreum
1627 1303 1683 1344 an·

402 1392 522 1472 tiquum
546 1392 744 1470 reparatione
776 1410 883 1471 egens,
916 1392 1010 1451 haras
1043 1391 1223 1451 animalium
1253 1392 1295 1451 ad
1326 1392 1405 1451 duas
1429 1391 1590 1451 clausuras
1613 1391 1680 1451 sine

402 1500 470 1559 basi
502 1519 564 1559 una
594 1499 668 1559 tecti
698 1500 783 1559 bona
816 1498 969 1577 antiquas,
995 1507 1026 1558 et
1049 1499 1132 1558 bono
1159 1498 1339 1577 pavimento
1362 1499 1393 1558 in
1418 1497 1565 1559 mediocri
1589 1506 1682 1573 statu,

402 1608 560 1668 fornacem
584 1608 753 1687 pistoream
777 1626 832 1686 per
856 1606 1013 1667 miseriam
1038 1607 1105 1666 sine
1128 1607 1211 1667 bono
1234 1614 1326 1667 tecto.

510 1732 557 1795 19.
582 1734 700 1794 Nobilis
714 1734 892 1811 Stephanus
909 1732 1065 1793 Kooszich
1081 1733 1175 1792 habet
1192 1733 1319 1793 domum
1336 1732 1496 1811 antiquam
1512 1732 1579 1793 sine
1596 1733 1680 1792 bona

401 1840 468 1901 basi
486 1861 547 1900 una
566 1861 584 1900 a
600 1840 830 1919 septemtrione,
848 1840 982 1900 ambitus
1001 1859 1076 1900 vero
1098 1838 1166 1899 sine
1184 1839 1268 1899 omni
1289 1847 1381 1913 tectu,
1404 1838 1573 1918 praeterito
1596 1859 1679 1899 anno

401 1948 599 2021 ellaboratus,
615 1967 707 2008 secus
731 1948 843 2007 domus
865 1946 897 2006 in
921 1948 1004 2006 bono
1027 1954 1120 2021 statu,
1142 1947 1289 2009 horreum
1314 1954 1493 2024 reparatum
1518 1946 1679 2026 antiquum

403 2056 469 2115 sine
502 2065 592 2133 porta
615 2056 741 2129 bonum,
765 2074 821 2134 pro
845 2075 906 2133 quo
932 2055 1108 2133 reparando
1140 2061 1248 2115 mutuo
1278 2054 1400 2134 accepit
1422 2054 1517 2115 bases
1540 2055 1620 2114 duas
1644 2074 1681 2113 ac

400 2165 512 2223 robora
537 2162 567 2236 8,
591 2164 685 2223 haras
709 2162 853 2243 antiquas
887 2183 957 2222 cum
990 2162 1097 2241 pojata
1121 2163 1161 2222 ad
1184 2161 1205 2221 4
1228 2163 1390 2223 clausuras
1413 2162 1480 2223 sine
1514 2163 1605 2223 bonis
1628 2182 1682 2240 pa-

402 2270 546 2329 vimentis
578 2268 782 2343 inferioribus
815 2289 973 2330 cameram
1005 2270 1150 2330 frumenti
1176 2271 1216 2330 ad
1239 2290 1333 2329 unam
1364 2272 1541 2330 clausuram
1565 2270 1680 2329 bonam

401 2378 467 2438 sine
492 2376 643 2456 superiori
666 2377 855 2457 pavimento,
878 2377 1013 2437 culinam
1037 2397 1107 2437 curn
1128 2378 1255 2438 fornace
1279 2376 1416 2456 pistorea
1439 2377 1598 2451 ditrutam,
1621 2396 1676 2455 pu·

401 2494 486 2544 teum
511 2505 581 2544 cum
607 2484 708 2545 vicino
733 2485 826 2545 habet
849 2484 924 2545 nihil
948 2486 1054 2568 valent

1035 2684 1049 2716 ss

972 2727 987 2759 ss
1096 2727 1111 2758 ἡ

508 2898 606 2957 ltem
630 2898 771 2958 eadem
795 2898 861 2956 die
885 2897 921 2956 in
945 2897 1225 2975 possessione
1256 2899 1376 2978 Nagy
1403 2898 1581 2958 Goricza
1603 2907 1683 2958 ter·

402 3006 561 3065 minata.

513 3130 537 3190 l.
562 3129 715 3189 Providus
739 3129 866 3189 Marcus
887 3131 977 3206 Rusz,
995 3131 1123 3190 colonus
1140 3130 1412 3210 Pogledichianus,
1436 3132 1531 3192 habet
1554 3133 1681 3192 domurn

401 3238 569 3317 antiquam,
600 3238 746 3297 horreum
778 3237 938 3315 antiquum
974 3237 1041 3297 sine
1071 3238 1155 3297 bona
1186 3246 1285 3316 porta,
1316 3245 1482 3317 utrumque
1506 3240 1682 3301 aedificium

401 3344 597 3423 reparatione
629 3342 757 3424 indiget,
789 3344 883 3403 haras
915 3345 955 3403 ad
988 3342 1008 3402 4
1032 3345 1195 3404 clausuras
1227 3345 1371 3424 antiquas
1405 3345 1471 3405 sine
1503 3347 1594 3406 bonis
1627 3365 1681 3425 pa·

402 3451 555 3526 vimentis,
572 3469 628 3530 pro
652 3451 765 3530 quibus
789 3451 851 3510 iam
876 3451 1023 3530 aquisivit
1047 3451 1185 3524 arbores
1209 3471 1302 3511 secus
1324 3452 1434 3529 bonas,
1457 3472 1617 3513 cameram
1641 3454 1682 3513 ad

401 3560 480 3620 duas
504 3561 664 3619 clausuras
688 3559 820 3632 bonam;
845 3559 919 3619 item
944 3560 1037 3619 aliarn
1054 3578 1213 3620 cameram
1237 3561 1277 3619 ad
1300 3579 1395 3619 unam
1410 3569 1533 3639 portam
1556 3561 1683 3635 bonam,

400 3665 535 3726 culinam
565 3686 637 3726 cum
668 3666 795 3727 fornace
827 3667 966 3747 pistorea
996 3667 1112 3727 bonam
1142 3667 1209 3726 sine
1234 3675 1316 3726 tecto
1347 3685 1385 3726 ex
1417 3687 1480 3727 una
1503 3677 1601 3746 parte,
1625 3688 1682 3747 pro

401 3793 462 3854 quo
485 3783 567 3835 tecto
590 3775 652 3834 iam
678 3775 824 3854 aquisivit
849 3776 993 3836 arborem
1018 3795 1120 3850 unam,
1144 3783 1257 3854 puteus
1281 3775 1311 3834 iu
1336 3784 1420 3836 statu
1443 3777 1600 3838 mediocri.

508 3898 536 3962 2.
561 3899 773 3960 Diversorium
798 3900 943 3961 dominae
967 3902 1145 3962 comitissae
1169 3900 1336 3960 Mallenich
1361 3921 1477 3961 novum
1497 3902 1564 3961 sine
1581 3902 1678 3981 portis

400 4007 486 4067 etin
511 4007 613 4086 aliqua
637 4015 726 4086 parte
749 4017 832 4068 tecto

507 4130 537 4196 3.
572 4133 785 4193 Diversorium
823 4133 1100 4213 Pogledichianum
1138 4133 1322 4215 biangulare
1361 4133 1511 4193 cubiculis
1545 4135 1682 4212 quinque

401 4243 560 4320 provisum
584 4242 614 4300 in
638 4243 721 4303 hono
745 4250 838 4316 statu,
866 4240 1068 4322 ioenilegium
1092 4241 1123 4300 in
1148 4241 1300 4302 columnis
1324 4240 1344 4301 8
1369 4242 1494 4315 bonum,
1526 4243 1681 4302 stabulum

400 4352 556 4411 assericeo
589 4359 672 4410 tecto
703 4351 862 4429 provisum
895 4352 1012 4411 honum
1044 4350 1110 4410 sine
1143 4351 1225 4410 bono
1258 4351 1438 4428 pavimento
1462 4350 1606 4423 inferiori,
1630 4370 1681 4410 ca·

400 4477 518 4518 meram
550 4459 590 4518 ad
622 4477 716 4518 unam
747 4459 923 4518 clausuram
954 4460 1069 4519 bonam
1092 4480 1174 4520 nunc
1197 4479 1255 4538 pro
1281 4461 1413 4520 macello
1437 4458 1678 4539 deservientem,

399 4573 512 4645 puteus
535 4566 636 4625 bonus
664 4575 721 4628 est.

507 4690 537 4752 4.
560 4691 714 4751 Providus
746 4692 901 4752 Antonius
932 4691 1100 4772 Supanich,
1131 4694 1259 4753 colonus
1291 4693 1561 4773 Pogledichianus,
1585 4694 1682 4753 habet

399 4801 526 4860 domum
557 4819 681 4874 novam,
715 4819 813 4878 penes
846 4801 925 4860 hanc
958 4800 1098 4860 harulam
1123 4802 1281 4861 adunam
1310 4802 1487 4861 clausuram
1512 4802 1681 4879 antiquam,

399 4906 545 4967 horreum
576 4925 615 4966 ex
646 4907 780 4987 antiquis
813 4907 977 4968 roboribus
1012 4916 1210 4981 exstructum,
1234 4927 1326 4970 secus
1348 4908 1382 4968 in
1405 4915 1488 4968 statu
1513 4908 1681 4983 mediocri;
