3934 5550
1520 440 1585 504 387

308 655 375 714 rula
399 655 431 721 in
453 655 601 736 granario
625 654 723 728 bona;
748 655 822 713 item
846 654 976 734 Georgii
1004 655 1125 732 privata
1156 655 1247 730 bona,
1271 665 1394 735 empta;
1426 658 1500 717 item
1531 659 1585 716 Ni·

307 762 386 822 colai
410 763 545 822 Terbich
570 763 728 822 camerula
755 771 861 840 empta
885 781 904 821 a
926 762 1118 821 Mikulcbich
1141 763 1172 822 in
1196 763 1354 823 mediocri.

412 867 463 929 27.
488 869 642 929 Providus
659 868 817 948 Georgius
840 869 972 942 Iarnian,
990 870 1120 929 colonus
1140 868 1251 929 nobilis
1275 871 1473 946 Mikulchicb,
1491 872 1586 933 habet

305 979 432 1038 domurn
458 976 618 1056 antiquam
641 995 771 1055 prorsus
795 995 878 1036 nova
902 977 1063 1056 indigebit,
1095 978 1241 1036 horreum
1273 979 1429 1038 mediocre
1460 999 1585 1058 repara·

305 1085 389 1144 tione
413 1092 519 1144 tamen
547 1084 700 1163 indigens,
732 1084 825 1143 haras
849 1084 891 1142 ad
914 1084 1076 1144 clausuras
1100 1086 1121 1146 4
1144 1085 1175 1143 in
1199 1093 1282 1144 statu
1313 1086 1471 1160 mediocri,
1498 1087 1584 1165 pavi·

304 1198 409 1251 mento
443 1190 571 1272 indiget,
616 1191 807 1250 camerulam
843 1189 1003 1269 antiquam
1038 1191 1167 1250 basibus
1199 1211 1262 1250 non
1295 1192 1385 1252 bonis
1417 1193 1587 1271 provisam,

303 1298 462 1357 fornacem
501 1297 671 1376 pistoream
710 1316 772 1356 non
807 1297 889 1356 bono
925 1305 1008 1357 tecto
1039 1298 1208 1376 provisam,
1240 1307 1353 1376 puteus
1388 1319 1426 1359 ex
1461 1299 1584 1380 integro

304 1405 379 1464 nibil
403 1405 493 1464 valet.

412 1509 464 1582 28.
488 1512 643 1571 Providus
666 1512 824 1592 Georgius
849 1513 1024 1586 Misserich,
1056 1513 1174 1572 domini
1205 1514 1384 1591 spectabilis
1415 1515 1584 1575 assessoris

305 1619 459 1698 Plepelich
478 1621 616 1694 colonuS,
633 1621 771 1680 domum'
783 1620 943 1700 antiquam
961 1621 1159 1692 mediocrem,
1184 1621 1319 1680 ambitus
1335 1621 1374 1680 de
1390 1641 1473 1680 novo
1490 1602 1584 1683 debet

304 1728 379 1802 fieri,
410 1728 505 1787 haras
534 1726 566 1790 in
595 1729 679 1788 malo
710 1735 793 1787 statu
829 1729 885 1787 sed
909 1729 1047 1806 reparari
1079 1738 1218 1806 possunt,
1249 1731 1394 1789 horreum
1419 1732 1583 1807 parvulum

301 1835 466 1908 mediocre,
489 1836 649 1896 fornacem
674 1836 842 1914 pistoream
857 1855 919 1894 non
943 1835 1102 1914 provisam
1123 1837 1205 1896 bono
1228 1843 1320 1911 teet0,
1338 1844 1369 1895 et
1392 1837 1466 1896 dum
1491 1855 1581 1915 repa-

304 1952 429 2002 raverat
457 1941 549 2005 1795.
573 1945 699 2003 domum
725 1944 845 2022 accepit
868 1951 975 2003 mutuo
992 1944 1086 2002 bases
1110 1942 1140 2018 2,
1163 1963 1242 2022 quas
1259 1945 1422 2004 restituere
1447 1945 1581 2007 debebit.

410 2047 461 2109 29.
494 2050 614 2109 Nobilis
644 2051 778 2109 loannes
809 2051 898 2129 Bapt.
929 2050 1108 2128 Soplrovich
1139 2050 1234 2110 habet
1264 2051 1392 2111 domum
1423 2051 1583 2130 antiquam

301 2157 458 2230 miseram,
481 2176 574 2235 quam
592 2157 631 2215 de
647 2176 730 2217 novo
755 2175 793 2216 ex
816 2157 940 2236 integro
963 2155 1068 2216 facere
1085 2157 1219 2231 debebit,
1243 2158 1388 2217 borreum
1412 2158 1580 2232 mediocre,
1611 2188 1614 2195 .

302 2264 397 2323 haras
420 2265 460 2323 ad
485 2265 646 2324 clausuras
670 2263 690 2322 4
714 2265 745 2324 in
770 2264 918 2324 mediocri
949 2265 1031 2324 bono
1062 2265 1242 2342 pavimento
1266 2285 1328 2324 non
1351 2266 1503 2345 provisas,
1527 2285 1579 2325 ca·

303 2389 424 2430 meram
449 2370 617 2448 antiquam,
642 2371 768 2430 basibus
793 2371 953 2451 indigebit,
975 2371 1136 2430 fornacem
1161 2372 1359 2433 mediocrem.

408 2475 459 2538 30.
485 2479 637 2538 Providus
652 2478 789 2538 Michael
805 2479 973 2554 landricbs,
997 2479 1115 2539 domini
1130 2479 1308 2558 spectabilis
1325 2480 1494 2540 assessoris
1510 2480 1578 2540 Ple·

300 2585 401 2664 peliclr
425 2585 562 2660 colonus
587 2585 681 2645 babet
704 2586 832 2645 domum
854 2585 1053 2659 mediocrem,
1084 2587 1262 2645 horreolum
1292 2587 1457 2661 mediocre,
1481 2606 1578 2666 penes

303 2693 447 2754 basulam
470 2693 564 2754 etiam
596 2693 627 2752 in
658 2693 807 2752 mediocri
838 2701 930 2766 statu,
961 2693 1120 2754 fornacem
1144 2693 1313 2774 pistoream
1336 2693 1367 2751 in
1391 2694 1474 2753 malo
1497 2702 1581 2752 statu

305 2801 372 2861 sine
397 2800 479 2860 bono
502 2808 587 2861 tecto
609 2800 776 2880 provisam,
792 2801 823 2860 in
847 2801 957 2861 barula
980 2801 1101 2881 indiget
1124 2802 1304 2880 pavimento
1328 2799 1473 2864 interiori.

871 3016 1010 3093 *a*

411 3212 503 3270 Anno
539 3208 631 3273 1796.
663 3210 713 3269 die
752 3208 798 3271 19.
830 3210 976 3270 februarii
1001 3210 1032 3270 in
1056 3212 1255 3291 possessione
1286 3212 1381 3291 Nagy
1406 3210 1512 3270 Mlaka
1535 3210 1580 3268 in·

303 3318 416 3377 choata
440 3325 487 3377 est
512 3316 698 3395 conscriptio
723 3317 936 3377 aedificiorum
959 3318 1069 3378 ordine
1093 3318 1243 3398 sequenti.

414 3442 438 3503 l.
462 3443 583 3503 Nobilis
606 3443 784 3521 Stephanus
808 3442 966 3503 Krilchich
989 3443 1085 3501 habet
1107 3443 1236 3503 domurn
1261 3444 1376 3503 bonam
1407 3443 1438 3501 in
1463 3443 1580 3502 ambitu

302 3558 418 3611 tectum
442 3570 505 3609 non
527 3550 652 3625 bonurn,
668 3551 814 3609 horreum
839 3550 999 3628 antiquum
1014 3569 1105 3609 secus
1129 3549 1254 3623 bonurn,
1271 3550 1397 3611 basibus
1414 3557 1520 3610 tamen
1536 3550 1580 3609 in-

303 3658 425 3737 digenS,
449 3658 542 3717 baras
566 3677 665 3717 novas
691 3658 731 3717 ad
755 3658 916 3717 clausuras
940 3657 960 3716 5
986 3656 1182 3731 animalium3
1205 3658 1280 3717 item
1303 3658 1399 3717 haras
1423 3657 1581 3716 maialium

304 3766 344 3825 ad
369 3766 447 3825 duas
472 3766 633 3825 clausuras
665 3783 765 3824 novas
797 3764 896 3824 bonas
927 3763 1071 3824 omnibus
1098 3764 1257 3844 provisas3
1288 3764 1361 3824 item
1384 3766 1479 3823 haras
1503 3765 1579 3823 anti·

302 3893 390 3952 quas,
414 3890 452 3932 ex
483 3872 595 3951 quibus
620 3873 684 3930 vult
707 3890 805 3949 penes
828 3872 972 3931 borreum
1001 3871 1202 3951 toenilegium
1226 3880 1415 3945 construere,
1439 3890 1580 3949 proquo

302 3980 454 4060 indigebit
477 3980 605 4039 basibus
629 3988 660 4039 et
684 3980 745 4039 alia
769 3980 920 4058 superiori
943 3989 1041 4058 parte,
1069 3998 1227 4038 cameram
1252 3979 1291 4037 ad
1315 3978 1395 4037 duas
1419 3979 1580 4037 clausuras

302 4106 358 4165 pro
381 4106 463 4145 nunc
488 4088 518 4145 in
541 4086 623 4145 bono
648 4096 746 4161 statu3
770 4087 844 4146 item
868 4086 1058 4146 camerulam
1083 4086 1124 4144 ad
1148 4103 1241 4143 unam
1257 4086 1434 4143 clausuram
1450 4083 1579 4154 bonam3

303 4194 378 4252 item
401 4212 498 4272 penes
522 4193 684 4271 parvulam
710 4195 749 4253 ad
774 4195 853 4253 duas
876 4202 982 4271 portas
1005 4192 1195 4252 camerulam
1220 4199 1291 4269 post
1316 4191 1441 4270 aliquod
1458 4200 1580 4267 tempus

304 4300 431 4359 basibus
462 4300 639 4379 indigentes
683 4300 909 4375 adinvenimus,
951 4300 1084 4359 culinam
1115 4318 1185 4357 cum
1217 4298 1343 4357 lornace
1379 4298 1515 4375 pistorea
1549 4296 1581 4355 in

302 4414 386 4466 statu
409 4408 500 4480 b0n0,
526 4417 648 4485 praeter
672 4409 757 4488 quod
779 4415 896 4467 tectum
920 4407 1082 4485 perpluum
1105 4406 1230 4465 habeat.

411 4514 439 4575 2.
463 4514 582 4575 Nobilis
606 4514 763 4595 Georgius
786 4513 942 4573 Krilchich
963 4514 1057 4573 habet
1080 4514 1207 4572 domum
1228 4513 1387 4590 antiquam
1404 4519 1580 4591 angustam,

303 4642 386 4681 nova
417 4622 545 4702 indiget,
576 4642 632 4699 pro
664 4642 727 4701 qua
749 4622 812 4695 iam
836 4622 931 4680 babet
963 4620 1208 4699 assignationem
1232 4619 1387 4690 arborum,
1422 4627 1453 4677 et
1486 4618 1581 4676 babet

304 4730 398 4789 etiam
422 4729 519 4787 multa
543 4728 694 4801 coniecta,
719 4746 757 4787 ex
782 4728 909 4806 antiqua
933 4735 1036 4787 autem
1065 4735 1169 4805 potest
1200 4726 1284 4786 aliud
1315 4725 1491 4785 aedificium
1522 4724 1580 4783 sibi

302 4836 514 4895 necessarium
538 4834 684 4914 errigere,
709 4834 852 4893 borreum
878 4834 971 4893 habet
996 4834 1155 4912 antiquum
1181 4833 1241 4892 iam
1266 4833 1373 4891 ruinae
1397 4830 1580 4909 proximum,

302 4944 386 5031 quod
410 4943 523 5009 debeat
547 4942 586 5005 de
610 4960 692 5004 novo
708 4940 812 5021 errigi,
835 4941 978 5000 nimirum
1002 4960 1040 5000 ex
1064 4941 1157 4999 domo
1179 4940 1306 5019 antiqua
1326 4938 1439 4998 additis
1464 4938 1581 5019 aliquot

1494 5094 1510 5128 4
