3934 5550
1502 396 1569 467 439

286 626 452 702 praeclusa
483 623 582 694 luerit,
616 636 664 681 err·
687 630 725 683 eo
756 622 889 683 dominis
920 620 1095 700 perceptori
1128 628 1159 679 et
1187 620 1267 679 -fisco
1291 610 1500 694 committitur,
1532 627 1565 679 ut

287 731 537 811 praerecensitos
568 739 688 809 pontes,
714 731 754 790 ad
763 760 768 769 π’
777 742 934 791 summum
965 737 1071 807 usque*
1092 728 1205 788 iestsrm
1230 726 1331 787 saneti
1354 727 1493 787 Mathaei
1507 744 1566 787 re·

286 838 390 917 parari
413 816 588 918 procurent,
612 840 770 917 etquoad
802 838 996 898 laboratores
1023 856 1095 896 cum
1118 835 1294 895 intelventu
1318 834 1412 895 etiam
1444 835 1572 913 inspece

286 955 387 1006 torum
412 944 472 1007 luci
495 946 616 1006 debitas
641 944 860 1025 dispositiones
876 945 1002 1013 faciant,
1026 930 1057 1003 et
1081 942 1165 1002 viam
1189 940 1437 1002 Lelte'nicensem
1460 954 1569 1003 rursus

287 1052 429 1131 aperiant
452 1062 483 1113 et
506 1062 689 1114 restaurent
716 1058 717 1063 ’
779 1062 781 1069 ⁴
1075 1061 1077 1068 ’
1408 1063 1411 1067 “
1502 1061 1505 1063 ’

323 1180 336 1189 ’·
371 1176 386 1191 “’
400 1158 451 1224 12.·
471 1156 637 1221 Terminus
661 1159 905 1241 glandidationis
929 1159 1055 1218 ultimus
1069 1156 1253 1235 praeligitur
1270 1155 1307 1215 -in
1329 1146 1463 1234 primum
1484 1147 1567 1217 diem

285 1270 360 1348 post
386 1268 500 1328 festum
525 1268 631 1328 'sancti
664 1268 815 1341 Mathaei,
841 1268 926 1345 quod
950 1265 976 1325 si
999 1269 1116 1325 tamen
1141 1260 1274 1344 quatuor
1294 1272 1353 1322 aut
1368 1276 1431 1324 sex
1455 1263 1565 1325 diebus

284 1375 368 1453 prius
381 1375 548 1436 abundans
573 1376 677 1455 pluvia
701 1374 800 1451 fuerit,
828 1374 973 1435 dominus
997 1392 1105 1434 comes
1127 1373 1222 1432 talem
1248 1363 1419 1449 anticipare
1442 1373 1563 1451 poterit.

350 1484 352 1487 ’
394 1482 450 1547 13.’
464 1482 624 1563 Siquidem
636 1482 833 1563 'eriperientia
850 1466 1089 1562 comprobatum
1104 1482 1281 1555 haberetur,
1299 1473 1454 1540 nonnuios
1468 1469 1564 1541 male·

284 1592 372 1652 volos
389 1590 478 1670 'po'st
513 1572 680 1670 impulsum
712 1593 781 1651 luco
814 1592 970 1651 communi
1002 1590 1176 1650 maialium·
1197 1596 1338 1669 gregem
1360 1589 1564 1669 glandes'ex

284 1696 444 1759 arboribus
458 1716 461 1725 ’
477 1698 624 1759 decutere
657 1700 726 1758 cum
752 1699 924 1759 manilesto
942 1706 1030 1757 tum·
1054 1696 1184 1756 aliorum
1210 1696 1342 1774 'aequale
1366 1696 1397 1755 in
1420 1696 1492 1755 luco'
1514 1696 1563 1755 ius

282 1807 461 1867 habentium
498 1804 698 1885 praeiudicio,
733 1826 804 1866 cum
840 1814 879 1866 et‘
905 1804 989 1865 vitae
1024 1806 1249 1883 nonnunquam
1284 1792 1434 1882 periculo
1456 1788 1567 1865 sontes

281 1912 385 1986 luisse,
401 1933 438 1973 ex
457 1934 494 1973 eo
510 1912 649 1973 omnium
665 1892 817 1973 malorum
841 1916 952 1972 horum
975 1912 1271 1973 antevertendornm
1288 1924 1384 1971 causa
1408 1912 1562 1984 statuitur,

284 2000 473 2101 ut·glandes
501 2020 686 2081 dicutientes
716 2038 773 2101 pro
803 2020 996 2101 primavice
1025 2006 1229 2099 ungaricales¹
1247 2017 1291 2078 24
1320 2019 1352 2078 in
1377 2013 1417 2101 Ἥ
1437 2029 1560 2079 -c'assae

286 2128 486 2202 domesticae,
509 2129 540 2188 in
571 2124 606 2211 ΨΒ
621 2146 696 2189 vero
720 2128 913 2189 denuntianti
942 2146 1087 2188 cessuros
1110 2128 1232 2187 solvere
1256 2135 1408 2201 teneatur,
1428 2135 1489 2205 pro
1513 2146 1562 2186 se·

283 2236 385 2296 cunda
411 2216 489 2296 vero
508 2236 576 2295 vice
601 2237 730 2296 maiales
763 2236 870 2296 talium
895 2254 914 2295 e
936 2238 1007 2295 luco
1031 2233 1232 2313 expellantur,
1255 2225 1461 2295 'etfnonrnisi
1480 2254 1558 2315 erga

282 2344 467 2404 solutionem
502 2352 594 2405 taxae
629 2336 684 2423 p'ro
716 2344 872 2404 extraneis
897 2342 1043 2403 definitae
1075 2342 1259 2402 iterumad
1291 2330 1560 2423 glandinationem

280 2450 480 2511 immituntur.
512 2433 625 2528 Quoad
658 2434 841 2532 glandinum
872 2468 948 2511 vero
981 2451 1162 2510 collectores
1187 2451 1273 2510 velut
1296 2456 1416 2509 tantum
1441 2450 1562 2528 praeiu-

282 2559 396 2621 dicium
426 2541 512 2619 haud
540 2560 716 2629 inferentes,
742 2560 902 2619 dimidium
934 2558 1119 2638 praeattacti
1146 2558 1276 2638 birsagii
1300 2566 1426 2617 etcum
1450 2558 1560 2619 iisdem

284 2667 424 2727 cautellis
448 2668 550 2726 locum
574 2666 708 2727 habebit.
734 2649 853 2743 Quare¹
865 2666 958 2726 etiam
970 2672 972 2677 ’
983 2666 1049 2725 luci*
1067 2664 1293 2743 inspectoribus
1310 2666 1403 2725 serio
1422 2666 1566 2730 commit-J

281 2775 364 2852 titur,
389 2783 422 2834 ut
446 2776 617 2836 malevolos
642 2774 795 2835 eiusmodi
823 2785 1073 2854 transgressores
1097 2771 1164 2832 sine
1188 2793 1278 2833 mora
1307 2772 1565 2834 domino-·'eomiti

281 2882 419 2942 terrestri
443 2882 634 2943 denuntient.
693 2903 694 2906 ¹
745 2891 748 2898 '
1386 2882 1390 2890 '

299 3017 301 3021 v
392 2987 439 3047 14.
461 2989 579 3064 Quoad
611 2997 777 3048 extraneos
811 2988 1018 3050 censualistas
1051 2989 1080 3046 in
1113 2989 1338 3048 iurisdictione.
1355 2988 1565 3048 universitatis

280 3096 370 3155 huius
406 3104 514 3156 tenuta
549 3096 745 3174 possidentes
779 3095 930 3169 statuitur,
966 3105 1000 3154 ut
1023 3097 1178 3156 dominus
1209 3105 1373 3175 perceptor
1402 3107 1492 3156 taxas
1523 3096 1564 3156 ab

281 3201 392 3263 iisdem
416 3203 531 3262 tenutis
556 3203 713 3280 praestari
737 3203 856 3262 solitas
879 3221 936 3280 pro
960 3202 1138 3280 praeterito,
1161 3203 1188 3262 si
1211 3211 1242 3262 et
1265 3202 1472 3281 inquantum
1495 3203 1564 3262 fieri

280 3309 414 3388 potuerit
449 3329 505 3388 pro
528 3311 631 3370 luturo
654 3325 730 3369 vero
754 3308 942 3382 omnimode,
970 3318 1006 3368 :et
1029 3310 1210 3369 inommisse
1233 3309 1339 3388 exigat
1362 3317 1393 3369 et
1417 3310 1563 3370 incesset.

393 3417 440 3479 15.
466 3417 607 3478 Dominis
638 3417 813 3496 perceptori
844 3427 875 3476 et
907 3418 983 3476 fisco
1007 3418 1215 3494 committitur,
1243 3426 1276 3476 ut
1300 3427 1376 3477 ante-
1398 3417 1562 3478 ‘maialium

280 3523 397 3583 domini
428 3523 591 3584 -Clremich
621 3524 652 3583 in
687 3525 790 3585 lucum
827 3543 1024 3584 communem
1059 3519 1285 3584 immissionem
1321 3526 1400 3586 tales
1435 3525 1563 3604 praevie

279 3638 512 3692 connumerent.
537 3667 539 3672 ·

391 3737 439 3802 16.
464 3739 620 3817 Quoniam
658 3741 726 3800 viae
759 3760 796 3800 ex
828 3739 1081 3818 possessionibus
1112 3741 1263 3801 ducentes
1294 3748 1326 3800 et
1358 3740 1561 3819 partim-sub

285 3848 416 3927 imperio
448 3846 611 3907 Gallicano
636 3854 784 3921 enectae,
814 3847 927 3926 partim
961 3867 1037 3907 vero
1061 3856 1093 3906 et
1114 3847 1200 3925 prius
1224 3848 1564 3925 praeexistentes,=non

278 3955 347 4016 sine
364 3974 480 4036 magno
492 3955 588 4014 totius
600 3954 746 4016 nobilium
761 3955 874 4035 Campi
884 3956 1065 4034 Turopolya
1081 3955 1293 4015 universitatis
1302 3955 1493 4034 praeiudicio
1509 3975 1562 4015 ne·

281 4060 358 4140 gligi
384 4070 523 4139 possent,
551 4081 588 4121 ex
614 4081 651 4121 eo
678 4061 796 4122 iudices
819 4061 1066 4139 respectivarum
1090 4062 1348 4122 communitatum
1373 4059 1564 4142 singularem

278 4167 486 4246 reparationis
518 4167 663 4228 similium
694 4169 816 4228 viarum
849 4169 929 4228 intra
958 4169 1147 4229 territorium
1170 4169 1308 4230 cuiusvis
1332 4165 1564 4229 communitatis

277 4275 474 4335 existentium
498 4285 610 4336 carram
629 4294 750 4356 gerere,
767 4276 897 4355 viasque
921 4275 952 4334 in
975 4277 1059 4336 bono
1075 4285 1159 4336 statu
1184 4295 1372 4336 conservare
1389 4276 1556 4337 debebunt

758 4472 1009 4534 Articulus
1044 4470 1131 4532 3.».

280 4619 285 4630 ·”
382 4612 1563 4727 Dequaerimoniispernonnullosiu'dicesunivers'it‘ati

275 4719 515 4800 propositis.
765 4725 767 4728 ’
854 4719 856 4726 ’
1307 4723 1315 4756 ”
1352 4738 1355 4742 “
1396 4719 1467 4756 ”’·”*
1494 4749 1498 4754 ’
1524 4752 1565 4808 J

386 4805 418 4889 lJ
437 4827 571 4890 Auditae
585 4839 664 4889 'sunt
680 4811 1016 4909 quaeribroniae‘'tam''*
1023 4849 1080 4910 per
1102 4829 1238 4909 priorem
1262 4827 1372 4892 fiscum
1385 4811 1556 4893 ''doliiirrum

276 4937 425 4995 loannem
457 4935 651 5012 Chunchich,
678 4956 773 5018 quam
797 4949 828 4998 et
858 4937 936 4998 alios
968 4938 1133 4998 nonnullos
1157 4937 1276 4999 iudices
1299 4933 1564 5000 communitatum
