3934 5550
1502 432 1567 503 267

285 660 366 711 stum
399 646 611 730 dispositionis
643 658 769 711 nostrae
808 648 891 711 1735
924 650 953 711 8.
977 651 1053 711 iunii
1083 652 1262 732 Zagrabiae
1290 648 1469 731 expeditae*
1492 640 1565 713 con·

285 765 446 838 temptum,
469 758 581 819 iterum
605 758 791 833 celebrasse,
808 758 1031 839 dominumque
1052 759 1219 843 vaivodam
1243 759 1407 839 capitaneo
1431 780 1489 821 suo
1505 762 1565 821 ele·

286 866 381 946 gisse‚
404 867 488 946 quod
512 866 638 927 omnino
662 866 798 927 officium
821 886 877 946 per
900 866 1060 927 dominum
1082 867 1249 929 vaivodarn
1265 876 1462 946 acceptatum
1485 887 1566 940 esse,

286 993 325 1035 eo
357 974 490 1054 amplius
523 974 612 1035 nobis
643 974 803 1054 displacet,
835 974 920 1055 quod
951 975 1088 1055 duplicia
1115 994 1227 1055 gerere
1259 975 1364 1036 officia
1386 994 1449 1036 non
1472 977 1567 1035 modo

286 1081 524 1161 praedeclarata
548 1081 751 1160 dispositione
775 1090 883 1143 nostra
906 1081 1129 1161 perhibuimus,
1152 1083 1209 1143 sed
1225 1082 1341 1162 inipso
1365 1082 1467 1143 adhuc
1484 1101 1566 1143 anno

291 1188 382 1253 1734.
407 1190 497 1267 Tata,
521 1188 579 1249 sub
603 1187 654 1251 27.
678 1189 867 1265 novembris,
881 1188 1040 1251 dominum
1065 1190 1233 1251 vaivodam
1256 1198 1362 1251 eotum
1385 1191 1489 1251 adbuc
1513 1209 1566 1250 ve-

287 1297 458 1372 villiierum,
482 1297 670 1377 specialibus
702 1298 862 1358 ordinibus
886 1297 1001 1358 nostris
1028 1297 1285 1373 commiserimus,
1308 1298 1392 1377 quod
1415 1298 1505 1359 civile
1528 1317 1567 1359 ac

287 1406 418 1467 militare
441 1404 656 1466 confiniarium
680 1405 840 1465 servitium
865 1406 1027 1483 possidere
1051 1424 1089 1465 ex
1120 1406 1292 1467 rationibus
1324 1407 1399 1468 inibi
1428 1407 1567 1481 adnexis,

287 1514 403 1574 nemini
435 1514 597 1593 indulgere
629 1512 794 1591 possimus.
827 1512 958 1573 Noverit
988 1512 1118 1591 proinde
1149 1514 1200 1573 vel
1230 1514 1462 1593 capitaneatum
1493 1514 1567 1574 dicti

289 1621 411 1700 Campi,
448 1622 497 1682 vel
532 1620 735 1681 vaivodatum
767 1640 857 1679 suum
897 1620 1068 1701 resignare,
1103 1620 1130 1681 si
1165 1621 1398 1700 capitaneatum
1433 1621 1567 1682 retinere

288 1728 528 1807 praeoptaverit,
561 1727 764 1788 vaivodatum
796 1728 936 1788 eiusdem
961 1747 999 1787 eo
1022 1726 1106 1788 lacto
1139 1728 1228 1789 alteri
1259 1730 1465 1806 conteremus,
1496 1729 1568 1789 licet

289 1834 470 1913 ampliorem
486 1835 675 1896 iustissimae
698 1843 871 1895 mereretur
896 1834 1209 1912 animadversionem,
1224 1837 1308 1916 quod
1332 1836 1447 1915 duplici
1470 1836 1567 1897 hocce

287 1942 318 2001 in
342 1961 437 2021 passu
461 1942 524 2003 iarn
547 1942 732 2022 praehabito
762 1943 911 2003 mandato
935 1942 1003 2003 sine
1038 1942 1250 2022 resignatione
1274 1943 1460 2005 vaivodatus
1483 1944 1567 2023 capi·

287 2058 447 2110 taneatum
479 2058 644 2130 acceptare
667 2051 912 2129 praesumpserit
913 2096 1078 2114 ......
1106 2048 1154 2113 19.
1178 2052 1353 2112 decembris
1385 2050 1477 2113 1737.

392 2190 471 2263 Orig.
490 2194 649 2261 conceptio.
670 2194 700 2246 ln
720 2193 835 2247 archivo
850 2208 960 2262 regnor.
979 2191 1011 2245 C.
1031 2192 1059 2246 S.
1078 2198 1108 2245 et
1126 2191 1159 2246 D.
1180 2194 1348 2263 Zagrabiae:
1366 2195 1438 2248 Acta
1456 2194 1568 2249 banalia

286 2297 310 2335 a.
331 2281 409 2337 1737.
430 2282 474 2335 Nr.
495 2282 554 2337 705.

393 2372 502 2425 Eodem
522 2372 570 2425 die
589 2372 665 2425 idem
684 2373 776 2426 banus
795 2372 894 2425 scribit
919 2372 1038 2425 domino
1061 2372 1245 2443 Sigismundo
1266 2373 1397 2428 Skeriecz
1416 2375 1443 2427 in
1464 2375 1567 2427 eodem

284 2463 396 2529 merito,
415 2471 445 2517 et
457 2462 573 2516 mandat
592 2464 828 2517 restaurationem
850 2462 961 2516 noviter
980 2462 1192 2517 celebrandam.

412 2624 485 2678 Vide
504 2626 559 2678 doc
587 2626 640 2678 sub
660 2624 705 2680 Nr.
724 2625 785 2680 203.
806 2632 835 2679 et
854 2624 915 2679 204.

883 2909 992 2986 214.

397 3109 490 3170 Anno
519 3107 611 3171 1738.
639 3107 686 3170 16.
711 3110 851 3172 ianuarii.
877 3111 910 3170 ln
934 3112 1078 3188 Salanye.

396 3303 514 3365 Comes
539 3305 689 3383 iosephus
713 3305 914 3383 Eszterhazy,
937 3307 1047 3380 banus,
1071 3306 1253 3387 Sigismudo
1275 3306 1422 3367 Skerlecz
1455 3307 1570 3368 scribit

291 3413 375 3490 quod
398 3418 562 3472 contentus
586 3420 634 3471 est
658 3412 813 3488 reiterata,
829 3413 992 3491 nuperimo
1016 3414 1165 3474 mandato
1189 3412 1293 3474 banali
1316 3413 1562 3492 obtemperando

290 3519 494 3600 magistratus
517 3517 631 3598 Campi
654 3521 833 3599 Turopolya
857 3520 1018 3583 electione.
1044 3520 1217 3581 »Limitatis
1240 3529 1345 3581 tamen
1370 3521 1464 3581 officii
1488 3523 1570 3602 capi-

292 3637 437 3690 taneatus
461 3628 556 3689 veluti
579 3628 755 3710 exigentiae
772 3629 886 3688 summi
909 3627 1064 3707 principis,
1089 3627 1267 3707 publicique
1290 3628 1468 3688 nullatenus
1487 3647 1571 3689 com·

293 3745 490 3812 mensurata,
521 3735 611 3796 sicuti
646 3735 781 3816 sequelis
813 3743 881 3796 utut
911 3734 1202 3799 inconvenientibus
1234 3735 1375 3815 exposita
1406 3742 1499 3812 esset,
1529 3735 1573 3796 ita

291 3845 559 3906 confirmationem
588 3843 748 3905 electionis
771 3844 800 3903 d.
824 3844 978 3904 vaivodae
1003 3843 1129 3915 Mixich,
1160 3862 1220 3902 nec
1250 3842 1310 3903 hoc
1333 3843 1427 3902 modo
1459 3843 1572 3904 ratiha-

291 3954 366 4014 bere
390 3953 565 4015 consultum
590 3952 806 4012 arbitramur«.

395 4075 476 4147 Orig.
494 4075 652 4144 conceptio.
672 4075 704 4128 ln
722 4073 836 4128 archivo
856 4089 966 4144 regnor.
986 4071 1017 4127 C.
1036 4072 1063 4127 S.
1083 4079 1113 4126 et
1132 4073 1164 4126 D.
1185 4071 1350 4142 Zagrabiae:
1369 4073 1442 4127 Acta
1461 4073 1572 4128 banalia

291 4183 315 4222 a
336 4166 479 4221 1738111.
499 4167 541 4220 41.

879 4449 986 4520 m.

400 4653 493 4714 Anno
521 4647 612 4713 1738.
637 4651 666 4716 2.
690 4660 722 4712 et
745 4650 949 4730 sequentibus
979 4649 1096 4711 mensis
1119 4651 1202 4715 maii.
1225 4649 1401 4712 Varasdini.

399 4855 505 4914 Status
529 4861 560 4913 et
583 4851 708 4911 ordines
723 4850 812 4931 regni
829 4848 996 4910 articulo4
1021 4857 1176 4909 statuunt:
1203 4849 1273 4909 »Ad
1296 4848 1477 4928 questiones
1493 4847 1569 4922 illas,
