3934 5550
428 414 467 477 16

427 641 634 692 memoratum
660 631 859 690 franciscum
884 631 923 690 de
948 631 1087 704 Nadasd,
1112 631 1153 690 ad
1169 631 1311 710 quintum
1327 631 1483 691 decimum
1499 631 1582 689 diem
1597 630 1704 690 huius·

428 740 512 801 modi
536 739 753 819 exequutionis
777 749 808 799 et
832 738 988 800 violentae
1012 739 1197 818 repulsionis
1220 735 1456 819 computando³,
1475 748 1600 798 vestrae
1615 757 1705 817 spec·

426 849 529 908 rabilis
553 859 585 908 et
609 847 797 928 magnificae
821 847 1044 907 dominationis
1066 847 1099 906 in
1130 847 1352 925 praesentiam,
1381 847 1412 906 in
1444 847 1552 907 sedem
1587 846 1705 907 scilicet

425 957 566 1017 eiusdem
592 956 737 1016 banalem
762 964 936 1030 evocasset,
960 957 1114 1015 rationem
1137 955 1315 1017 huiusmodi
1338 956 1495 1016 violentae
1519 955 1705 1033 repulsionis

425 1066 602 1125 reddituros
634 1064 805 1137 efficacem,
836 1075 868 1124 et
899 1065 944 1124 sic
968 1083 1027 1123 nos
1050 1064 1227 1124 huiusmodi
1249 1075 1378 1124 nostrae
1408 1063 1625 1143 exequutionis
1655 1083 1704 1123 se·

427 1173 514 1246 riem‚
539 1181 572 1232 ut
595 1172 697 1232 iuerat
721 1173 901 1250 expediens,
924 1172 1027 1232 eidem
1052 1182 1176 1232 vestrae
1199 1172 1363 1250 spectabili
1386 1182 1418 1232 et
1441 1171 1630 1251 magnificae
1649 1172 1704 1232 do-

429 1279 591 1340 minationi
615 1299 673 1340 suo
697 1280 791 1340 modo
814 1279 960 1340 duximus
984 1279 1229 1354 rescribendum,
1251 1279 1446 1358 praenotatis
1467 1279 1565 1340 literis
1580 1289 1705 1339 vestrae

424 1387 679 1468 magnificentiae
703 1387 936 1448 adiudicatoriis
959 1387 1238 1447 sententioualibus
1261 1388 1364 1466 capite
1387 1387 1481 1468 sigilli
1510 1387 1608 1446 nostri
1631 1407 1703 1448 con·

424 1495 566 1575 signatis,
593 1495 685 1555 simul
708 1515 779 1555 cum
804 1495 1022 1573 praesentibus
1046 1495 1149 1554 eidem
1173 1495 1336 1573 spectabili
1351 1504 1383 1554 et
1402 1495 1591 1574 magnificae
1606 1495 1704 1554 domi·

426 1603 543 1663 nationi
570 1615 693 1663 vestrae
718 1603 748 1662 in
773 1603 878 1682 specie
903 1602 1050 1662 remissis.
1075 1603 1191 1662 Datum
1214 1612 1304 1662 sexto
1326 1603 1377 1662 die
1401 1602 1463 1662 diei
1479 1604 1633 1664 uiolentae
1656 1622 1704 1662 re·

425 1711 577 1790 pulsionis
601 1721 631 1770 et
664 1730 726 1770 non
758 1710 956 1770 admissionis
986 1709 1204 1788 exequutionis
1234 1719 1499 1788 praenotatamm,
1534 1730 1617 1770 anno
1651 1711 1704 1769 do·

425 1818 500 1878 mini
523 1819 687 1879 millesimo
710 1817 962 1898 quingentesimo
986 1818 1188 1898 sexagesimo
1211 1829 1309 1878 sexto.

532 1943 573 1996 Ex
593 1943 806 1996 adiudicatoriis
825 1943 890 1995 bani
909 1941 1108 2008 christophori
1132 1941 1265 2011 annad
1293 1958 1317 1994 a
1348 1941 1425 1995 roez.
1445 1943 1476 1993 ln
1495 1942 1609 1994 archivo
1628 1957 1705 1994 com-

424 2049 501 2086 mun.
521 2033 586 2086 nob.
606 2033 643 2085 dc
661 2032 824 2101 Turopolje.

534 2175 541 2206 ¹
562 2177 586 2230 2.
606 2177 674 2230 iunii
695 2173 773 2230 1565.
813 2177 822 2204 ²
841 2177 884 2229 24.
905 2183 984 2230 mart.
1025 2169 1077 2229 ²7.
1098 2193 1156 2244 apr.

531 2625 622 2684 ,111110
651 2623 744 2686 1569.
772 2623 819 2686 16.
843 2625 988 2686 octobris.
1013 2625 1147 2686 Posonii.

531 2806 761 2867 Maximilianus
784 2808 819 2868 ll.
844 2807 1027 2887 Hungariae
1051 2815 1109 2867 etc.
1133 2826 1198 2883 rex,
1221 2807 1383 2867 Andream
1398 2808 1576 2884 lstwanych
1593 2826 1630 2866 ac
1647 2826 1703 2885 per

423 2934 494 2975 eum
518 2932 646 2975 uxorem
680 2915 746 2974 eius
778 2915 922 2975 Ursulam
954 2914 1049 2974 filiam
1080 2915 1222 2975 'lbomae
1247 2915 1435 2991 Wydanych
1466 2915 1555 2975 aliter
1584 2914 1703 2991 Swpan

422 3022 495 3083 dicti
525 3024 565 3082 de
597 3022 691 3102 Nagy
723 3022 839 3099 Mlalra,
876 3022 1080 3103 Stephanum,
1116 3023 1243 3082 Petrum
1275 3030 1307 3082 et
1337 3022 1492 3081 Helenam
1522 3022 1635 3099 proles,
1667 3040 1704 3081 ac

421 3131 609 3211 Gregorium
645 3139 677 3189 et
707 3130 859 3190 Mathiam
895 3131 1071 3207 lstwanych
1111 3132 1269 3209 patrueles
1293 3130 1411 3203 eius‚e
1444 3138 1527 3188 statu
1560 3128 1641 3188 civili
1672 3129 1704 3187 in

422 3248 544 3299 coetum
568 3238 715 3297 nobilium
741 3238 878 3313 assumit,
910 3238 1047 3317 ipsisque
1079 3256 1167 3298 arma
1190 3256 1246 3297 seu
1269 3236 1405 3316 insignia
1433 3235 1601 3295 nobilitatis
1629 3254 1703 3294 con·

421 3346 512 3407 cedit.
536 3346 679 3405 Andreas
706 3346 882 3422 lstwanych
907 3354 940 3404 ut
963 3346 1152 3405 castellanus
1183 3345 1278 3405 castri
1300 3345 1386 3404 Selin
1410 3343 1547 3403 maxima
1576 3342 1703 3402 servitia

423 3454 514 3512 l’etro
539 3453 674 3529 Erdody,
698 3452 895 3531 consortique
919 3454 987 3513 eius
1009 3454 1170 3513 Barbarae
1194 3453 1296 3529 Alapy
1320 3450 1467 3511 exhibuit

532 3560 619 3619 Haec
635 3578 738 3619 armas
755 3560 930 3639 publicatae
954 3570 1026 3619 sunt
1050 3561 1080 3619 in
1104 3560 1244 3639 generali
1268 3576 1418 3638 congreg.
1440 3558 1530 3638 regni
1554 3557 1703 3617 Croatiae

423 3688 504 3727 anno
533 3666 625 3729 1597.
648 3666 727 3727 feria
751 3670 890 3728 secunda
914 3679 984 3747 post
1007 3670 1122 3728 festum
1146 3667 1339 3727 ascensionis
1361 3664 1501 3726 domini'.

529 3788 674 3859 Originalc
695 3792 917 3845 membraneum.
946 3790 1074 3861 Sigillum
1095 3790 1248 3857 appendet.
1273 3789 1358 3856 Apud
1383 3789 1449 3841 nob.
1473 3788 1628 3857 Georgium
1654 3788 1704 3838 lst-

421 3880 510 3941 vanit‚
530 3879 625 3933 llaiori
645 3878 766 3933 Goricac
786 3879 892 3933 11133.
914 3910 945 3915 —
967 3880 1120 3942 Viteaovit,
1141 3878 1298 3948 mjeseenik
1322 3894 1355 3931 za
1378 3877 1567 3947 genealogiju‚
1592 3878 1704 3945 biogra-

423 3968 669 4036 fiju.hcra1dikui
691 3970 862 4039 siragistiku.
881 3971 901 4023 l.
921 3986 983 4039 pag.
1009 3970 1065 4022 rol.

535 4094 541 4123 ¹
562 4096 586 4149 11.
607 4096 680 4147 maii.

1032 4379 1102 4450 10.

530 4546 622 4606 Anno
651 4544 742 4607 1569.
768 4546 818 4607 22.
843 4548 1031 4609 novembris.
1055 4547 1089 4607 ln
1113 4548 1266 4625 Gorycza.

534 4708 623 4769 Feria
655 4709 752 4769 tercia
784 4712 814 4769 in
838 4711 918 4769 festo
942 4720 1050 4769 sancte
1085 4710 1201 4770 Cecilie
1234 4712 1363 4791 virginis
1395 4720 1425 4771 et
1462 4711 1607 4785 martiris,
1639 4721 1706 4771 tota

429 4818 615 4877 universitas
640 4817 669 4876 111
695 4818 808 4878 Μ111011
832 4820 976 4895 (iorycza
1001 4818 1178 4892 constituta,
1202 4820 1388 4898 magnificos
1412 4819 1557 4879 dominos
1581 4818 1702 4897 Caspa-

426 4945 504 5002 rum,
529 4926 722 5007 Stephanum
747 4936 776 4987 et
801 4926 963 4989 Nicolaum
989 4927 1092 5008 Alapy
1117 4928 1156 4989 de
1180 4928 1274 5010 Nagh
1298 4928 1439 5007 Kemlek,
1471 4926 1644 5007 assumpsit
1676 4926 1707 4989 in
