3934 5550
402 391 468 454 2⁰0

402 617 481 682 rant,
505 616 537 669 et
560 609 663 684 toties,
687 611 809 689 quoties
832 611 893 671 hoc
917 630 1007 672 anno
1023 623 1087 685 non
1110 621 1351 692 comparuerunt
1367 614 1397 673 in
1414 614 1534 687 castris,
1548 633 1682 694 poenam

402 735 439 775 ex
464 716 581 777 eisdem
607 717 758 782 desumet

508 826 550 885 ln
573 826 712 885 dorso:
736 825 900 887 Generoso
917 826 1044 886 domino
1058 828 1152 887 Petro
1167 828 1307 889 Uallicza
1320 828 1408 888 aliter
1420 829 1680 906 Szenkouachky,

401 931 611 993 universitatis
638 934 786 993 nobilium
810 932 924 1012 Campi
947 933 1171 1014 Zagrabiensis
1194 936 1375 1013 Turopolya
1398 936 1472 997 dicti
1496 937 1601 997 comiti
1617 946 1677 997 ter·

402 1040 491 1099 restri
514 1048 581 1115 etc,
605 1040 706 1101 amico
729 1041 1023 1102 observandissimo.
1059 1102 1062 1106 ,
1409 1054 1412 1057 ’

507 1162 652 1234 Originale
680 1164 870 1229 chartaceum
899 1180 916 1217 a
939 1171 1023 1235 tergo
1055 1167 1184 1234 appressi
1212 1166 1295 1237 sigilli
1320 1168 1480 1237 vestigium.
1499 1168 1541 1221 *ln
1567 1168 1682 1221 archivo

400 1268 541 1307 commun.
562 1255 626 1331 nob3
647 1254 683 1307 de
702 1253 865 1321 TuropolJ'e.

921 1528 923 1533 ’
1037 1540 1141 1613 154.

504 1738 598 1798 Anno
626 1735 720 1801 1691.
744 1736 796 1801 28.
819 1740 1007 1803 novembris.
1031 1739 1147 1801 Sellini.

398 1931 563 1996 Nicotaus
594 1931 762 2018 Erdeody,
795 1931 914 2011 barrus,
943 1885 1061 1997 comiti
1093 1936 1173 1998 terr.
1203 1932 1326 2020 Campi
1364 1934 1549 2021 Turopolio
1577 1943 1680 2023 prae-

399 2040 487 2127 cipit,
510 2043 550 2104 ut
572 2038 730 2105 homines
760 2060 843 2105 suos
866 2060 932 2126 quo
955 2039 1061 2106 cilius
1088 2040 1126 2105 in
1151 2040 1366 2127 Czerouszky
1404 2040 1504 2125 Ueri»,
1539 2048 1680 2125 statuat.

612 2239 773 2300 Generose
797 2230 922 2301 domine
945 2241 1046 2302 amice
1068 2229 1364 2305 observandissime

505 2383 599 2460 Quod
622 2390 828 2462 posteaquam
852 2384 913 2443 hoc
937 2393 1096 2445 momento
1127 2395 1238 2461 certos,
1270 2395 1336 2447 tum
1367 2386 1576 2461 Carlostadio,
1607 2407 1679 2449 cum

399 2493 493 2553 etiam
518 2512 557 2553 ex
580 2492 720 2571 partibus
743 2493 864 2553 noviter
895 2494 1056 2573 occupatis
1088 2494 1320 2573 accepissemus
1347 2513 1497 2570 rumores,
1520 2495 1679 2555 inimicum

399 2600 543 2661 videlicet
567 2608 616 2659 sat
639 2599 756 2679 potenti
789 2619 885 2661 manu
909 2602 950 2663 ad
973 2602 1116 2678 Banyam
1142 2602 1273 2677 Lulram,
1297 2610 1329 2662 et
1352 2602 1472 2682 reliqua
1494 2602 1609 2665 ibidem
1633 2623 1677 2663 vr-

399 2706 517 2769 ciniora
540 2708 609 2767 loca
633 2708 814 2788 propediem
846 2726 1038 2788 comparere,
1069 2709 1205 2789 indeque
1235 2718 1342 2789 partes
1371 2710 1603 2789 neoacquisitas
1632 2710 1681 2771 in·

399 2818 516 2876 vadere
547 2823 579 2876 et
609 2815 757 2876 infestare
790 2818 879 2893 velie,
907 2818 1172 2895 quemadmodum
1195 2818 1290 2880 etiam
1314 2819 1471 2897 quarteria
1495 2819 1677 2896 hybemalia

399 2923 481 2984 circa
512 2933 618 3004 partes
650 2923 784 2984 confinio
815 2923 1063 2985 Carlostadiensi
1096 2924 1271 3000 viciniores,
1298 2927 1421 2986 hostem
1445 2934 1607 2992 attentare.
1630 2927 1679 2986 Id·

398 3030 482 3092 oireo
497 3039 620 3092 vestrae
644 3031 848 3092 dominationi
871 3051 1047 3112 generosae
1071 3053 1134 3094 una
1158 3053 1229 3094 cum
1252 3034 1430 3095 hominibus
1454 3035 1528 3109 suis,
1554 3053 1683 3097 annona-

398 3159 455 3218 pro
479 3140 588 3200 decem
609 3138 724 3204 ,diebus
747 3139 889 3219 provisis,
913 3159 975 3218 quo
1003 3139 1093 3202 citius
1116 3140 1148 3202 in
1171 3141 1375 3219 Czerouszky
1397 3143 1482 3204 Uerh
1514 3161 1597 3204 sese·
1615 3152 1678 3204 sta·

399 3260 487 3307 tuere
512 3246 715 3320 adlaborabit,
739 3256 774 3307 ut
796 3248 910 3308 abinde
934 3248 1175 3326 superveniente
1198 3250 1413 3324 neccessitate,
1430 3251 1470 3314 ad
1486 3250 1679 3312 obviandum

399 3355 482 3416 hosti
506 3373 663 3430 occurere,
695 3362 727 3416 et
758 3373 821 3434 quo
852 3357 1026 3416 necessitas
1057 3358 1301 3436 expostulaverit
1326 3359 1475 3440 progredi
1509 3359 1607 3437 possit
1639 3377 1676 3418 ac

398 3465 510 3529 valeat
533 3465 568 3524 In
591 3463 709 3542 reliquo
733 3463 849 3524 valebit
871 3463 1009 3526 feliciter.

405 3625 409 3632 ·
503 3589 652 3649 Eiusdem
677 3607 853 3670 generosae
876 3589 1097 3650 dominationis
1120 3599 1245 3650 vestrae

908 3825 912 3832 ι
1136 3753 1254 3813 amicus
1276 3728 1494 3833 paratissimus

1005 3859 1042 3923 C.
1065 3860 1214 3922 Nicolaus
1236 3862 1393 3940 Erdeody,
1415 3863 1516 3924 banus
1538 3883 1580 3926 m.
1603 3884 1632 3944 p.

501 4005 628 4084 Selliny,
653 4002 704 4071 28.
728 4005 907 4066 novembris
939 4004 1032 4069 1691.

503 4133 542 4192 In
567 4133 705 4193 dorso:
719 4131 892 4192 Generoso
916 4132 1042 4193 domino
1075 4134 1168 4192 Petro
1198 4133 1448 4212 Szenkouachky
1479 4135 1567 4195 aliter
1599 4136 1674 4194 Wa-

395 4241 483 4315 licza,
506 4239 718 4300 universitatis
741 4239 890 4300 nobilium
914 4239 1027 4319 Campi
1051 4241 1274 4321 Zagrabiensis
1306 4241 1487 4320 Turopolya
1518 4241 1592 4302 dicti
1623 4261 1674 4301 co·

396 4344 462 4408 miti
484 4347 624 4409 terrestri
647 4357 714 4421 etc,
737 4347 837 4408 amico
861 4344 1157 4410 observandissimo.

500 4471 645 4541 Originale
664 4471 853 4536 chartaceum,
873 4488 889 4524 a
908 4479 990 4542 tergo
1018 4471 1150 4542 sigillum,
1176 4487 1234 4540 quo
1261 4472 1341 4525 litera
1360 4471 1456 4525 clausa
1480 4480 1549 4525 erat.
1575 4474 1605 4525 ln
1632 4489 1674 4525 ar-

395 4562 478 4640 cirivo
497 4577 639 4616 commun.
659 4562 724 4640 nob.
745 4561 781 4633 de
800 4559 962 4632 TuropolJe.
