3934 5550
415 379 481 441 244

416 603 447 655 et
470 596 528 655 sibi
552 614 609 674 pro
633 596 757 675 singulo
781 596 831 655 die
855 596 920 657 flor.
945 596 1077 675 bungar.
1108 596 1199 655 trium
1228 596 1491 656 contentationem
1514 597 1695 674 impendere

415 702 536 781 possint
558 702 653 763 immo
677 702 814 763 indillate
844 710 1017 766 teneantur.

521 824 545 879 E
570 826 728 894 protocollo
753 832 916 897 congregat.
936 826 1016 896 regui
1036 842 1060 880 a.
1081 826 1159 880 1709.
1184 842 1248 895 pag.
1267 826 1328 879 sta.
1348 826 1379 878 ln
1399 825 1514 879 archivo
1533 841 1643 895 regnor.
1663 824 1695 880 C.

413 916 441 969 S.
461 922 490 969 et
508 914 542 969 D.
562 916 723 987 Zagrabiae.

998 1199 1102 1274 104.

513 1401 605 1460 Anno
626 1397 718 1462 1709.
735 1396 782 1461 16.
796 1408 827 1460 et
843 1400 1047 1479 sequentibus
1062 1401 1247 1463 decembris.
1263 1402 1296 1461 ln
1310 1421 1381 1461 arce
1398 1400 1493 1480 episc.
1509 1402 1694 1481 Zagrabiae.

519 1595 627 1655 Status
651 1604 682 1654 et
705 1595 831 1656 ordines
861 1596 950 1676 regni
975 1596 1105 1655 articulo
1130 1597 1252 1657 decimo
1276 1592 1425 1674 septimo¹
1448 1596 1603 1677 ablegatis
1626 1598 1694 1657 suis

414 1704 565 1779 intimant,
601 1711 633 1762 ut
660 1704 812 1764 »eandem
846 1703 940 1783 igitur
973 1697 1244 1763 communitatem²
1272 1704 1388 1764 domini
1413 1705 1551 1785 ablegati
1574 1705 1606 1765 in
1629 1725 1694 1765 orn·

415 1812 506 1873 nibus
540 1812 722 1890 opportunis
757 1811 833 1871 locis
866 1822 898 1870 et
929 1810 1083 1872 instantiis
1119 1812 1373 1872 recommendare
1409 1832 1471 1873 non
1507 1814 1694 1888 omitterent,

414 1929 448 1980 ut
472 1922 511 1981 ad
536 1920 656 1979 diaetas
673 1920 839 1999 generales
859 1919 963 1997 inclyti
987 1920 1076 2000 regni
1094 1919 1277 1999 Hungariae
1293 1929 1451 1995 vocentur,
1476 1929 1506 1981 et
1531 1921 1695 2001 ablegatus

417 2028 557 2087 eiusdem
589 2026 630 2085 ad
660 2026 762 2086 minus
786 2036 857 2105 post
881 2028 1046 2107 ablegatos
1070 2028 1265 2086 dominorum
1298 2035 1491 2108 magnatum,
1515 2028 1617 2087 locum
1640 2028 1693 2087 ha-

414 2136 496 2208 beat,
519 2144 553 2194 ut
576 2134 629 2194 tali
652 2134 755 2215 gratia
778 2136 880 2195 ornati
904 2144 935 2195 et
959 2134 1067 2208 dotati,
1092 2135 1132 2195 ad
1157 2135 1304 2195 ulteriora
1320 2136 1414 2195 etiam
1432 2134 1589 2196 fidelitatis
1605 2155 1693 2214 prae-

415 2244 525 2304 standa
557 2242 693 2320 servitia,
717 2250 748 2302 et
771 2242 897 2321 quidem
923 2262 961 2302 eo
985 2242 1117 2303 celerius
1141 2250 1172 2301 et
1195 2242 1348 2304 efficatius
1381 2242 1556 2303 exhibenda
1588 2264 1692 2303 mone·

414 2360 504 2412 antur
527 2358 559 2410 et
581 2351 784 2429 obligentur.‹

520 2490 544 2545 E
570 2489 728 2560 protocollo
754 2490 876 2561 general.
904 2492 983 2561 regni
1009 2491 1263 2560 congregationum
1291 2504 1315 2542 a.
1342 2490 1419 2543 1709.
1439 2506 1503 2561 pag.
1522 2490 1584 2544 036.
1603 2490 1634 2543 ln
1653 2506 1695 2543 ar·

411 2581 495 2635 chivo
514 2597 626 2651 regnor.
645 2580 676 2635 C.
695 2580 723 2635 S.
743 2588 772 2633 et
790 2580 824 2633 D.
844 2580 1006 2651 Zagrabiae.

526 2708 532 2736 ¹
552 2707 701 2760 Instructio
720 2721 772 2776 pro
792 2705 929 2778 ablegatis
948 2707 986 2760 ad
1004 2707 1128 2761 diaetem
1148 2706 1353 2759 Posonicnsem
1373 2705 1396 2757 7.
1416 2705 1532 2759 ianuarii
1553 2704 1630 2758 1710.
1650 2720 1695 2757 ce-

417 2797 580 2852 lebrandam
594 2798 744 2865 'deputatis
792 2795 803 2826 ²
821 2797 930 2851 scilicet
948 2795 1048 2864 Campi
1067 2796 1235 2866 Turopolya.

1010 3117 1115 3192 105.

523 3318 614 3376 Anno
642 3314 733 3378 1715.
759 3315 787 3378 5.
812 3316 995 3376 decembris.

661 3509 837 3574 Nalastar
860 3509 983 3596 oruz'ja
1007 3509 1068 3575 ild.
1092 3531 1116 3573 u
1134 3509 1253 3596 gradu
1277 3510 1450 3578 Lukavcu.

522 3711 613 3770 Anno
644 3709 761 3770 domini
794 3708 957 3769 millesimo
989 3709 1268 3790 septingentesimo
1302 3709 1426 3771 decimo
1453 3711 1570 3791 quint0‚
1596 3711 1647 3770 die
1674 3711 1694 3771 5

415 3819 532 3879 mensis
548 3817 733 3894 decembris,
751 3835 806 3896 per
822 3835 873 3876 me
890 3815 1130 3895 infrascriptum,
1142 3815 1228 3877 iuxta
1243 3817 1367 3878 solitam
1382 3818 1475 3878 huius
1490 3817 1604 3896 Campi
1620 3838 1693 3877 con·

415 3925 621 3999 suetudinem,
643 3924 773 4002 praevia
796 3923 880 3984 lacta
903 3924 1050 4004 generosi
1078 3922 1236 3984 Francisci
1259 3925 1426 4003 Plepelicb,
1450 3924 1518 3985 fisci
1543 3925 1571 3984 in
1597 3945 1691 4005 gene·

415 4035 478 4095 rosi
502 4033 590 4094 Pauli
614 4033 758 4114 Ligutich
782 4033 885 4092 locum
909 4032 1075 4107 constituti,
1102 4039 1262 4111 tamquam
1295 4033 1430 4107 exmissi,
1465 4033 1692 4094 introductione

417 4141 585 4203 iuventatis
610 4141 691 4202 arcis
715 4139 926 4200 universitatis
950 4139 1104 4200 universis
1128 4141 1222 4200 rebus
1246 4141 1290 4200 uti
1313 4141 1519 4219 subsequitur.

520 4249 714 4312 Szakalnseu
738 4249 886 4310 duanaizt
908 4249 918 4309 i
941 4248 980 4308 tri
1004 4248 1101 4309 dobre
1125 4248 1135 4308 i
1158 4249 1346 4312 zlochesteb

521 4357 660 4419 Musketi
684 4357 902 4419 chetirinaiszt

520 4465 641 4527 Selezie
661 4465 767 4542 jedna,
784 4465 910 4525 lokotou
934 4473 1019 4524 seszt
1037 4463 1106 4522 zleh
1123 4463 1133 4522 i
1149 4463 1267 4523 dobreh
1283 4462 1395 4522 szlrore
1411 4462 1544 4540 nyeden,
1569 4464 1694 4544 vemige

414 4578 475 4636 due
499 4593 573 4654 prez
596 4575 737 4635 ternkou.

521 4682 648 4742 Lancza
671 4682 741 4753 dua,
764 4679 840 4740 salat
864 4679 962 4759 puske
987 4677 1098 4751 velike,
1122 4696 1228 4736 musar
1248 4675 1352 4753 jeden.

521 4789 597 4848 rita
629 4789 700 4860 dua,
736 4806 777 4845 vu
809 4787 927 4846 ladicze
960 4794 1071 4844 utorne
1103 4784 1232 4843 komore
1264 4785 1356 4861 nekaj
1382 4787 1486 4846 seleza
1510 4796 1694 4864 potrenoga‚

413 4895 505 4973 nekaj
530 4895 666 4971 lolrotou,
690 4893 784 4958 sisak
