3934 5550
1472 497 1537 561 447

252 725 283 785 in
300 703 383 769 illurn
400 705 557 769 nundinae
572 708 634 769 tale
650 710 763 770 lestum
784 708 962 771 immediate
979 713 1248 795 praecedentibus,
1264 723 1318 774 aut
1333 717 1472 794 proxime
1488 737 1535 777 se·

252 816 419 893 quentibus
435 816 553 891 diebus,
566 836 724 896 nunquam
742 825 846 877 autem
863 818 913 879 die
930 819 1085 879 dominico
1098 829 1153 880 aut
1167 820 1226 881 lori
1237 821 1317 880 lesto
1332 824 1535 887 celebrentur.

251 924 316 982 lmo
333 924 445 983 damus
461 933 493 983 et
508 924 716 999 concedimus,
740 926 966 1005 annuimusque
983 928 1193 1005 praesentium
1218 948 1274 1007 per
1299 930 1449 1010 vigorem,
1466 933 1535 991 abs·

252 1049 312 1109 que
329 1038 435 1091 tamen
450 1031 641 1110 praeiudicio
657 1032 865 1093 nundinarum
880 1034 1058 1094 annualium
1074 1034 1240 1095 liberarum
1257 1056 1313 1096 seu
1327 1036 1464 1098 fororum
1481 1059 1534 1098 an-

251 1139 392 1199 nualium
400 1139 591 1200 liberorum
584 1160 614 1201 ιιι
632 1140 699 1232 aliis
711 1141 959 1222 quibuscumque
975 1143 1094 1209 locis
1068 1144 1302 1216 circumvicinis
1320 1146 1456 1225 benigno
1473 1147 1533 1223 pri·

253 1236 366 1327 vilegio
391 1228 550 1307 nundinali
573 1248 714 1326 provisis,
738 1248 889 1308 celebrari
913 1249 1082 1310 solitorum.
1106 1250 1179 1327 Quo
1202 1250 1286 1311 circa
1304 1270 1361 1327 vos
1376 1270 1486 1312 omnes
1503 1264 1534 1313 et

252 1355 391 1433 singulos
408 1364 598 1416 mercatores
599 1356 785 1432 ,institores
802 1344 947 1432 viatores
964 1378 1002 1417 ac
1019 1346 1173 1437 quoslibet
1185 1359 1262 1418 alios
1273 1358 1415 1419 forenses
1436 1361 1533 1420 homi·

251 1483 316 1535 nes,
340 1463 450 1523 harum
475 1463 556 1523 serie
581 1482 808 1539 assecummm,
833 1464 999 1525 allidamus
1022 1474 1053 1525 et
1077 1465 1293 1543 certificamuS,
1316 1475 1471 1545 quatenus
1494 1469 1534 1527 nd

252 1572 526 1650 praespecificatus
551 1572 702 1632 annuales
717 1571 872 1631 nundinas
896 1573 927 1651 in
951 1572 1153 1651 praeattactis
1168 1573 1262 1653 Nagy
1285 1573 1487 1634 Goriczaensi
1503 1584 1535 1635 et

251 1679 485 1741 Dubranecensi
509 1679 584 1739 foris
608 1680 759 1739 celebrari
783 1698 959 1754 concessas,
983 1701 1055 1740 cum
1073 1681 1218 1741 omnibus
1233 1681 1417 1741 mercanciis
1433 1702 1471 1741 ac
1485 1701 1533 1742 re·

251 1787 308 1846 bus
331 1788 483 1867 bonisque
507 1788 618 1847 vestris
629 1788 746 1861 libere,
762 1806 873 1847 secure
888 1796 919 1847 et
936 1789 1055 1865 absque
1078 1789 1140 1847 ullo
1164 1807 1280 1866 pavore
1297 1808 1357 1848 seu
1370 1788 1532 1850 formidine

250 1913 455 1973 personarum
479 1914 644 1974 rerumque
669 1903 700 1955 et
723 1896 964 1955 mercantiamm
990 1904 1166 1955 vestrarum
1190 1896 1332 1974 veniatis,
1357 1897 1531 1975 properetis

252 2009 283 2059 et
319 2001 485 2077 accedatis,
521 2003 717 2082 peractisque
754 2002 867 2063 ibidem
893 2002 1156 2083 negotiationibus
1192 2002 1312 2078 vestris,
1345 2004 1457 2063 iterum
1491 2005 1531 2063 ad

249 2108 385 2190 propria,
420 2118 473 2169 aut
508 2128 589 2189 quae
625 2110 795 2170 malueritis
828 2111 898 2170 loca
930 2110 1076 2188 redeatis,
1110 2110 1206 2171 salvis
1242 2130 1367 2189 semper
1388 2112 1531 2189 personis

250 2225 345 2307 atque
375 2218 467 2277 rebus
500 2219 621 2293 vestris,
651 2218 712 2278 sub
748 2228 855 2278 nostra
886 2220 975 2299 regia
1009 2218 1203 2297 protectione
1227 2228 1258 2278 et
1280 2215 1378 2278 tutela
1402 2219 1529 2297 speciali

250 2318 528 2403 permanentibus,
538 2335 569 2385 et
591 2327 671 2387 haec
695 2326 844 2419 volumus
861 2346 918 2405 per
941 2325 1010 2386 fora
1033 2335 1064 2403 et
1088 2326 1150 2387 alia
1173 2324 1296 2405 publica
1321 2327 1391 2386 loca
1415 2327 1529 2406 ubique

250 2435 354 2511 palam
371 2434 439 2493 fleri
464 2439 494 2493 et
519 2416 719 2533 proclamari3
735 2414 919 2533 praesentes
934 2441 1048 2510 autern,
1064 2453 1143 2533 quas
1158 2443 1279 2494 secreto
1296 2434 1397 2513 sigillo
1413 2444 1529 2509 nostro,

249 2562 311 2622 quo
345 2552 379 2601 ut
411 2562 464 2602 rex
498 2540 681 2623 Hungariae
706 2524 895 2622 apostolicus
919 2542 1042 2615 utimur,
1065 2536 1256 2620 impendenti
1280 2537 1462 2604 communirl
1485 2544 1529 2603 le-

249 2651 355 2725 cimus,
391 2660 461 2730 post
496 2652 666 2711 earundem
702 2652 851 2712 lecturam
886 2638 998 2711 iterum
1030 2648 1118 2710 reddi
1150 2651 1294 2710 volumus
1328 2657 1359 2709 et
1386 2651 1530 2710 iubemus

247 2759 469 2839 praesentanti.
505 2759 620 2820 Datum
655 2779 711 2839 per
744 2779 858 2822 manus
888 2758 990 2822 fidelis
1017 2757 1114 2819 nostri
1145 2757 1235 2818 nobis
1269 2757 1390 2819 sincere
1425 2758 1529 2819 dilecti

247 2865 405 2946 magnifici
429 2867 517 2926 liberi
540 2866 665 2927 baronis
689 2867 812 2928 loannis
832 2867 1006 2946 Nepomuci
1022 2866 1142 2944 Aloysii
1161 2867 1332 2944 Malonyay
1349 2867 1388 2925 de
1406 2866 1529 2946 Vicsap,

249 2973 411 3033 camerarii
443 2984 473 3034 et
507 2975 637 3034 actualis
670 2975 768 3036 intimi
801 2983 900 3035 status
928 2973 1095 3034 consiliarii
1128 2973 1234 3048 nostri,
1269 2973 1436 3033 comitatus
1459 2974 1529 3033 Nit-

244 3080 371 3141 triensis
403 3082 543 3159 supremi
573 3081 704 3158 comitis,
737 3101 858 3141 necnon
890 3078 1125 3160 procancellarii
1155 3081 1253 3141 nostri
1281 3080 1371 3161 regni
1394 3082 1527 3161 Hunga·

242 3187 308 3264 rico
339 3187 471 3270 aulici‚'
464 3209 494 3260 ιιι
518 3188 670 3268 imperiali
694 3189 770 3248 urbe
786 3196 894 3248 nostra
906 3189 1028 3248 Vienna
1044 3189 1198 3262 Austriae,
1215 3188 1265 3248 dic
1282 3197 1418 3269 quarta
1410 3189 1526 3249 mensis

247 3295 434 3386 novembris
471 3315 552 3356 anno
584 3293 714 3356 domini
732 3295 895 3358 millesimo
927 3293 1187 3388 octingentesimo
1219 3295 1382 3379 trigesimo
1414 3296 1522 3374 primo,

248 3423 417 3508 regnorum
448 3387 638 3495 nostrorum
660 3385 852 3484 Hungariac,
888 3403 1059 3498 Bohemiae
1094 3413 1125 3464 et
1158 3405 1356 3489 reliquorum,
1391 3405 1524 3482 quadra·

244 3513 374 3598 gesimo.
424 3579 428 3590 ι

350 3638 535 3699 Franciscus
560 3659 599 3700 m.
623 3659 652 3717 p.

519 3891 521 3899 Α
617 3887 619 3894 Ι
701 3801 862 3862 'loannes
886 3801 965 3879 Nep.
988 3801 1066 3862 liber
1089 3802 1166 3862 baro
1190 3801 1361 3880 Malonyay
1384 3821 1467 3882 mp

563 3913 584 3938 '⁴
634 3905 637 3913 ’
725 3910 876 3988 Iosephus
900 3905 1102 3985 Remekhazy
1125 3929 1164 3971 m.
1188 3930 1218 3988 p.

315 4115 318 4122 ’
346 4107 358 4164 l
372 4116 401 4164 n'
416 4125 431 4164 s
446 4122 559 4186 eque
573 4105 639 4164 nti
667 4124 719 4183 pa
733 4126 755 4184 g
768 4106 776 4164 i
790 4127 809 4166 n
823 4126 856 4165 a:
881 4106 1123 4166 Protocollatum
1147 4106 1179 4166 in
1202 4107 1281 4166 libro
1303 4107 1392 4186 regio
1408 4107 1518 4166 classis

244 4213 274 4286 l.,
299 4213 382 4290 quod
407 4221 555 4273 testatum
583 4213 722 4276 redditur
744 4231 800 4291 per
825 4220 1057 4292 regestraturae
1081 4223 1114 4272 et
1136 4213 1254 4272 archivi
1277 4213 1459 4273 directorem
1491 4255 1493 4260 ,

960 4355 1131 4415 'Mathiam
1154 4318 1360 4415 Sztanlrovith
1382 4375 1423 4416 m.
1446 4375 1476 4434 p.

346 4556 438 4614 Anno
478 4556 603 4615 domino
646 4551 740 4616 1832.
775 4553 825 4614 die
859 4573 935 4614 vero
970 4551 1022 4614 26.
1058 4551 1244 4631 septembris
1274 4551 1461 4631 Zagrabiae‚
1488 4551 1519 4611 in

239 4653 324 4724 curia
348 4663 441 4723 incliti
457 4656 631 4723 ¹comitatus
656 4663 796 4722 eiusdem
826 4661 967 4738 nominis,
991 4660 1050 4720 sub
1066 4660 1200 4719 decursu
1223 4658 1388 4718 inchoatae
1413 4665 1518 4718 cotum

238 4771 432 4852 particularis
456 4769 720 4850 congregationis,
754 4787 904 4848 praesens
931 4767 1102 4848 benignum
1126 4765 1323 4846 privilegium
1347 4748 1547 4825 nundinale.

239 4900 294 4958 pro
318 4879 525 4960 publicatione
555 4877 733 4952 exhibitum,
764 4876 886 4990 publice
911 4877 1033 4950 lectum,
1056 4875 1220 4951 taliterque
1244 4873 1367 4933 nemine
1392 4880 1516 4933 contra·

239 4979 359 5047 dicente
383 4983 574 5066 publicatum
598 4993 654 5044 est.
714 4999 717 5004 ’
