3934 5550
373 418 438 480 238

373 634 550 695 vicecomes
574 636 739 695 comitatus
762 635 994 715 Zagrabiensis,
1018 637 1152 697 eandem
1168 637 1404 697 universitatem
1421 640 1571 699 nobilium
1587 648 1648 699 tur·

371 742 446 802 bare
469 744 723 822 praesumpserit.
747 742 860 803 Certos
883 744 1067 822 querulosos
1090 763 1257 822 processus
1288 764 1344 823 per
1372 746 1521 806 lanriliam
1552 748 1648 807 Erdd·

372 851 497 911 dianam
529 860 594 911 tam
627 860 736 913 contra
778 850 970 911 nobilitatem
1012 851 1350 931 Domagouichensem,
1381 853 1583 914 iurisdictioni
1618 864 1650 914 et

371 957 519 1017 iudicatui
544 958 665 1019 comitis
689 958 843 1018 terrestris
876 958 1112 1036 Turopoliensis
1143 960 1314 1019 subiectam
1347 968 1379 1019 et
1409 960 1648 1039 incorporatam,

371 1086 466 1146 quam
490 1074 598 1127 contra
622 1066 722 1145 ipsam
748 1066 991 1142 universitatem,
1007 1067 1065 1126 sub
1090 1076 1255 1145 praetextu
1270 1067 1468 1147 excogitatae
1485 1069 1648 1129 cuiusdam

372 1173 610 1234 interessentiae
634 1174 773 1234 eiusdem
791 1174 911 1235 comitis
928 1174 1092 1243 terrestris,
1106 1174 1356 1256 reliquorumque
1373 1176 1552 1238 officialium
1567 1178 1648 1237 eius-

372 1280 444 1341 dem
468 1281 631 1355 institutos,
655 1290 883 1360 competentem
908 1300 943 1342 se
965 1281 1101 1342 iudicem
1136 1282 1298 1344 reddendo
1322 1284 1464 1345 ellective
1496 1304 1554 1344 sua
1585 1286 1648 1344 lata

372 1407 429 1449 suo
453 1388 546 1449 modo
570 1389 724 1449 sententia
748 1408 926 1470 aggravare
962 1391 1232 1469 praesumpsisset,
1255 1392 1287 1451 in
1310 1391 1490 1471 iuribusque
1514 1393 1648 1452 eandem

373 1505 403 1556 et
420 1496 556 1556 iudicatu
573 1496 799 1575 praeiudiciose
816 1496 963 1558 turbaret.
980 1496 1062 1557 Cum
1079 1508 1184 1558 tamen
1200 1499 1346 1559 comitem
1370 1508 1402 1559 et
1426 1499 1650 1573 vicecomitem,

373 1603 586 1683 otficialesque
610 1622 648 1663 ac
670 1612 768 1664 totam
789 1604 1024 1664 universitatem
1041 1604 1142 1688 dictae
1161 1605 1391 1665 communitatis
1407 1607 1478 1668 nob.
1494 1607 1534 1666 de
1551 1608 1650 1667 Turo-

372 1711 453 1790 polie
485 1711 660 1788 interesset,
684 1712 779 1771 etiam
814 1710 845 1771 in
880 1712 1055 1791 querulosis
1085 1731 1147 1771 non
1173 1712 1267 1774 alium
1291 1720 1529 1792 competentem,
1553 1732 1648 1792 quam

374 1820 498 1892 banum,
522 1819 784 1899 processibusque
807 1820 960 1879 hactenus
984 1819 1164 1897 practicatis
1186 1828 1252 1879 tarn
1275 1840 1332 1899 per
1348 1840 1420 1881 eam
1437 1830 1546 1881 contra
1563 1821 1649 1894 alios,

371 1946 466 2005 quam
490 1944 546 2005 per
571 1926 649 1987 alios
674 1934 783 1987 contra
807 1946 877 1986 eam
902 1926 1049 1987 institutis
1081 1935 1311 2006 competentem
1342 1927 1477 1987 iudicem
1508 1928 1649 2003 haberet,

371 2052 474 2112 neque
499 2034 561 2093 ullo
592 2042 732 2113 tempore
764 2052 820 2112 per
850 2033 1051 2094 vicecomites
1082 2043 1136 2094 aut
1169 2035 1350 2113 paedaueos
1381 2034 1501 2095 iudices
1532 2036 1648 2095 nullam

375 2140 566 2201 activitatem
590 2141 621 2201 in
644 2140 768 2219 Campo
785 2140 954 2219 Turopolia
971 2142 1124 2201 habentes
1135 2142 1263 2201 attracti
1280 2142 1399 2217 fuisset,
1414 2142 1648 2203 disinteressato

373 2266 447 2307 vero
472 2248 584 2309 comite
607 2250 747 2309 terrestri
770 2249 989 2327 Turopoliensi
1004 2249 1143 2327 pluribus
1159 2250 1254 2309 etiam
1270 2249 1545 2311 communitatibus
1559 2249 1647 2311 iuris-

370 2356 496 2417 dictioni
519 2356 633 2436 Campi
657 2356 825 2435 Turopolia
842 2356 991 2417 subdictis
1007 2357 1209 2432 interessetis,
1232 2357 1321 2417 alteri
1344 2377 1438 2437 quam
1471 2357 1573 2418 eidem
1597 2377 1648 2417 co·

370 2464 436 2524 miti
462 2474 531 2526 terr.
555 2464 710 2527 iudicatus
734 2474 933 2543 competeret.
957 2466 1129 2544 Propterea
1153 2465 1307 2544 supplicat
1331 2467 1442 2525 eadem
1460 2465 1647 2525 universitas

370 2590 411 2632 ss.
435 2581 466 2631 et
490 2591 538 2633 oo.
571 2572 671 2652 regni,
702 2580 858 2651 quatenus
890 2572 1028 2652 seposita
1063 2572 1178 2653 illegali
1213 2581 1374 2653 tamquam
1408 2573 1647 2651 incompetentis

369 2678 480 2740 iudicis
503 2688 567 2739 tam
591 2688 699 2739 contra
724 2680 1036 2761 Domagouichenses
1052 2699 1145 2759 quarn
1161 2688 1271 2740 contra
1285 2680 1387 2759 ipsam
1402 2679 1646 2757 universitatem,

372 2788 490 2866 paritur
514 2788 572 2848 sub
597 2797 759 2866 praetextu
784 2789 1003 2848 interessentia
1037 2789 1070 2849 in
1105 2807 1234 2849 causam
1270 2797 1444 2864 attractam,
1478 2790 1542 2849 lata
1574 2789 1647 2849 dicti

371 2895 562 2956 vicecomitis
593 2896 755 2972 sententia,
787 2897 888 2975 ipsum
920 2895 1046 2975 quidem
1078 2897 1293 2957 vicecomitem
1325 2896 1366 2957 ad
1396 2917 1489 2957 suum
1519 2897 1647 2958 inferius

371 3002 525 3063 iudicatus
549 3003 659 3077 forum,
683 3003 826 3064 dominos
850 3021 926 3064 vero
950 3003 1082 3064 comites
1106 3004 1144 3079 (si
1168 3004 1243 3083 quid
1266 3004 1341 3065 iuris
1365 3015 1396 3064 et
1419 3001 1648 3083 praetensionis

371 3120 479 3172 contra
496 3111 749 3171 communitatem
763 3111 981 3191 Domagouich
1002 3099 1205 3172 iurisdictio’ni
1221 3111 1438 3191 Turopoliensi
1462 3113 1647 3190 subiectam)

371 3219 533 3294 haberent,
555 3221 596 3279 ad
619 3218 763 3278 comitem
789 3227 968 3279 terrestrem
986 3219 1100 3298 Campi
1123 3219 1367 3298 Turopoliensis,
1383 3229 1544 3300 tamquam
1565 3240 1646 3280 corn-

370 3333 528 3403 petentem
552 3326 722 3385 eorundem
747 3325 881 3385 iudicem
906 3326 1051 3406 rellegari
1075 3334 1106 3386 et
1129 3327 1268 3406 gratiose
1300 3337 1512 3401 manutenere,
1540 3346 1578 3388 ac
1609 3328 1649 3386 de

371 3433 509 3493 laesione
533 3433 698 3512 providere
723 3434 898 3513 dignentur.

477 3540 518 3600 In
543 3541 682 3600 dorso:
707 3541 768 3600 Pro
793 3539 1011 3600 informatione
1030 3559 1256 3601 successorum.
1272 3540 1422 3600 Instantia
1437 3540 1541 3601 medio
1556 3541 1648 3601 huius

371 3647 518 3726 supplicis
541 3647 633 3707 libelli
658 3667 762 3707 coram
788 3667 846 3708 sua
870 3649 975 3710 excell.
999 3648 1104 3707 banali
1127 3657 1159 3707 et
1183 3657 1247 3707 toto
1271 3668 1370 3728 reguo
1393 3658 1534 3728 tempore
1551 3669 1647 3728 gene·

373 3755 445 3815 ralis
480 3755 735 3836 congregationis
773 3757 941 3835 proposita,
973 3755 1171 3815 continentiis
1204 3755 1344 3815 eiusdem
1376 3757 1525 3834 supplicis
1557 3756 1648 3816 libelli

373 3862 566 3922 satisfactum
591 3871 648 3936 est,
673 3871 704 3923 et
726 3881 893 3942 processus
917 3873 1027 3923 contra
1051 3869 1191 3922 nostrum
1216 3862 1373 3941 Campum
1398 3863 1556 3923 institutus
1581 3884 1648 3923 cas-

373 3981 476 4040 satus;
511 3991 619 4030 verum
657 3971 932 4052 Domgovicenses,
967 3971 1020 4050 qui
1056 3971 1207 4030 hactenus
1243 3991 1303 4030 non
1340 3980 1429 4030 erant
1461 3970 1651 4050 incorporati

373 4079 477 4156 quoad
494 4078 672 4151 iudicatum,
696 4079 727 4138 in
753 4079 888 4138 iudicatu
906 4077 1142 4137 vicecomitibus
1158 4087 1189 4138 et
1205 4079 1332 4155 reliquis
1349 4079 1437 4158 regni
1454 4079 1648 4153 officialibus

373 4207 434 4264 quo
460 4204 533 4245 vero
558 4187 597 4245 ad
623 4186 766 4246 militaria
799 4177 830 4245 et
861 4185 1108 4263 expeditionibus
1140 4187 1352 4245 castrensibus
1386 4205 1405 4245 a
1436 4185 1647 4245 iurisdictione

373 4294 485 4373 Campi
509 4295 738 4373 dependebunt.
764 4295 877 4353 Datum
902 4294 1087 4372 Zagrabiae,
1112 4293 1161 4352 die
1186 4292 1215 4353 7.
1239 4293 1356 4353 mensis
1379 4293 1453 4353 maii
1480 4292 1572 4355 1707.

1036 4435 1213 4496 Ludouicus
1236 4437 1368 4516 Uagich,

796 4565 902 4604 comes
925 4545 1081 4604 terrestris
1109 4544 1222 4623 Campi
1253 4545 1488 4623 Turopoliensis
1512 4567 1551 4607 m.
1576 4567 1604 4624 p.

480 4685 626 4756 Originale
645 4685 834 4740 chartaceum.
854 4687 884 4739 ln
905 4685 1019 4738 archivo
1038 4701 1179 4739 commun.
1199 4687 1264 4739 nob·
1284 4686 1321 4738 dc
1340 4685 1502 4755 Turopoljc.
