3934 5550
419 347 487 411 626

418 565 477 620 hae
513 580 575 619 non
607 561 700 618 modo
734 561 844 618 inclitis
876 562 1009 619 statibus
1049 570 1081 621 et
1119 562 1278 629 ordinibus
1316 580 1485 640 regnorum
1518 563 1705 635 Dalmatiae,

422 667 569 728 Croatiae
595 676 624 725 et
648 667 825 741 Slavoniae,
859 667 1019 745 Leopoldo
1045 669 1116 727 item
1142 671 1162 728 l.
1187 679 1218 727 et
1242 670 1374 746 losepho
1408 671 1436 739 l.,
1465 670 1711 745 imperatoribus

421 785 453 835 et
488 774 623 853 regibuS,
671 793 778 832 verum
812 775 906 832 etiam
943 775 1055 834 inclitis
1093 776 1224 834 statibus
1269 787 1300 833 et
1334 776 1495 834 ordinibus
1529 777 1707 835 diaetaliter

420 882 631 961 congregatis,
663 882 798 958 denique
830 881 927 939 felicis
962 883 1184 941 recordationis
1218 884 1396 960 imperatori
1429 893 1459 941 et
1492 883 1558 959 regi
1585 882 1705 943 Carolo

422 992 470 1050 VL
495 990 716 1067 probabantur.
743 979 786 1046 'Et
820 991 889 1046 binc
922 1002 977 1060 est,
1009 990 1093 1065 quod
1124 998 1188 1047 tam
1213 1008 1268 1066 per
1292 997 1392 1048 status
1416 989 1574 1062 Croatiae,
1605 1009 1702 1067 quam

420 1118 475 1176 per
508 1097 698 1173 Leopoldum
722 1097 743 1154 1.
768 1107 798 1155 et
822 1097 990 1172 Iosephum
1014 1097 1044 1168 l.,
1073 1097 1337 1174 quemadmodum
1362 1097 1392 1154 id
1418 1116 1456 1155 ex
1480 1096 1615 1155 adducto
1646 1117 1705 1174 per

422 1225 479 1264 nos
492 1206 596 1262 statim
613 1203 697 1262 initio
715 1203 877 1281 privilegio
894 1203 1059 1280 losephino
1084 1214 1224 1281 apparet,
1256 1223 1348 1281 quam
1367 1204 1460 1262 etiam
1485 1205 1705 1282 perarticulos

420 1312 471 1374 92.
500 1310 591 1370 1723.
616 1319 647 1369 et
671 1308 722 1381 60,
753 1309 854 1385 1741,
879 1331 914 1369 ac
939 1311 1074 1388 denique
1105 1330 1161 1387 per
1185 1308 1333 1371 Carol'um
1358 1313 1418 1383 vl,
1450 1313 1523 1389 quia
1557 1311 1586 1369 in
1617 1312 1702 1371 testi-

419 1421 557 1479 monium
590 1438 666 1477 suae
699 1439 794 1496 super
824 1419 872 1477 his
904 1420 1150 1495 complacentiae
1185 1419 1320 1498 insignia
1351 1439 1476 1498 quoque
1512 1429 1542 1478 et
1566 1421 1701 1499 sigillum

419 1528 577 1586 mediante
602 1527 652 1584 hic
677 1527 799 1586 adnexo
823 1527 988 1603 privilegio
1014 1527 1105 1585 nobis
1129 1528 1299 1586 clementer
1323 1528 1464 1586 conferre
1479 1528 1628 1606 dignatus
1644 1535 1702 1597 est,

422 1635 663 1695 consuetudines
698 1634 758 1692 bae
793 1635 886 1693 toties
911 1644 1104 1712 acceptatae,
1136 1635 1322 1693 ratihabitae
1347 1647 1378 1693 et
1402 1636 1605 1694 confirmatae
1630 1637 1699 1693 sint.

526 1743 572 1801 Ex
606 1744 766 1819 hucusque
798 1743 941 1801 adductis
974 1751 1105 1820 apparet
1137 1763 1223 1812 sane,
1255 1761 1348 1821 quam
1383 1753 1535 1820 prompta,
1566 1762 1701 1820 quamve

420 1851 520 1911 lacilis
543 1869 640 1927 penes
664 1850 869 1908 domesticum
895 1851 1114 1930 magistratum
1140 1852 1222 1927 apud
1248 1871 1304 1909 nos
1329 1870 1399 1910 esse
1424 1850 1539 1909 debeat
1562 1849 1702 1908 iustitia?

421 1958 569 2035 Apparet,
593 1958 677 2034 quod
692 1957 828 2035 negotia,
845 1977 925 2034 quae
946 1977 1051 2016 coram
1069 1959 1143 2016 loris
1159 1957 1323 2017 ordinariis
1340 1969 1410 2035 post
1427 1957 1551 2036 longius
1567 1967 1703 2034 tempuS,

421 2075 491 2142 post
522 2063 622 2123 lactas
654 2064 798 2141 copiosas
822 2065 853 2123 iu
878 2066 1058 2135 advocatos
1092 2065 1184 2141 inque
1217 2066 1294 2124 alias
1318 2065 1505 2137 huiusmodi,
1529 2084 1607 2142 quas
1630 2064 1702 2122 lites

421 2192 552 2231 causare
576 2174 678 2231 solent
709 2173 923 2248 necessitates,
952 2172 1152 2251 erogationes
1176 2183 1372 2250 superantur,
1397 2192 1502 2231 coram
1528 2172 1701 2231 domestico

419 2281 604 2359 magistratu
629 2280 809 2358 plerumque
835 2281 900 2339 sine
925 2281 1097 2350 advocatis,
1122 2282 1188 2340 sine
1213 2283 1367 2358 expensis,
1392 2291 1423 2339 et
1438 2299 1592 2357 persaepe
1616 2280 1697 2338 intra

421 2390 516 2446 horae
542 2389 675 2466 spatium
701 2387 801 2447 decidi
819 2389 963 2447 debeant.
988 2388 1127 2464 Apparet
1143 2390 1279 2459 demum,
1303 2389 1388 2467 quod
1412 2388 1437 2446 si
1462 2386 1528 2449 490
1552 2387 1700 2445 nobilium

421 2495 556 2554 lamiliae
582 2496 661 2554 adeo
685 2495 744 2553 sibi
770 2495 889 2553 vicinae
918 2495 1065 2553 iustitiam
1091 2508 1178 2581 extra
1202 2496 1356 2574 gremium
1381 2496 1494 2573 Campi
1519 2495 1701 2572 Turopolya

420 2622 571 2682 quaerere
596 2604 754 2675 deberent,
785 2603 816 2660 id
849 2602 916 2661 sine
941 2603 1107 2686 manilesta
1131 2622 1200 2660 cum
1226 2603 1407 2662 facultatum
1437 2603 1575 2680 ipsarum
1600 2602 1700 2674 ruina,

420 2720 485 2768 tum
521 2719 622 2768 autem
659 2710 870 2787 insoportabili
907 2711 1132 2769 ordinariorum
1167 2711 1255 2790 regni
1288 2711 1423 2769 iudicum
1457 2710 1598 2768 molestia
1631 2709 1699 2767 fieri

422 2839 619 2897 nequaquam
645 2828 759 2895 posset.
783 2819 951 2894 Expertum
977 2819 1007 2876 id
1030 2828 1077 2877 est
1102 2828 1173 2877 ante
1198 2829 1331 2896 quatuor
1355 2820 1467 2877 abhinc
1492 2838 1599 2889 ammS,
1624 2819 1698 2875 dum

422 2926 565 2984 nimirum
599 2945 654 3001 per
686 2926 904 3001 imperatorem
929 2926 1094 3002 losephum
1120 2927 1152 2984 ll.
1178 2926 1291 2984 iudicia
1317 2928 1405 2984 nobis
1430 2927 1577 3003 adempta
1601 2935 1699 2996 erant,

421 3034 636 3109 praeexistens
667 3042 771 3091 eotum
805 3032 950 3090 iudicium
983 3034 1206 3106 subalternum,
1242 3042 1370 3111 experta
1407 3033 1493 3112 regia
1529 3050 1698 3111 regnorum

355 3207 358 3211 ¹
422 3140 607 3212 Dalmatiae,
638 3140 785 3198 Croatiae
819 3149 849 3197 et
883 3140 1050 3198 Slavoniae
1075 3141 1180 3198 tabula
1206 3141 1383 3214 iudiciaria;
1411 3141 1522 3217 quibus
1547 3138 1620 3197 toris
1645 3156 1698 3195 ne·

421 3247 507 3325 gotia
539 3247 808 3323 Turopoliensium
843 3247 990 3304 nobilium
1015 3248 1193 3306 continuum
1218 3246 1416 3306 facessebant
1440 3247 1604 3325 negotium
1612 3264 1619 3317 3
1644 3265 1696 3303 ex·

421 3354 499 3431 perti
524 3356 657 3431 denique
682 3354 817 3411 maximo
841 3355 924 3411 malo
947 3363 1054 3412 nostro
1077 3364 1198 3412 nosmet
1224 3356 1298 3431 ipsi;
1323 3364 1353 3413 et
1377 3356 1458 3413 enim
1478 3354 1527 3412 vix
1543 3355 1697 3411 trimestre

422 3461 619 3537 apublicata
650 3461 846 3538 imperatoris
877 3461 1000 3537 loseplii
1025 3462 1058 3521 ll.
1083 3462 1142 3519 hoc
1166 3462 1197 3520 in
1222 3473 1336 3539 puncto
1367 3462 1450 3520 edita
1479 3460 1697 3520 constitutione

421 3568 592 3641 effluxerat,
616 3578 646 3625 et
671 3569 732 3625 iam
756 3568 859 3626 tristes
885 3569 990 3626 videre
1015 3569 1188 3642 debuimus,
1206 3571 1282 3627 alios
1300 3589 1337 3627 ex
1354 3568 1556 3646 gremialibus
1573 3567 1695 3637 nostris,

421 3676 592 3733 domestico
623 3677 809 3753 magistratu
841 3677 1005 3748 destitutis,
1037 3677 1185 3736 iustitiam
1218 3678 1329 3754 partim
1361 3696 1465 3735 eoram
1502 3683 1696 3753 praealtacta

419 3784 526 3840 tabula
550 3784 646 3862 regia,
670 3785 781 3860 partim
807 3803 911 3841 coram
929 3784 1158 3860 praeexistente
1174 3785 1288 3843 iudicio
1306 3785 1484 3843 subalterno
1509 3783 1697 3860 quaerendo,

420 3890 717 3949 ferventissimorum
749 3892 889 3950 laborum
922 3892 1068 3950 ruralium
1104 3902 1244 3969 tempore
1280 3894 1511 3972 Zagrabienses
1547 3892 1696 3951 obambu-

420 3997 513 4054 lando
537 3998 656 4073 plateas
682 3998 921 4074 pretiosissimos
945 3999 1012 4057 dies
1037 4018 1230 4071 consumere,
1248 4001 1324 4058 alios
1342 4001 1591 4058 adversariorum
1611 3998 1697 4057 vexis

421 4105 589 4175 lacessitos,
619 4106 659 4162 ob
693 4115 862 4165 extremam
897 4115 1002 4165 tamen
1034 4117 1250 4183 paupertatem
1280 4107 1362 4166 iusta
1398 4108 1465 4165 iura
1498 4127 1556 4165 sua
1591 4126 1697 4165 coram

421 4214 619 4287 praeattactis
642 4213 716 4270 foris
740 4215 820 4273 tueri
844 4227 1046 4292 nequeuntes,
1072 4235 1180 4273 eorum
1205 4217 1356 4274 iacturam
1381 4215 1514 4293 experiri
1538 4214 1697 4299 debuisse,

421 4320 497 4377 alios
521 4320 646 4378 demum
675 4323 714 4379 ob
747 4321 926 4399 frequentes
961 4323 1152 4402 Zagrabiam
1188 4325 1398 4396 excursiones,
1435 4325 1561 4383 crebras
1597 4323 1696 4381 litium

420 4427 660 4504 prosecutiones,
696 4430 838 4488 assiduas
874 4450 1082 4507 expensarum
1117 4433 1313 4509 profusiones
1344 4453 1382 4491 eo
1414 4432 1609 4491 miseriarum
1648 4450 1696 4489 re·

419 4535 527 4593 dactos
551 4535 654 4611 fuisse,
679 4545 712 4594 ut
736 4540 947 4596 mendicorum
980 4540 1148 4598 conditioni
1173 4541 1371 4599 adscribendi
1396 4541 1537 4599 luissent.

525 4644 606 4716 (jum
639 4645 767 4720 proinde
799 4646 913 4703 iustitia
939 4648 1021 4723 apud
1047 4666 1103 4705 nos
1127 4648 1166 4706 sit
1190 4659 1343 4725 prompta,
1368 4668 1488 4719 secura,
1513 4656 1544 4706 et
1573 4645 1697 4705 minime

418 4748 626 4827 dispendiosa,
650 4762 793 4829 prompta
815 4753 967 4824 nimirum,
993 4755 1064 4831 quia
1090 4763 1215 4831 praesto
1240 4765 1287 4814 est
1311 4756 1469 4814 sulliciens
1493 4755 1696 4834 magistratus

418 4858 622 4930 domesticusg
647 4880 757 4916 secura
789 4860 861 4937 quia
893 4862 975 4918 omni
1002 4873 1140 4939 tempore
1166 4863 1221 4921 viri
1247 4864 1413 4940 conspicui,
1448 4872 1478 4921 et
1502 4863 1578 4921 iuris
1603 4864 1694 4939 periti
