3934 5550
408 792 499 851 Anno
530 787 622 851 1621.
647 788 697 850 30.
724 790 850 871 augusti
875 810 974 868 usque
1002 788 1027 849 l.
1052 790 1247 869 septembris.
1273 790 1462 870 Zagrabiae.

303 983 514 1062 Periculum,
538 982 577 1047 ob
603 984 751 1069 neglecto
773 984 951 1068 praesidio
976 982 1117 1046 battalia
1154 982 1284 1066 Campo
1313 982 1497 1066 Turopolja
1521 981 1588 1044 im-

302 1092 440 1155 minens
465 1092 503 1156 in
522 1090 794 1175 gravaminibus
816 1094 974 1155 statuum
998 1093 1030 1153 ei
1053 1090 1217 1154 ordinum
1250 1089 1357 1175 regni
1386 1088 1591 1153 Selouonioe

841 1198 1045 1263 declaratur.

411 1400 512 1459 Acta
536 1399 757 1480 generalis
788 1399 1147 1478 congregationis
1179 1399 1467 1457 universorum
1500 1405 1579 1457 sta·

306 1522 415 1567 tuum
452 1528 497 1567 ac
533 1509 722 1567 ordinum
757 1526 978 1587 regnorum
1013 1506 1214 1566 Croatiae
1250 1516 1289 1565 et
1320 1507 1583 1577 Sclauoniae,

303 1636 348 1675 ex
373 1616 507 1676 edicto
532 1615 814 1675 illustrissimi
840 1615 1013 1673 comitis
1044 1614 1199 1673 domini
1230 1614 1389 1673 domini
1420 1613 1584 1671 Nicolai

304 1726 350 1783 de
376 1724 722 1805 Frangepanibus
747 1733 819 1785 ete.
843 1724 948 1795 bani,
973 1742 1044 1801 pro
1068 1722 1284 1802 trigesimo
1309 1732 1348 1781 et
1372 1722 1467 1781 aliis
1488 1722 1584 1781 duo·

303 1832 376 1891 bus
401 1833 547 1892 diebus
572 1832 805 1891 immediate
830 1832 1110 1909 sequentibus
1134 1831 1294 1890 mensis
1323 1829 1520 1910 augusti,
1545 1828 1588 1887 in

303 1958 409 1999 anno
433 1940 600 1999 domini
624 1937 1422 2016 millesimosexcentesimovigesimo
1446 1936 1588 2015 primu,

303 2046 545 2106 incivitate
579 2046 714 2105 libera
745 2046 869 2126 regia
903 2045 1269 2124 Montisgrecensi
1301 2043 1586 2123 Zagrabiensi

303 2155 550 2214 celebratae.

776 2345 921 2425 (Celeris
942 2346 1104 2423 emissis)

410 2494 602 2553 Gravamina
627 2494 869 2571 praemissorum
894 2502 1032 2553 statuum
1057 2503 1088 2553 et
1112 2493 1254 2552 ordinum
1280 2511 1448 2571 regnorum
1486 2490 1583 2551 Croa·

304 2601 365 2660 tiae
390 2610 421 2660 et
443 2600 639 2661 Sclauoniae.

784 2795 929 2872 (Ceteras
951 2794 1103 2872 emissis)

413 2945 581 3004 Praeterea
606 2965 676 3004 cum
700 2943 855 3022 praesidia
881 2944 1015 3016 banalia,
1039 2944 1091 3002 ubi
1115 2944 1266 3004 stationes
1299 2964 1374 3003 suas
1406 2944 1495 3002 miles
1529 2943 1583 3002 ba·

306 3053 384 3111 nalis
410 3072 465 3130 pro
490 3054 629 3112 excubiis
653 3054 743 3132 regni
768 3053 884 3112 habere
909 3053 1046 3125 deberet,
1071 3053 1205 3112 totaliter
1231 3054 1291 3111 iam
1309 3054 1464 3131 neglecta,
1485 3062 1585 3109 extre-

307 3177 439 3238 maeque
464 3161 647 3220 desolationi
671 3161 806 3220 obnoxia
831 3161 900 3234 sint,
925 3161 1005 3219 adeo
1030 3170 1063 3218 ut
1086 3161 1145 3219 nisi
1170 3159 1290 3219 eisdem
1316 3159 1497 3237 praemissis
1523 3159 1583 3218 eol·

305 3267 399 3345 lapsis
424 3268 596 3343 praesidiis,
621 3269 752 3328 aliorum
775 3269 927 3326 banorum
952 3268 1187 3326 laudatissimae
1205 3267 1375 3327 memoriae
1399 3286 1516 3345 magna
1540 3267 1584 3325 di-

302 3375 431 3456 ligentia
456 3385 486 3434 et
510 3377 636 3436 solertia
666 3377 697 3436 in
728 3375 861 3453 propriis
893 3376 1034 3452 personis
1067 3375 1214 3453 ipsorum,
1250 3375 1363 3434 ibidem
1400 3374 1583 3445 assistendo,

303 3485 449 3544 extructis
466 3494 496 3544 et
511 3485 690 3558 aedificatis,
705 3485 793 3543 aliter
809 3483 1018 3560 provideatur,
1030 3482 1117 3540 brevi
1135 3482 1314 3558 verendum,
1327 3502 1367 3540 ne
1383 3482 1422 3540 de
1438 3481 1584 3539 universo

303 3592 427 3670 Campo
451 3592 691 3670 Thuropoliensi
715 3598 745 3650 et
769 3599 869 3649 tractu
893 3589 980 3664 Zaui‚
1005 3598 1108 3647 actum
1133 3589 1179 3651 sit.

778 3731 925 3812 (Celeris
947 3729 1107 3808 emissis.)

639 3881 735 3938 Lecta
760 3898 816 3956 per
840 3898 890 3936 me
913 3877 1107 3954 Stephanum
1132 3875 1294 3934 Pathatich
1320 3877 1358 3934 de
1382 3875 1539 3950 Zayezda,

666 3986 850 4065 magistrum
877 3983 1142 4062 prothonotarium
1168 3983 1265 4061 regni.
1291 3983 1375 4041 Idem
1400 4002 1439 4042 m.
1464 4001 1492 4059 p.

410 4129 554 4198 Originalo
576 4129 601 4179 in
622 4127 736 4179 archivo
756 4143 867 4194 regnor.
892 4123 932 4187 C,
951 4125 978 4177 S.
999 4132 1028 4176 et
1047 4123 1094 4176 D.:
1113 4123 1302 4176 Protocollum
1324 4122 1496 4192 generalium
1517 4138 1583 4174 con·

304 4220 499 4289 gregationum
521 4219 601 4288 regni
621 4234 644 4270 a.
665 4217 744 4269 1621.
764 4232 790 4282 p.
812 4213 969 4267 lea—174.
