3934 5550
1530 432 1572 495 93

287 647 465 709 nominibus
498 657 530 707 et
560 647 592 705 in
623 646 765 725 personis
799 645 960 724 proposuit
984 664 1055 705 curn
1079 647 1313 725 protestatione,
1337 651 1421 727 quod
1445 650 1511 727 ipse
1536 670 1572 709 ac

285 756 473 817 universitas
503 753 652 814 nobilium
685 752 856 833 praedicta,
887 753 1028 832 plurimis
1061 754 1208 813 oneribus
1232 764 1264 815 et
1286 756 1523 835 gravaminibus
1555 777 1573 817 a

287 866 377 925 dictis
404 864 536 923 statibus
550 871 582 923 et
595 862 755 922 ordinibus
780 860 871 941 regni
892 861 1080 921 Sclauoniae
1095 881 1157 921 non
1174 864 1311 941 sancitis,
1327 884 1481 944 praesepe
1498 884 1572 925 one·

287 982 438 1051 rarentur,
465 990 546 1049 quae
570 968 633 1030 iam
658 970 709 1029 vix
733 969 877 1029 tollerare
907 968 1001 1028 etiam
1032 952 1171 1046 possent,
1195 971 1252 1030 sed
1278 970 1482 1051 imposterum
1507 992 1571 1033 om·

286 1082 360 1141 nino
390 1080 458 1153 illis,
490 1077 694 1157 inquantum
726 1076 794 1136 fieri
824 1075 946 1155 poterit,
970 1095 1005 1135 se
1036 1095 1207 1137 exonerare
1232 1085 1263 1137 et
1285 1078 1417 1139 liberare
1449 1079 1570 1139 labora·

286 1192 371 1267 bunt,
393 1198 520 1269 paratos
544 1184 760 1247 nichilominus
785 1202 823 1243 ea
846 1182 960 1257 omnia,
977 1202 1203 1262 quaecunquae
1228 1203 1247 1243 a
1269 1184 1360 1244 dictis
1383 1186 1516 1246 statibus
1540 1196 1571 1247 et

287 1298 446 1358 ordinibus
469 1294 559 1375 regni
581 1291 768 1353 Sclauoniae
792 1310 848 1370 pro
872 1291 1037 1371 commodo
1054 1289 1193 1351 eiusdem
1218 1292 1307 1371 regni
1331 1292 1482 1353 hactenus
1499 1313 1570 1355 san-

285 1408 347 1467 cita
369 1406 510 1476 luissent,
535 1404 584 1463 vel
608 1402 811 1480 imposterum
835 1400 930 1459 etiam
947 1382 1074 1478 quoquo
1098 1399 1192 1458 modo
1216 1407 1425 1460 statuerentur
1449 1420 1505 1461 seu
1521 1420 1569 1461 or·

285 1516 475 1587 dinarentur,
499 1530 571 1573 sese
593 1528 663 1570 esse
687 1508 862 1579 subiectos;
895 1507 926 1567 in
950 1506 1039 1566 cuius
1063 1508 1250 1567 contrarium
1276 1507 1341 1587 ipse
1373 1508 1473 1567 banus
1505 1529 1569 1569 res·

284 1623 460 1703 pondisset:
502 1638 583 1679 »non
615 1620 715 1678 solum
753 1636 800 1690 ea,
833 1635 915 1695 quae
945 1634 1002 1695 per
1036 1634 1093 1674 nos
1118 1624 1218 1675 status
1251 1624 1282 1674 et
1315 1616 1440 1677 ordines
1472 1618 1569 1695 ipsius

286 1731 375 1811 regni
398 1727 586 1790 Sclauoniae
603 1734 789 1799 statuuntur,
803 1724 983 1805 quempiam
1007 1723 1038 1783 in
1063 1724 1123 1783 hoc
1147 1742 1246 1803 regno
1262 1723 1457 1799 Sclauoniae,
1474 1726 1569 1785 immo

285 1846 317 1898 et
340 1838 400 1913 illa,
424 1855 506 1914 quae
529 1834 687 1914 publicum
718 1833 834 1892 bonum
859 1841 890 1891 et
912 1829 1167 1911 permansionem
1197 1830 1337 1891 eiusdem
1370 1832 1459 1913 regni
1483 1832 1568 1895 effla-

285 1946 395 2026 gitant,
418 1962 529 2003 omnes
560 1941 665 2001 subire
698 1940 823 2013 debere,
847 1947 879 1999 et
901 1938 985 1998 circa
1018 1938 1107 2010 haec,
1130 1957 1200 1997 curn
1225 1956 1287 1997 non
1317 1936 1369 1998 diu
1392 1941 1568 2018 praeteritis

283 2051 478 2131 temporibus
509 2050 596 2109 iussu
627 2047 800 2109 maiestatis
831 2046 940 2124 imper.
965 2054 996 2106 et
1021 2046 1137 2126 regiae,
1161 2046 1463 2125 necessitatibusque
1495 2068 1566 2107 con·

284 2162 427 2221 finiorum
451 2157 658 2238 erigentibus,
681 2150 870 2218 tormentum
903 2154 1061 2232 quoddam
1086 2154 1125 2213 ad
1150 2154 1251 2231 ipsum
1275 2154 1423 2215 loannem
1455 2155 1566 2235 Pogle-

283 2268 354 2329 dich
394 2266 530 2326 misisset
561 2264 690 2325 ulterius
724 2262 952 2335 deducendum,
977 2254 1030 2321 ea²
1061 2263 1128 2340 ipse
1152 2262 1193 2321 ad
1223 2263 1325 2321 locum
1355 2264 1567 2323 necessarium

283 2374 396 2436 deduci
419 2383 450 2435 et
473 2372 626 2452 asportari
659 2372 850 2451 neglexisset
881 2378 913 2429 et
943 2370 1190 2449 contempsisset,
1221 2364 1319 2449 quae³
1342 2379 1373 2431 et
1396 2372 1490 2431 modo
1512 2392 1566 2452 pe-

284 2505 342 2547 nes
364 2484 448 2543 illum
473 2481 650 2556 haberetur,
673 2478 865 2558 praeiudicio
889 2486 921 2537 et
943 2478 1060 2539 damno
1084 2478 1173 2557 regni
1197 2477 1285 2537 istius
1303 2478 1394 2538 valde
1409 2488 1567 2559 magno‹;

284 2589 502 2652 nichilominus
525 2597 630 2647 tamen
655 2586 737 2647 idem
761 2586 944 2665 Pogledych
967 2584 1026 2645 has
1050 2584 1156 2645 literas
1181 2586 1416 2663 protestatorias
1454 2587 1512 2649 sibi
1535 2597 1567 2649 et

287 2701 390 2760 dictae
413 2696 609 2757 universitati
631 2694 699 2755 dari
723 2695 892 2775 postulavit
914 2694 1027 2755 iurium
1052 2714 1160 2755 eorum
1184 2694 1287 2755 lutura
1310 2714 1366 2774 pro
1391 2698 1521 2757 cautela.

390 2839 537 2911 Originale
556 2838 746 2903 chartaceum,
769 2837 872 2890 subtus
897 2851 1065 2904 appressum
1090 2835 1220 2908 sigillum,
1240 2837 1271 2889 ln
1290 2837 1405 2892 archivo
1423 2853 1565 2892 commun.

282 2932 348 2985 nob.
369 2931 407 2984 de
424 2929 586 2999 Turopolje.

359 3025 372 3029 -
390 3023 543 3110 ¹ianuarii.
582 3053 654 3110 'sic
674 3055 736 3126 (id).
774 3053 845 3108 'sic
864 3053 974 3123 (quod).

720 3297 957 3412 [4ο.

390 3541 483 3600 Anno
513 3539 604 3602 1603.
632 3539 679 3602 18.
703 3540 843 3604 ianuarii.

394 3739 574 3818 Capitulum
609 3742 682 3801 eccl.
718 3740 941 3820 Zagrabieusis
972 3738 1108 3798 Martino
1141 3740 1259 3799 Petlrev
1290 3741 1329 3798 de
1360 3741 1480 3799 Hethes
1504 3749 1560 3800 etc.

286 3848 506 3907 locumtenenti
531 3849 624 3927 regiS,
649 3848 688 3907 de
713 3857 841 3926 peracta
865 3847 1086 3906 ammonitione
1119 3846 1265 3905 nobilium
1299 3847 1411 3925 Campi
1443 3848 1560 3926 Zagra-

279 3955 397 4014 biensis
429 3956 546 4029 (Vide
578 3957 660 4017 doc.
691 3955 786 4015 anni
822 3953 914 4014 1602.
944 3952 990 4016 16.
1020 3955 1257 4015 decembris
1296 3955 1369 4014 sub
1404 3956 1464 4015 Nr.
1496 3954 1560 4030 45.)

280 4082 337 4142 per
360 4062 517 4121 hominem
551 4061 691 4122 eiusdem
725 4063 860 4140 capituli,
896 4062 1064 4120 discretum
1102 4062 1246 4122 videlicet
1282 4062 1381 4122 virum
1406 4063 1560 4121 Thomam

279 4171 485 4249 presbiterum
501 4172 703 4245 Kelelrouich,
720 4172 794 4231 eccl.
818 4169 1041 4250 Zagrabiensis
1057 4169 1318 4248 praebendarium
1344 4168 1406 4231 (10.
1437 4168 1482 4230 ll.
1512 4169 1559 4230 12.

280 4291 311 4339 et
339 4277 385 4340 13.
410 4280 527 4338 mensis
551 4279 692 4339 ianuariil
717 4279 818 4339 refert.

384 4407 411 4463 Α
437 4413 560 4486 tergo
583 4406 706 4464 huius
729 4404 984 4485 documenti:
1009 4405 1101 4464 Anno
1127 4403 1219 4464 1603.
1235 4406 1284 4465 die
1302 4406 1423 4465 decima
1448 4405 1557 4475 martii,

280 4531 336 4590 pro
360 4512 514 4572 nobilibus
538 4513 651 4591 Campi
675 4512 846 4590 Turopolia
869 4512 1020 4572 incusatis
1044 4512 1249 4590 intruseriptis
1271 4513 1443 4591 comparuit
1467 4531 1556 4592 egre·

276 4622 348 4701 gius
372 4623 505 4682 loannes
528 4621 702 4700 Pogledich
726 4640 797 4680 cum
821 4621 1045 4698 procuratoriis
1062 4620 1188 4699 capituli
1204 4620 1426 4700 Zagrubiensis
1451 4642 1556 4681 coram

275 4729 484 4790 illustrissimo
518 4729 643 4789 domino
675 4730 904 4788 locumtenente
937 4729 1025 4808 regio
1057 4737 1113 4787 etc.
1144 4737 1253 4788 contra
1276 4727 1477 4808 magnificum
1502 4731 1555 4788 do-

275 4839 400 4900 miuum
427 4839 574 4897 loannem
591 4837 780 4895 Draskouith
799 4837 838 4896 de
855 4836 1053 4908 Trakostian,
1071 4855 1239 4915 regnorum
1256 4837 1441 4918 Dalmatiae,
1458 4835 1555 4908 (Iroat

288 4947 350 5020 tiae
374 4954 406 5010 et
427 4945 612 5021 Sclauopiae
634 4943 751 5023 barium
776 4952 843 5022 etc„
868 4953 901 5004 ut
924 4954 1070 5030 actorem,
1434 4925 1435 4930 ἵ
