3934 5550
367 401 432 465 236

363 619 453 694 taxis,
477 620 577 693 datiis,
602 620 760 680 laboribus
785 630 816 679 et
839 618 1089 699 impositionibus
1112 618 1359 697 exemptionales
1375 617 1590 679 confirmative
1616 617 1648 677 in

363 746 398 787 se
422 728 627 805 continentes,
650 728 763 807 quibus
797 724 1007 787 mediantibus
1039 728 1132 787 iidem
1163 727 1354 788 serenissimi
1386 728 1459 786 olim
1491 725 1648 805 principes

363 834 576 895 Romanorum
614 835 818 914 imperatores
857 854 893 894 ac
927 853 1023 915 reges
1058 834 1251 915 Hungariae,
1286 834 1445 914 praelatos
1483 833 1648 893 universos

363 942 456 1002 unius
479 942 629 1003 sessionis
652 942 773 1003 nobiles
789 942 902 1022 Campi
927 941 1107 1021 Turopolia,
1130 942 1224 1021 inque
1248 942 1409 1021 praedicto
1425 960 1525 1023 regno
1540 950 1647 1001 nostro

362 1050 550 1112 Sciauoniae
574 1050 752 1125 existentes,
785 1070 803 1111 a
838 1051 993 1111 solutione
1024 1059 1167 1111 taxarum
1199 1057 1231 1109 et
1261 1049 1523 1111 contributionum
1555 1067 1646 1130 rega-

363 1159 437 1218 lium
473 1159 566 1221 medii
603 1158 691 1219 aurei
723 1158 754 1219 in
785 1168 971 1237 perpetuum
996 1158 1151 1219 exemisse
1182 1165 1214 1217 et
1243 1166 1455 1237 supportasse,
1483 1155 1648 1217 memorati

365 1286 439 1327 vero
467 1274 566 1327 status
590 1275 621 1327 et
645 1266 770 1326 ordines
802 1266 930 1327 eosdem
962 1265 1083 1326 nobiles
1114 1265 1359 1344 Turopolienses
1391 1264 1478 1325 iuxta
1506 1273 1647 1324 tenorem

364 1384 596 1455 praetactorum
621 1372 855 1454 privilegiorum
879 1372 910 1433 in
934 1372 1138 1452 praeinsertis
1162 1372 1334 1433 eorundem
1356 1371 1552 1433 libertatibus
1575 1389 1647 1431 con·

363 1500 491 1543 servare
522 1491 555 1542 et
578 1489 780 1543 manutenere
804 1482 893 1553 velle,
919 1500 955 1541 ac
980 1482 1109 1559 insuper
1131 1499 1150 1540 a
1174 1479 1363 1559 quibuslibet
1391 1478 1531 1540 eiusdem
1556 1479 1648 1560 regni

361 1587 459 1649 nostri
490 1588 678 1649 Sciauoniae
711 1588 800 1663 taxis,
832 1587 934 1661 datiis,
966 1588 1126 1648 laboribus
1150 1596 1182 1647 et
1205 1586 1455 1666 impositionibus
1483 1595 1647 1667 exemptos

362 1704 393 1756 et
427 1696 540 1757 liberos
583 1696 778 1771 declarasse;
813 1704 916 1757 certus
955 1704 1120 1775 praeterea
1155 1695 1293 1756 fidelium
1327 1695 1434 1756 itidem
1466 1703 1644 1755 nostrorum

358 1804 582 1863 modernorum
599 1804 816 1863 universorum
841 1812 1091 1881 supratactorum
1121 1804 1305 1877 Dalmatiae,
1329 1802 1479 1863 Croatiae
1503 1811 1534 1862 et
1557 1802 1642 1862 Sela·

360 1910 473 1971 uoniae
505 1928 676 1989 regnorum
699 1919 875 1970 nostrorum
908 1918 1046 1970 statuum
1078 1918 1109 1970 et
1140 1910 1293 1985 ordinum,
1326 1910 1358 1969 in
1390 1910 1531 1991 generali
1554 1928 1644 1988 prae-

362 2016 470 2077 attacti
509 2016 598 2096 regni
638 2016 735 2077 nostri
769 2018 954 2079 Sciauoniae
1000 2019 1255 2099 congregatione,
1294 2018 1344 2078 die
1384 2017 1571 2077 duodecima
1615 2024 1647 2076 et

361 2124 623 2203 subsequentibus
647 2125 763 2185 mensis
789 2125 972 2198 decembris,
1006 2144 1089 2186 anno
1121 2125 1238 2185 domini
1269 2124 1433 2186 millesimo
1465 2124 1645 2204 septingen-

361 2232 474 2293 tesimo
504 2232 642 2292 secundo
671 2232 734 2293 iam
758 2210 935 2312 praeterit0,
967 2234 999 2293 in
1030 2234 1155 2294 civitate
1187 2242 1294 2293 nostra
1324 2231 1529 2293 Varasdiensi
1564 2232 1644 2292 cele·

362 2340 454 2400 brata
484 2340 635 2414 conditus,
660 2340 823 2420 sigilloque
856 2341 997 2401 eiusdem
1027 2342 1118 2422 regni
1150 2342 1328 2401 authentico
1352 2340 1536 2421 impressive
1562 2358 1647 2399 com·

365 2448 502 2508 munitus
534 2448 690 2523 articulus,
722 2448 835 2509 virtute
859 2450 947 2509 cuius
976 2450 1139 2510 memorati
1163 2457 1263 2509 status
1287 2458 1319 2509 et
1342 2448 1468 2509 ordines
1492 2449 1647 2507 antelatos

365 2557 528 2617 universos
544 2556 663 2617 nobiles
684 2556 797 2637 Campi
814 2558 983 2637 Turopolia
998 2558 1092 2617 certis
1108 2577 1146 2617 ex
1163 2557 1366 2636 respectibus,
1381 2556 1647 2634 rationalibusque

365 2664 405 2723 de
430 2663 543 2737 causis,
575 2664 686 2740 modis,
715 2664 823 2723 formis
855 2674 886 2724 et
917 2664 1146 2725 conditionibus
1177 2664 1208 2723 in
1240 2666 1352 2724 eodem
1380 2673 1498 2725 statuto
1521 2662 1648 2723 uberius

366 2771 567 2850 expressatis,
592 2791 611 2832 a
633 2772 850 2852 praesentibus
869 2782 900 2832 et
916 2772 1026 2833 suturis
1050 2772 1329 2833 contributionibus
1351 2772 1468 2851 pariter
1484 2780 1648 2851 exemptos

363 2888 393 2939 et
433 2879 587 2940 immunes
622 2881 846 2958 pronunciasse
875 2881 1156 2961 dignoscebantur,
1191 2890 1335 2941 tenorum
1369 2880 1646 2959 intrascriptomm.

362 2987 576 3066 Supplicatum
603 2988 706 3067 itaque
731 2989 830 3048 extitit
862 2989 1018 3048 maiestati
1049 2997 1175 3049 nostrae
1200 3007 1256 3067 pro
1279 2997 1368 3067 parte
1392 2997 1424 3048 et
1446 2989 1477 3048 in
1501 2986 1644 3066 personis

361 3095 572 3173 praelatorum
603 3096 726 3155 comitis
755 3095 911 3156 terrestris
935 3105 966 3156 et
989 3096 1201 3156 universitatis
1235 3096 1385 3156 nobilium
1409 3096 1523 3175 Campi
1546 3096 1645 3155 Turo-

361 3201 442 3279 polia
479 3201 657 3275 humillime,
693 3212 847 3281 quatenus
882 3222 940 3262 nos
980 3212 1045 3262 tam
1084 3204 1213 3264 easdem
1243 3205 1519 3264 benememoratae
1557 3202 1648 3263 aviae

362 3308 533 3368 maiestatis
565 3317 691 3368 nostrae
722 3309 826 3368 literas
861 3309 1080 3390 privilegiales,
1115 3330 1210 3390 quam
1242 3329 1318 3371 vero
1346 3311 1559 3390 praelatorum
1582 3317 1645 3370 sta·

361 3425 448 3475 tuum
472 3423 504 3475 et
527 3415 671 3476 ordinum
694 3416 828 3494 praelati
844 3417 934 3496 regni
957 3418 1055 3476 nostri
1079 3418 1266 3478 Sciauoniae
1283 3418 1455 3492 articulum,
1478 3417 1645 3495 omniaque

361 3533 392 3584 et
416 3523 542 3604 singula
565 3522 595 3583 in
619 3523 730 3584 iisdem
755 3531 786 3583 et
811 3524 920 3584 eodem
946 3533 1103 3598 contenta,
1126 3533 1220 3596 ratas,
1244 3533 1354 3605 gratas
1377 3533 1409 3585 et
1432 3533 1563 3603 accepta
1587 3525 1646 3583 ba·

361 3632 470 3690 bontes
503 3629 661 3710 literisque
692 3631 806 3690 nostris
839 3630 944 3692 itidem
976 3632 1223 3712 privilegialibus
1254 3633 1348 3693 inseri
1380 3641 1412 3692 et
1441 3631 1566 3693 inscribi
1599 3631 1645 3690 fa·

361 3739 487 3812 cientes,
519 3747 692 3816 acceptare,
717 3738 901 3819 approbare,
925 3739 1147 3818 roborareque,
1171 3759 1208 3799 ac
1232 3759 1289 3818 pro
1312 3740 1461 3819 praelatis
1489 3738 1645 3799 universis

361 3845 474 3923 Campi
498 3845 667 3924 Turopolia
691 3845 853 3920 nobilibus,
877 3846 1077 3925 ipsorumque
1102 3847 1235 3925 posteris
1258 3855 1290 3906 et
1313 3847 1547 3906 successoribus
1578 3844 1643 3904 uni·

362 3953 461 4013 versis
485 3952 685 4029 innovantes,
707 3962 858 4032 perpetuo
888 3953 1037 4014 valituras
1061 3955 1200 4034 gratiose
1223 3956 1409 4014 confirmare
1433 3954 1643 4032 dignaremur.

362 4063 505 4138 Quarum
530 4061 656 4140 quidem
687 4061 845 4121 literarum
878 4061 1119 4141 privilegialium
1143 4063 1282 4141 sequitur
1305 4071 1394 4122 tenor
1418 4063 1499 4122 hunc
1523 4061 1555 4120 in
1577 4079 1643 4119 mo-

361 4169 451 4228 dum:
483 4167 585 4228 Vide
617 4169 700 4230 doc.
732 4187 759 4230 a.
797 4165 879 4227 1620
920 4165 971 4232 26.
1003 4169 1100 4228 maii
1131 4169 1206 4228 sub
1239 4170 1303 4232 Nr.
1326 4165 1391 4245 60.)
1415 4167 1546 4228 Articuli
1569 4186 1644 4227 vero

361 4275 458 4335 series
482 4275 526 4335 sic
546 4275 708 4336 sehabet:
733 4276 846 4350 (Vide
870 4277 1137 4355 praecedens
1161 4277 1245 4338 doc.
1269 4295 1296 4337 a.
1325 4273 1416 4339 1702.
1446 4274 1494 4338 12.
1515 4283 1557 4335 et
1586 4294 1642 4334 se·

361 4383 585 4461 quentibus
618 4383 772 4443 mensis
807 4383 1045 4443 decembris
1085 4385 1156 4443 sub
1195 4383 1259 4446 Nr.
1298 4381 1358 4443 187
1399 4384 1437 4442 in
1473 4391 1641 4443 annota-

359 4489 472 4549 tione
496 4489 858 4567 communicatum).
882 4490 948 4550 Nos
964 4490 1070 4570 itaque
1087 4491 1262 4551 huiusmodi
1279 4490 1449 4552 humillima
1471 4510 1528 4570 pro
1552 4499 1641 4569 parte

360 4596 491 4676 praelati
531 4597 652 4658 comitis
690 4600 854 4674 terrestris,
886 4599 1165 4679 universorumque
1200 4599 1313 4678 Campi
1347 4601 1517 4679 Turopolia
1552 4599 1643 4659 unius

359 4704 508 4764 sessionis
543 4704 690 4764 nobilium
726 4701 950 4785 supplicatione
986 4715 1112 4767 nostrae
1147 4708 1242 4767 modo
1277 4727 1339 4786 quo
1371 4727 1467 4786 supra
1499 4716 1642 4787 porrecta

362 4810 526 4888 maiestati,
541 4812 629 4892 regia
646 4812 839 4892 benignitate
856 4814 1011 4887 exaudita,
1029 4815 1197 4875 clementer
1212 4825 1243 4875 et
1266 4815 1413 4889 admissa,
1431 4816 1642 4894 praeinsertas

359 4916 648 4980 benememoratae'
664 4921 756 4980 aviae
767 4929 893 4981 nostrae
910 4922 1083 4982 maiestatis
1099 4923 1204 4984 literas
1219 4923 1438 5002 privilegiales,
1454 4943 1549 5003 quam
1565 4943 1641 4984 vern
