3934 5550
1475 433 1540 498 549

253 634 351 702 moral
375 644 413 717 ie,
436 645 561 704 koiemu
596 645 682 724 boga
714 645 811 705 moliti
845 648 874 705 ie
910 647 1005 720 rekla,
1044 646 1136 706 Anna
1169 665 1207 706 za
1239 665 1313 723 nym
1346 647 1489 707 klechala
1513 646 1542 708 ie

252 752 328 810 chez
360 751 453 811 iedno
485 753 560 830 peth
592 761 807 825 otecznassev,
838 773 858 830 y
888 755 942 812 tho
974 753 1036 813 bilo
1066 753 1094 812 ie
1125 773 1167 812 vu
1197 753 1295 827 iutro;
1327 755 1466 814 szvedok
1498 775 1538 814 na

251 859 378 935 prelazu
409 859 513 939 gledel
546 859 583 933 ie,
614 861 733 938 potlam
764 860 928 920 betesnika
958 861 1138 920 zobrucha
1171 860 1319 941 zdignula
1350 861 1378 920 ie
1402 881 1422 938 y
1446 862 1534 922 rekla

254 985 316 1039 mu,
341 967 382 1025 da
405 985 459 1025 sze
482 966 535 1025 nai
558 984 597 1025 ne
622 967 746 1046 ogleda,
767 969 852 1047 koga
875 987 917 1026 vu
940 968 1011 1028 hisu
1035 969 1063 1030 ie
1086 968 1258 1048 zapelyala,
1274 969 1391 1047 potlam
1416 970 1535 1029 vendar

249 1093 289 1132 ne
313 1073 469 1148 ozdravel,
491 1074 565 1134 koia
587 1075 680 1134 Anna
703 1076 732 1135 ie
756 1076 898 1154 govorila
921 1095 941 1152 y
966 1076 1115 1154 proszila:
1144 1076 1378 1156 »Nepovedaite
1406 1077 1535 1137 Marku·

248 1179 331 1240 linke
360 1182 461 1254 zatho,
489 1181 573 1241 bude
605 1200 657 1242 sze
682 1201 723 1241 na
746 1201 797 1264 me
820 1184 959 1243 karala«.
993 1184 1109 1243 Datum
1133 1190 1166 1243 ut
1190 1201 1285 1262 supra
1317 1203 1372 1261 per
1397 1203 1447 1246 me
1470 1184 1533 1244 Ge·

248 1287 371 1367 orgium
395 1288 649 1363 Szmendrovich,
673 1290 837 1368 praelibati
861 1290 974 1369 Campi
999 1290 1142 1355 iuratum.
1166 1291 1252 1351 Idem
1277 1310 1316 1355 m.
1340 1310 1370 1368 p.

354 1433 399 1491 ln
423 1435 577 1493 dorso:
607 1468 642 1478 -
660 1432 689 1493 9.
710 1469 747 1477 -
772 1435 931 1514 Inquisitio
948 1444 1057 1494 contra
1075 1435 1207 1510 Annam,
1230 1436 1383 1496 Matthiae
1395 1435 1524 1512 Gyurak

248 1549 424 1602 consortem
448 1541 534 1600 velut
556 1561 678 1621 sagam,
702 1543 732 1601 in
757 1561 840 1602 anno
869 1539 961 1603 1733.
987 1542 1123 1606 collecta.

357 1698 431 1752 ¹sic.

816 1771 831 1805 a
878 1817 894 1852 Ἰ
940 1772 955 1804 a

356 2008 447 2068 Actio
478 2007 625 2087 generosi
649 2007 802 2067 Matthiae
834 2007 972 2080 Mudicb,
996 2026 1058 2086 qua
1082 2007 1215 2084 inclytae
1234 2007 1402 2067 nobilitatis
1420 2006 1522 2086 Camp

244 2117 426 2194 Turopolya
455 2116 571 2176 fiscalis
597 2123 629 2176 et
656 2115 779 2190 actoris,
804 2123 913 2175 contra
940 2125 971 2175 et
1002 2117 1154 2176 adversus
1178 2115 1383 2176 Catharinam
1420 2115 1533 2188 Koosz,

243 2224 354 2283 nobilis
391 2224 462 2284 olim
497 2224 619 2284 Nicolai
643 2223 782 2286 Czellich
814 2225 955 2283 relictam
979 2224 1115 2296 viduam,
1149 2224 1242 2284 veluti
1274 2223 1456 2284 modalitate
1487 2223 1534 2282 in-

244 2331 407 2410 ¹rascripta
439 2351 552 2411 sagam
577 2342 608 2391 et
631 2332 663 2391 in
686 2351 815 2392 causam
848 2339 1023 2404 attractam,
1057 2332 1222 2392 occasione
1247 2341 1278 2390 et
1301 2338 1464 2410 praetextu
1488 2329 1534 2391 di·

253 2457 413 2498 versorum
446 2448 571 2499 actuum
602 2439 797 2520 magicorum
822 2458 878 2518 per
901 2440 1033 2499 eandem
1063 2439 1192 2499 veroin
1216 2457 1345 2499 causam
1369 2446 1534 2498 attractam

244 2555 495 2625 perpetratorum
520 2556 552 2608 et
574 2548 654 2608 inira
678 2548 804 2607 uberius
828 2547 1100 2625 exprimendorum
1125 2556 1211 2606 mota
1235 2555 1265 2607 et
1290 2556 1403 2608 erecta.

353 2654 497 2730 Qualiter
530 2655 674 2714 nimirum
701 2654 791 2714 annis
815 2662 847 2714 et
869 2655 1062 2733 temporibus
1096 2653 1209 2714 abhinc
1232 2654 1395 2715 retroactis
1419 2654 1533 2714 eadem

245 2763 276 2822 in
301 2782 431 2823 causam
456 2769 590 2823 attracta
613 2763 752 2823 nescitur
775 2783 837 2842 quo
868 2761 1023 2823 diabolico
1057 2762 1270 2823 circumventa
1293 2761 1402 2841 spiritu
1428 2761 1533 2823 simul·

243 2890 306 2949 que
343 2890 503 2950 persvasa,
540 2871 790 2931 abrenuntiando
825 2870 949 2950 ipsimet
984 2870 1202 2931 sanctissimae
1234 2869 1393 2944 Trinitati‚
1425 2870 1531 2947 sicque

243 2979 297 3038 uni
323 2987 355 3038 et
378 2998 456 3040 vero
480 2981 541 3039 deo
565 3000 623 3040 suo
646 2980 781 3039 iuratam
809 2979 951 3058 perprius
975 2980 1070 3039 fidem
1095 2998 1184 3039 suam
1210 2978 1408 3058 abnegando,
1432 2986 1463 3037 ct
1486 2978 1530 3037 in-

244 3086 355 3146 fernali
367 3087 539 3147 vexillifero
563 3088 688 3147 diabolo
712 3096 824 3165 sponte
848 3087 1059 3159 adhaerendo,
1084 3106 1121 3145 ac
1145 3086 1187 3145 ita
1212 3105 1229 3145 a
1255 3084 1456 3166 dogmatibus
1477 3084 1527 3144 dei

247 3201 278 3252 et
302 3195 454 3255 ecclesiae
487 3194 627 3254 eiusdem
660 3195 847 3271 recedendo,
879 3193 980 3273 primo
1011 3193 1145 3274 sigillum
1171 3193 1285 3253 diaboli
1317 3194 1348 3253 in
1376 3200 1530 3253 contesta-

250 3301 365 3361 tionem
398 3302 447 3361 sui
477 3303 674 3380 mancipatus
698 3302 757 3361 sibi
781 3302 913 3381 imprimi
948 3300 1135 3376 admisisset,
1160 3300 1341 3379 cohortique
1365 3318 1530 3380 magorum

247 3418 279 3468 et
310 3429 470 3489 sagarum,
501 3412 736 3489 earundemque
770 3410 930 3470 sceleratis
968 3418 1000 3469 et
1030 3409 1087 3469 toti
1117 3408 1345 3469 Christianitati
1378 3426 1528 3487 perquam

249 3517 371 3578 nocivis
403 3518 636 3597 operationibus
667 3518 872 3592 adhaesisset,
904 3526 935 3577 et
968 3518 1009 3577 ad
1041 3518 1169 3577 easdem
1194 3525 1383 3595 cooperante
1406 3515 1530 3575 diabolo

215 3694 217 3698 ¹
241 3634 352 3705 sponte
378 3626 496 3686 vicibus
512 3627 563 3686 vix
580 3626 791 3704 exprimendis
817 3626 1035 3699 concurrisset,
1060 3625 1225 3704 taliterque
1248 3623 1448 3685 manilestam
1472 3642 1524 3683 sa·

247 3753 323 3813 gam
347 3743 448 3793 semet
472 3733 596 3793 efficere
620 3752 683 3793 non
707 3733 915 3807 formidasset,
939 3752 1041 3811 neque
1066 3750 1200 3811 poenam
1224 3732 1255 3791 in
1279 3730 1420 3811 generali
1438 3729 1528 3810 regni

246 3841 373 3901 decreto
406 3840 525 3919 passim
557 3841 629 3900 hinc
661 3842 732 3900 inde
765 3860 860 3919 super
892 3840 1048 3900 talismodi
1078 3840 1205 3900 nefariis
1244 3838 1364 3899 actibus
1394 3837 1526 3919 magicis

240 3948 393 4007 sancitam
417 3948 575 4008 incurrere
598 3949 779 4012 horruisset.

346 4056 393 4114 Ex
417 4073 455 4115 eo
479 4054 573 4115 vellet
606 4057 762 4115 antelatus
789 4055 904 4116 fiscalis
929 4065 960 4116 et
984 4063 1081 4129 actor,
1106 4054 1217 4134 vigore
1241 4052 1440 4113 articulorum
1464 4052 1523 4112 Po·

243 4162 435 4222 soniensium
469 4162 573 4223 brevis
602 4183 770 4242 processus
794 4182 888 4243 super
912 4162 1066 4233 ejusmodi
1090 4162 1210 4221 actibus
1233 4160 1436 4235 conditorum,
1459 4178 1523 4219 me·

245 4276 399 4330 moratam
417 4270 449 4329 in
466 4290 594 4330 causam
620 4278 786 4331 attractam
810 4270 841 4329 in
865 4271 913 4329 ius
938 4278 968 4329 et
994 4288 1122 4329 causam
1137 4267 1314 4341 convenire,
1331 4266 1525 4345 eandemque

239 4376 336 4435 veluti
370 4378 464 4437 modo
495 4378 625 4456 praevio
657 4397 778 4458 sagam,
803 4378 843 4437 ad
875 4377 1061 4437 revelandos
1098 4375 1266 4453 complices
1291 4382 1322 4434 et
1345 4373 1525 4453 detegenda

241 4484 396 4543 scelerata
420 4503 478 4544 sua
494 4484 586 4559 facta,
611 4485 712 4564 primo
728 4494 864 4545 torturae
889 4484 1009 4559 subiici,
1033 4491 1144 4562 expost
1168 4483 1207 4543 ad
1223 4481 1368 4541 horribile
1393 4480 1522 4541 aliorum

241 4593 419 4670 exemplum
443 4612 522 4673 rogo
547 4593 652 4653 vivam
668 4593 939 4666 concremandam,
955 4594 1007 4651 vel
1023 4599 1114 4670 prout
1129 4591 1187 4651 iuri
1211 4596 1242 4651 et
1265 4589 1400 4649 iustitiae
1421 4588 1523 4648 visum

239 4698 333 4758 luerit
357 4702 448 4760 morti
475 4701 655 4761 adiudicari.
679 4702 796 4761 Datum
820 4700 898 4760 Also
922 4700 1099 4774 Lukavecz,
1123 4697 1173 4757 die
1197 4697 1305 4776 quinta
1328 4696 1444 4757 mensis
1468 4714 1523 4756 no·

239 4807 385 4883 vembris,
410 4828 492 4869 anno
517 4808 636 4869 domini
663 4806 755 4868 1733.

661 4952 723 5011 Per
746 4970 797 5010 me
821 4950 987 5009 Matthiam
1011 4949 1136 5022 Mixich,
1159 4947 1358 5009 substitutum
1381 4966 1422 5008 m.
1446 4966 1475 5025 p.
