3934 5550
1426 583 1430 592 ·
1509 545 1574 608 579

289 749 443 842 ᾳυεηέεῑ
467 763 613 822 diffusum
640 763 687 836 sit,
712 771 745 821 ut
768 761 926 841 inquisitio
959 781 1084 840 quoque
1115 762 1191 820 citra
1222 761 1364 820 eiusdem
1397 761 1480 820 vitae
1511 761 1572 820 dis-

287 871 456 944 criminem,
481 871 672 949 aliarumque
697 889 801 930 rerum
826 877 857 930 et
886 870 1069 930 facultatum
1101 869 1253 928 iucturam
1288 867 1391 947 colligi
1424 876 1569 947 nequeat,

285 997 387 1057 neque
409 977 469 1055 ipsi
492 997 548 1056 per
571 977 688 1036 similes
713 984 796 1036 artes
829 976 971 1056 magicas
1003 974 1137 1034 iniuriati
1162 982 1193 1034 et
1216 973 1409 1034 damnificati
1440 973 1570 1034 iniurias

285 1105 359 1145 suas
383 1086 532 1164 detegere
556 1094 587 1143 et
609 1083 699 1143 fateri
728 1083 839 1156 ausint,
864 1083 965 1143 minus
999 1082 1265 1143 controntationes
1298 1082 1465 1160 quaepiam
1505 1083 1573 1142 fieri

287 1202 423 1276 possent,
457 1191 620 1252 referendo
644 1211 678 1251 se
703 1191 744 1250 ad
767 1191 897 1269 praevia
921 1211 988 1264 sua,
1021 1191 1098 1268 petit
1120 1189 1164 1248 uti
1189 1207 1293 1267 supra,
1327 1198 1357 1248 et
1390 1197 1423 1248 ut
1457 1208 1570 1268 procu-

225 1314 228 1319 ’
287 1310 371 1359 rator
400 1298 432 1358 in
463 1318 591 1358 causam
627 1307 779 1358 attractae
815 1308 960 1376 respectu
996 1297 1186 1376 reliquarum
1221 1296 1315 1356 etiam
1351 1295 1567 1374 principalium

287 1424 413 1467 suarum
438 1409 542 1466 nelors
567 1425 675 1485 parem
699 1425 770 1465 cum
794 1406 1007 1484 suprascripta
1031 1405 1061 1464 in
1085 1423 1213 1464 causam
1246 1410 1379 1463 attracta
1404 1402 1570 1462 defensam

291 1513 471 1572 habentium
498 1519 574 1593 agat
597 1513 655 1572 sibi
679 1513 891 1585 incumbentia
907 1513 1042 1572 eundem
1059 1497 1241 1571 iudicialiter
1258 1510 1450 1570 commoneri
1466 1510 1569 1572 instat.

398 1621 460 1680 Pro
493 1621 605 1682 eadem
629 1621 660 1678 in
684 1638 812 1680 causam
837 1627 970 1679 attracta
1002 1619 1117 1678 trustra
1140 1627 1322 1697 procurator
1350 1618 1464 1678 actoris
1497 1636 1568 1678 con·

291 1729 507 1790 solidationem
532 1737 769 1806 praetensorum
802 1729 1024 1805 productorum
1056 1728 1173 1806 allegat
1204 1726 1357 1804 publicam
1390 1726 1506 1786 famam
1540 1733 1570 1786 et

291 1839 509 1918 suspicionem,
538 1856 619 1916 quae
647 1855 705 1896 nec
743 1835 926 1912 verificatur,
961 1855 1019 1895 nec
1055 1835 1209 1895 verificari
1245 1835 1338 1894 etiarn
1373 1843 1486 1914 potest,
1511 1835 1570 1895 nisi

290 1966 328 2007 ex
352 1963 505 2005 concursu
529 1943 737 2023 legitimorum
763 1943 955 2017 indiciorum,
979 1961 1061 2022 quae
1085 1942 1202 2002 indicia
1219 1942 1484 2020 quemadmodum
1508 1961 1571 2002 non

290 2055 451 2125 clarerent,
474 2053 518 2111 ita
542 2051 637 2111 etiarn
666 2050 819 2110 rationem
847 2051 991 2128 publicae
1014 2033 1118 2110 famae
1142 2059 1173 2109 et
1196 2049 1381 2128 suspicionis
1414 2069 1475 2108 non
1500 2049 1570 2110 soli-

289 2162 409 2235 darent,
439 2167 598 2220 caeterum
629 2178 686 2236 pro
716 2159 837 2218 ratione
869 2157 1066 2218 intermissae
1101 2157 1357 2218 confrontationis
1385 2165 1569 2235 procurator

292 2269 405 2328 actoris
419 2267 535 2346 pariter
558 2267 671 2326 trustra
688 2267 804 2346 allegat
819 2274 937 2325 metum
954 2266 1080 2346 magiae
1105 2284 1176 2325 cum
1201 2265 1232 2324 in
1256 2265 1386 2326 vinculis
1403 2266 1570 2325 constituta

292 2383 323 2435 et
339 2375 547 2434 condemnata
568 2373 766 2452 praetensive
785 2376 887 2433 latens
904 2392 942 2432 ex
961 2373 1082 2433 ratione
1106 2373 1304 2433 necessariae
1328 2392 1399 2434 cum
1420 2373 1570 2432 moderna

227 2508 229 2511 ·
295 2492 465 2561 praetensa
498 2483 529 2541 in
553 2501 681 2542 eausam
715 2488 846 2541 attracta
870 2480 1127 2540 confrontationis
1152 2480 1183 2539 in
1206 2481 1299 2540 talem
1323 2489 1440 2540 metum
1457 2481 1569 2541 cadere

290 2610 352 2650 non
383 2590 490 2668 potuit,
515 2599 546 2649 et
568 2591 640 2649 hinc
664 2610 734 2649 cum
767 2588 979 2668 suprascripta
1003 2589 1042 2648 ab
1067 2589 1201 2648 adverso
1225 2596 1393 2666 praetensa
1416 2590 1568 2667 producta

289 2717 348 2758 nec
371 2698 551 2777 praemissis
580 2697 754 2776 praetensis
785 2697 957 2756 rationibus
981 2696 1116 2756 solidata
1147 2696 1345 2768 haberentur,
1376 2695 1503 2755 indubie
1536 2697 1566 2755 in

289 2826 454 2867 censuram
490 2808 658 2885 allegatam
693 2805 850 2878 caderent,
886 2804 937 2864 cui
966 2804 1082 2881 pariter
1115 2813 1147 2863 ut
1177 2802 1340 2863 iudiciaria
1376 2804 1563 2863 authoritate

289 2914 498 2988 subiiciantur,
521 2918 704 2991 procurator
726 2912 810 2971 idem
826 2912 856 2971 in
873 2930 1003 2971 causam
1028 2918 1179 2970 attractae
1204 2930 1242 2970 eo
1267 2910 1360 2973 etiam
1385 2911 1565 2985 accedente,

288 3022 372 3099 quod
403 3021 591 3081 fassionibus
622 3018 729 3079 talium
757 3038 964 3099 personarum
999 3026 1064 3078 arte
1097 3019 1251 3079 diabolica
1286 3018 1565 3095 infalsleinatarum

288 3128 370 3187 nulla
402 3128 481 3187 fides
516 3117 657 3187 adhiberi
689 3128 826 3201 deberet,
859 3146 931 3186 cum
962 3125 1105 3185 diabolus
1130 3144 1166 3185 ac
1191 3144 1445 3203 perconsequens
1470 3126 1565 3185 etiam

288 3253 423 3314 persona
455 3234 556 3294 eidem
587 3234 715 3313 alligata
740 3243 771 3292 et
794 3233 944 3307 subiecta,
968 3251 1007 3291 ex
1030 3241 1142 3291 natura
1175 3252 1232 3291 sua
1257 3232 1287 3290 in
1311 3232 1417 3292 odium
1442 3240 1473 3291 et
1497 3251 1565 3311 per·

289 3342 480 3401 secutionem
497 3341 670 3400 innocentis
695 3360 848 3418 personae
872 3341 1023 3413 tenderet,
1048 3340 1204 3399 subiectos
1225 3358 1300 3399 vero
1325 3339 1384 3399 sibi
1408 3339 1492 3398 omni
1516 3358 1567 3400 co·

290 3458 364 3508 natu
389 3449 431 3508 uti
456 3468 494 3507 ex
519 3448 714 3509 diversorum
738 3449 932 3508 torturalium
956 3448 1132 3507 examinum
1158 3447 1346 3507 laesionibus
1371 3447 1497 3507 eruibile
1522 3459 1569 3507 est

289 3565 413 3630 tutaret,
444 3556 529 3635 quod
560 3556 713 3636 colligitur
738 3558 832 3615 etiam
864 3575 902 3615 ex
926 3574 973 3629 eo,
998 3555 1071 3634 quia
1094 3555 1254 3614 torturalia
1279 3555 1390 3613 eadem
1415 3554 1568 3629 examina

288 3663 355 3723 sine
379 3662 516 3722 cuiusvis
547 3663 722 3723 remotioris
747 3682 765 3721 a
788 3662 957 3722 fatentibus
990 3680 1144 3740 personae
1169 3660 1401 3739 specificatione
1426 3660 1567 3739 praecise

211 3814 213 3817 Α
289 3770 446 3848 proximas
479 3778 510 3829 et
545 3769 664 3829 vicinas
700 3788 852 3848 personas
886 3778 1069 3848 tangerent,
1113 3770 1196 3829 unde
1231 3768 1448 3846 praesumitur,
1485 3768 1569 3845 quod

295 3879 426 3937 eaedem
449 3885 637 3956 praetensae
660 3877 798 3937 tassione
821 3874 945 3935 veritati
961 3876 1237 3947 conformarentur,
1262 3874 1445 3935 remotiores
1465 3876 1560 3934 etiarn

288 4004 439 4061 personas
476 3988 569 4063 (quae
603 3985 634 4043 in
666 3984 811 4044 similium
843 4002 994 4063 sagarum
1029 3982 1185 4042 consortio
1220 3982 1364 4061 undeque
1398 3983 1566 4057 confluere,

288 4092 438 4171 exemplis
461 4092 595 4171 plurium
630 4092 824 4151 torturalium
857 4090 1035 4149 examinum
1067 4091 1263 4164 docerentur)
1296 4090 1499 4165 involverent,
1535 4098 1566 4149 et

286 4218 349 4257 non
384 4200 525 4276 praecise
556 4200 659 4258 vicina
690 4217 824 4276 persona
855 4192 946 4276 tquae
979 4216 1017 4256 ex
1049 4198 1231 4275 quotidiana
1261 4196 1469 4275 lamiliaritate
1503 4196 1566 4255 cui·

290 4306 364 4365 libet
395 4306 535 4366 torturali
564 4307 691 4365 horrore
727 4314 759 4365 et
782 4313 867 4366 metu
890 4322 1028 4382 pressae,
1060 4314 1093 4363 ut
1116 4312 1203 4363 tanto
1220 4304 1309 4363 citius
1334 4322 1353 4363 a
1376 4304 1563 4363 cruciatibus

291 4425 322 4472 et
345 4413 502 4473 doloribus
534 4412 665 4473 relevari
689 4413 796 4491 possit,
824 4422 912 4471 extra
935 4430 1060 4471 omnem
1085 4430 1193 4470 casum
1218 4410 1433 4489 complicitatis
1458 4430 1565 4470 occur-

292 4524 405 4596 rerent)
431 4520 647 4598 exprimerent,
672 4537 769 4599 quare
793 4520 836 4577 uti
861 4538 964 4596 supra.

396 4628 457 4685 Pro
482 4636 587 4686 actore
605 4634 635 4686 et
652 4644 745 4704 super
776 4626 955 4685 immediate
967 4624 1147 4703 praemissis
1165 4623 1374 4701 procuratoris
1391 4624 1420 4682 in
1438 4642 1565 4683 causam

289 4742 440 4794 attractae
465 4734 607 4813 allegatis
639 4733 842 4812 protestando
871 4732 1000 4810 reponit,
1025 4731 1203 4791 immediate
1228 4730 1402 4809 praemissa
1426 4730 1565 4791 eiusdem

289 4841 425 4920 allegata
452 4840 483 4929 si
513 4841 668 4918 poenitius
700 4841 943 4914 considerentur,
974 4840 1043 4916 plus
1076 4849 1192 4913 contra,
1224 4858 1318 4917 quarn
1343 4857 1398 4916 pro
1423 4848 1510 4916 parte
1534 4837 1566 4896 in

288 4931 592 5008 causam'attraetae
609 4948 784 5028 militarent,
808 4947 935 5006 sienim
952 4966 1060 5006 verum
1077 4956 1133 5019 est,
1159 4946 1242 5025 quod
1266 4965 1304 5006 ex
1329 4945 1480 5007 eiusmodi
1504 4953 1565 5004 tor·

293 5056 429 5115 uralibus
454 5055 644 5115 lassionibus
678 5056 862 5128 verifi'cetur,
887 5072 984 5133 sagas
1009 5072 1046 5113 ex
1071 5054 1209 5131 pluribus
1233 5053 1308 5112 locis
1333 5054 1373 5113 ad
1400 5072 1495 5112 unum
1513 5048 1565 5112 de·

1446 5174 1459 5203 ἡ
