3934 5550
1514 425 1580 489 399

301 640 423 715 valoris,
447 649 569 721 portam
601 641 642 701 ad
673 643 809 720 plateam
843 644 958 703 nullius
994 644 1109 705 valoris
1132 666 1203 704 curn
1227 644 1378 705 columnis
1402 664 1457 725 per
1481 643 1579 723 negli-

300 749 441 829 gentiam
464 749 558 809 etiam
582 750 685 812 habet

407 856 436 918 9.
460 858 580 918 Nobilis
604 858 740 918 Michael
771 859 875 919 Koosz
899 860 994 920 habet
1017 860 1144 920 domum
1168 861 1328 940 antiquam
1359 862 1466 939 elapso
1498 879 1581 919 anno

299 966 379 1025 bene
421 974 599 1044 reparatam
641 966 672 1024 in
715 974 797 1025 statu
840 965 932 1039 bon0,
987 967 1039 1025 ubi
1081 967 1113 1027 in
1156 968 1259 1027 eulina
1301 968 1454 1046 superiori
1489 968 1575 1046 pavi·

302 1081 406 1132 mento
430 1072 591 1153 indigebit,
617 1082 649 1132 et
670 1081 753 1133 tecto
784 1073 816 1132 in
848 1092 985 1147 secessu,
1018 1076 1164 1135 horreum
1188 1075 1349 1155 antiquum
1372 1076 1489 1135 bonum
1513 1074 1580 1133 sine

300 1180 383 1240 bona
406 1189 504 1258 porta,
528 1182 629 1255 ⁴haras
653 1180 694 1240 ad
717 1188 781 1241 tres
813 1182 974 1241 clausuras
999 1183 1145 1261 antiquas
1179 1182 1308 1242 basibus
1341 1182 1432 1243 bonis
1463 1191 1495 1243 et
1525 1200 1580 1261 pa·

301 1288 445 1348 vimentis
469 1295 621 1363 carentes,
645 1288 788 1349 harulam
812 1288 970 1349 maialium
994 1308 1104 1367 parum
1128 1291 1295 1366 valentem,
1311 1290 1464 1371 indigebit
1488 1307 1581 1363 nova,

300 1396 458 1455 lornacem
490 1396 659 1473 pistoream
683 1396 750 1456 sine
774 1396 857 1455 bono
881 1405 974 1471 tecto,
1007 1405 1120 1475 putens
1143 1397 1309 1458 mediocris
1333 1417 1389 1477 pro
1413 1398 1507 1457 domo
1532 1414 1579 1456 re·

300 1508 419 1580 parata,
443 1510 550 1562 mutuo
574 1521 594 1561 a
617 1502 805 1579 Krajachich
830 1503 952 1583 accepit
974 1505 1089 1564 robora
1112 1502 1142 1565 8.

413 1610 459 1671 10.
491 1611 611 1671 Nobilis
645 1614 778 1672 loannes
809 1613 931 1693 Evang.
964 1612 1180 1673 szetkovich
1214 1614 1311 1673 habet
1342 1614 1469 1675 domurn
1503 1612 1581 1672 anti·

301 1738 394 1797 quam
420 1718 528 1793 ruinae
551 1719 724 1797 proximam
756 1718 890 1797 denique
914 1719 946 1778 in
969 1720 1107 1799 pessimo
1135 1727 1227 1793 statu,
1251 1739 1333 1780 nova
1357 1719 1518 1799 indigebit,
1542 1738 1580 1777 ex

302 1825 430 1903 antiqua
455 1825 529 1884 nihil
554 1824 638 1885 aliud
661 1834 765 1905 potest
789 1826 970 1899 ellaborare,
998 1845 1092 1905 quam
1116 1828 1258 1887 harulam
1282 1826 1440 1886 maialium
1465 1825 1582 1886 medio·

301 1950 394 2007 crem,
424 1933 569 1996 horreum
594 1932 756 2011 antiquum
788 1932 916 1993 basibus
946 1932 1114 2013 indigebit3
1146 1934 1221 1993 item
1246 1934 1342 1994 baras
1373 1934 1519 2011 antiquas
1543 1952 1580 1991 ex

301 2039 465 2099 roboribus
487 2039 562 2099 nihil
585 2039 761 2099 valentibus
793 2041 850 2099 sub
883 2040 1033 2101 seorsivis
1065 2041 1156 2101 tectis
1179 2041 1220 2100 ad
1244 2041 1405 2101 clausuras
1429 2038 1450 2099 6
1474 2039 1582 2099 ruinae

300 2146 467 2225 proximas,
491 2146 534 2211 ita
556 2147 641 2225 quod
665 2166 702 2206 ex
728 2146 863 2226 antiquis
886 2146 1050 2207 roboribus
1077 2148 1238 2227 quidpiam
1262 2156 1371 2226 posset
1393 2148 1507 2221 facere,
1522 2146 1582 2205 lor-

301 2274 412 2315 nacem
428 2255 597 2333 pistoream
614 2274 669 2333 per
684 2254 908 2335 negligentiam
927 2254 1002 2315 nihil
1019 2255 1185 2330 valentem,
1201 2265 1315 2334 puteus
1331 2264 1380 2315 est
1396 2263 1468 2333 post
1482 2272 1582 2314 annos

301 2361 498 2421 necessarius
521 2336 631 2422 novus.

412 2468 459 2529 ll.
484 2470 581 2532 Curia
604 2470 787 2549 perillustris
811 2470 928 2529 domini
945 2454 1070 2530 loannis
1086 2470 1201 2546 Koosz,
1217 2470 1419 2544 vicecomitis,
1443 2470 1475 2529 in
1498 2471 1581 2529 bono

303 2584 394 2652 statu,
426 2579 583 2637 stabulum
615 2580 655 2641 ad
686 2580 766 2639 duas
800 2579 961 2638 clausuras
994 2578 1155 2657 antiquum
1179 2578 1246 2639 sine
1270 2586 1362 2654 tecto,
1385 2578 1418 2639 id
1441 2586 1490 2639 est
1512 2596 1581 2656 per-

301 2685 416 2764 pluum‚
439 2687 637 2765 reparatione
655 2687 822 2776 indigebit.

411 2793 458 2854 12.
482 2794 602 2854 Nobilis
638 2795 772 2856 loannes
807 2797 929 2876 Evang.
965 2796 1129 2855 Arbanasz
1164 2795 1260 2854 habet
1286 2795 1421 2879 jdomum
1454 2813 1578 2867 novam,

270 2967 272 2972 ,
302 2901 446 2960 omnibus
469 2902 657 2962 necessariis
688 2903 855 2981 provisam,
879 2903 1040 2982 antiquam
1070 2903 1167 2962 habet
1189 2921 1228 2961 ex
1251 2920 1315 2980 qua
1346 2901 1463 2980 aliquot
1498 2900 1581 2960 aliud

303 3008 510 3068 aedificiolum
555 3009 660 3070 ovium
704 3011 754 3070 vel
792 3011 951 3070 maialium
990 3010 1137 3090 errigere,
1178 2994 1331 3069 horreum
1364 3008 1459 3067 habet
1499 3007 1576 3067 anti·

303 3134 399 3193 quum
422 3117 588 3193 parvulum
613 3136 649 3176 ex
675 3117 837 3177 roboribus
869 3118 943 3178 nihil
967 3117 1143 3178 valentibus
1174 3116 1279 3195 quoad
1301 3123 1420 3176 tectum
1444 3115 1476 3174 in
1498 3115 1582 3174 bono

303 3229 394 3299 statu,
428 3223 484 3282 sed
515 3224 620 3302 quoad
650 3225 764 3284 robora
795 3225 826 3282 in
857 3225 940 3284 malo
972 3232 1065 3298 statu,
1095 3225 1193 3284 haras
1225 3242 1326 3283 novas
1360 3223 1459 3282 bonas
1491 3221 1532 3281 ad
1561 3219 1581 3281 3

302 3329 463 3388 clausuras
493 3329 560 3390 sine
592 3330 683 3390 bonis
714 3331 921 3410 pavimentis;
952 3331 1027 3390 item
1060 3348 1218 3392 cameram
1242 3329 1403 3408 antiquam
1435 3329 1581 3390 frumenti

303 3436 499 3514 reparatione
529 3437 731 3518 indigentem,
763 3439 922 3498 lornacem
951 3438 1121 3515 pistoream
1146 3437 1214 3497 sine
1237 3444 1320 3496 tecto
1343 3436 1426 3496 bono
1449 3455 1507 3515 per
1528 3455 1581 3496 ne·

303 3543 495 3626 gligentiam,
519 3553 632 3622 puteus
656 3553 726 3624 post
749 3566 845 3605 unum
870 3564 985 3604 annum
1010 3564 1111 3605 novus
1134 3545 1341 3604 necessarius.

414 3649 460 3711 13.
485 3653 605 3712 Nobilis
629 3653 787 3734 Georgius
811 3653 1038 3714 Sarmaoovich
1061 3653 1158 3712 habet
1180 3652 1307 3712 domum
1333 3652 1493 3731 antiquam
1517 3669 1581 3711 me-

301 3759 447 3834 diocrem,
483 3760 632 3820 ambitum
657 3761 781 3836 nullum,
808 3761 929 3842 indiget
952 3779 1055 3833 novo,
1090 3761 1237 3819 horreum
1267 3759 1428 3837 antiquum
1451 3758 1579 3818 basibus

303 3885 410 3946 egens
434 3868 560 3927 harulas
585 3868 730 3947 antiquas
754 3869 794 3928 ad
817 3870 896 3928 duas
924 3869 1084 3928 clausuras
1116 3866 1305 3945 pavimentis
1328 3874 1360 3925 et
1382 3864 1581 3944 reparatione

303 3974 506 4050 necessarias,
531 3976 570 4034 ad
594 3976 734 4054 plateam
757 3985 879 4053 portam
904 3977 1020 4036 nullam
1044 3956 1174 4034 habet*

414 4081 461 4146 14.
485 4082 605 4143 Nobilis
635 4084 768 4146 loannes
792 4085 880 4162 Bapt.
917 4084 1083 4144 Franetich
1107 4083 1202 4142 habet
1225 4083 1352 4142 domurn
1375 4081 1491 4141 bonam
1515 4099 1580 4140 om·

306 4188 397 4247 nibus
419 4190 606 4250 necessariis
637 4191 805 4268 provisam,
835 4191 980 4250 horreum
1006 4190 1166 4268 antiquum
1198 4189 1326 4248 basibus
1350 4207 1457 4268 egens,
1488 4188 1583 4246 haras

302 4294 503 4374 biangulares
535 4297 678 4375 antiquas
712 4299 752 4358 ad
784 4297 944 4357 clausuras
969 4297 989 4357 5
1013 4317 1083 4356 cum
1108 4296 1225 4375 pojata,
1250 4295 1316 4356 sine
1340 4295 1430 4354 bonis
1454 4294 1582 4354 basibus

303 4409 334 4460 et
368 4401 557 4480 pavimentis
592 4403 805 4476 inferioribus;
841 4404 915 4463 item
951 4423 1109 4464 eameram
1139 4403 1287 4466 frumenti
1310 4403 1342 4462 in
1376 4411 1460 4462 statu
1490 4402 1582 4477 bon0,

301 4527 393 4568 secus
417 4509 598 4588 pavimento
622 4510 759 4570 inferiori
783 4511 987 4590 indigentem,
1010 4510 1171 4571 lomacem
1194 4509 1366 4588 pistoream
1386 4510 1501 4569 bonam
1516 4509 1583 4568 sine

301 4616 383 4675 bono
407 4623 497 4690 tecto,
516 4607 633 4694 ¹puteus
657 4618 730 4677 nihil
754 4618 847 4692 valet,
881 4617 1009 4678 domum
1032 4617 1174 4677 fabrilem
1198 4617 1359 4696 antiquam
1390 4635 1509 4697 magna
1531 4635 1579 4674 re·

302 4723 463 4800 paratione
487 4725 706 4785 necessariam.

412 4830 460 4890 15.
490 4832 610 4892 Nobilis
641 4831 797 4912 Georgius
835 4834 954 4893 Pevecz
988 4833 1083 4892 habet
1113 4834 1241 4893 domurn
1276 4833 1435 4912 antiquam
1470 4830 1579 4889 ruinae

303 4939 486 5017 proximam,
510 4959 594 4999 nova
617 4939 746 5019 indiget,
770 4959 808 4999 ex
833 4940 961 5019 antiqua
983 4948 1087 5020 potest
1118 4941 1176 5000 sibi
1208 4940 1314 4999 haras
1332 4958 1390 5018 pro
1420 4937 1584 4998 maialibus
