3934 5550
1527 451 1592 516 265

312 661 526 723 communitatis
551 662 775 737 Turopoliensis.
800 670 831 722 ln
856 664 971 722 archivo
996 683 1138 722 commun.
1163 666 1229 721 nob.
1251 666 1288 720 de
1306 666 1470 735 Turopolje.
1492 694 1521 704 —
1542 666 1592 721 Pa-

312 760 422 830 lugyay,
442 759 582 813 Tdrmezd
601 775 665 828 pag.
685 758 728 813 37.

419 1244 510 1305 Anno
539 1241 631 1307 1737.
654 1242 684 1305 6.
707 1246 789 1305 maii.
813 1245 847 1304 In
870 1244 1015 1321 Slanyae.

418 1442 536 1502 Comes
560 1442 710 1521 Iosephus
732 1442 934 1517 Eszterhazy,
958 1442 1068 1515 banus,
1099 1441 1204 1502 comiti
1227 1441 1365 1501 terrestri
1389 1438 1502 1518 Campi
1526 1441 1589 1499 Tu·

309 1550 440 1627 ropolya
463 1549 666 1629 Sigismundo
689 1548 835 1608 Skerlecz
859 1556 966 1608 notum
991 1547 1073 1623 lacit,
1104 1549 1188 1627 quod
1221 1566 1279 1606 sua
1308 1546 1458 1606 maiestas
1491 1566 1589 1625 usque

310 1656 498 1736 vigesimum
523 1656 656 1734 primum
680 1656 814 1716 labentis
838 1654 955 1715 mensis
979 1655 1159 1737 universam
1175 1654 1266 1734 regni
1281 1654 1373 1713 huius
1388 1652 1589 1725 nobilitatem,

309 1764 461 1823 banderia
486 1782 522 1822 ac
546 1762 707 1823 libertinos
731 1770 761 1822 et
785 1764 932 1841 populum
957 1749 1045 1821 trans
1069 1766 1101 1821 et
1123 1761 1168 1821 cis
1192 1760 1409 1839 Colapianum,
1441 1760 1588 1837 ipsosque

311 1871 529 1951 praedialistas
561 1872 592 1930 in
626 1890 769 1950 campum
805 1872 976 1949 producere
1009 1868 1178 1929 mandavit.
1209 1869 1283 1928 ldeo
1314 1869 1381 1945 ipse
1413 1886 1589 1947 congrega·

308 1980 425 2037 tionem
449 1978 539 2059 regni
562 1998 618 2057 pro
643 1978 693 2038 die
722 1977 769 2039 16.
795 1978 927 2037 labentis
952 1977 1060 2038 indixit
1083 1976 1312 2037 celebrandam.
1337 1975 1470 2053 Oportet
1493 1974 1588 2034 etiarn

310 2086 553 2165 Turopolienses
577 2080 750 2165 insurgere,
774 2086 885 2165 quibus
911 2086 992 2146 idem
1029 2105 1136 2146 comes
1167 2094 1238 2145 terr.
1270 2084 1463 2143 committere
1495 2084 1588 2155 vellit,

308 2202 464 2273 quatenus
488 2193 625 2253 universi
649 2194 769 2273 equites
794 2202 825 2254 et
860 2195 981 2272 pedites
1017 2193 1111 2253 armis
1146 2193 1333 2253 necessariis
1363 2195 1396 2251 'et
1431 2191 1587 2271 congruis,

308 2302 428 2380 priores
452 2321 545 2380 porro
568 2302 663 2361 etiam
687 2302 776 2381 equis
801 2302 892 2362 bonis
916 2310 947 2362 et
971 2302 1061 2380 aptiS,
1085 2310 1185 2361 semet
1216 2302 1364 2361 decenter
1393 2299 1587 2377 provideant,

307 2388 341 2469 ut
365 2410 404 2469 ad
428 2408 546 2489 primos
569 2410 695 2469 ordines
719 2429 789 2469 sese
814 2410 954 2469 celeriter
978 2408 1010 2469 in
1034 2419 1137 2471 castra
1161 2408 1311 2481 conterre,
1328 2415 1359 2467 et
1375 2406 1488 2466 ibidem
1514 2424 1586 2465 con-

307 2516 394 2579 tinuo
417 2536 620 2595 perseverare
646 2518 778 2578 valeant.
803 2516 885 2577 Velit
909 2536 1016 2576 eomes
1039 2525 1110 2577 terr.
1134 2517 1214 2576 tales
1237 2517 1341 2575 lacere
1358 2512 1587 2593 dispositiones,

309 2634 463 2703 quatenus
486 2623 599 2685 milites
623 2644 641 2685 e
665 2622 788 2704 Campo
812 2624 993 2703 Turopolya
1016 2602 1187 2703 procedere
1211 2622 1350 2701 obligati,
1367 2630 1398 2681 et
1413 2601 1586 2699 respective

313 2731 431 2793 domiui
454 2730 583 2810 nobiles,
607 2732 638 2792 in
662 2732 867 2814 compagnias
891 2732 1054 2812 equestres
1077 2739 1108 2792 et
1131 2732 1302 2810 pedestres,
1318 2730 1437 2808 priores
1453 2728 1590 2808 capitum

307 2841 376 2919 plus
400 2841 502 2900 minus
526 2850 660 2916 centum,
684 2843 873 2920 posteriores
898 2861 973 2901 vero
997 2849 1123 2900 centum
1154 2838 1265 2920 viginti
1298 2839 1348 2899 vel
1377 2839 1506 2918 triginta
1534 2846 1587 2897 aut

307 2947 401 3008 etiarn
439 2947 571 3034 plurium
604 2951 800 3026 reducantur,
836 2951 934 3030 iisque
971 2949 1122 3010 officiales
1153 2949 1332 3028 superiores
1363 2955 1394 3007 et
1427 2945 1587 3006 interiores

308 3055 537 3133 praeficiantur,
570 3065 663 3136 atque
699 3057 730 3116 in
763 3058 887 3138 singula
919 3060 1046 3118 cohorte
1082 3056 1219 3136 pedestri
1254 3064 1378 3134 praeter
1411 3053 1587 3134 vigiliarum

309 3163 504 3242 magistrum,
528 3166 706 3244 corgirales
731 3167 769 3225 ad
802 3165 904 3225 minus
938 3176 1072 3245 quatuor
1107 3173 1138 3225 et
1174 3163 1236 3224 duo
1271 3159 1520 3241 s'ubcorporales,
1555 3160 1586 3219 in

307 3271 506 3349 equestribus
530 3281 634 3332 autem
659 3272 836 3353 vigiliarum
860 3272 1011 3352 magister
1028 3282 1058 3333 et
1075 3281 1138 3333 tres
1153 3271 1332 3350 corporales
1348 3269 1585 3330 constituantur.

306 3379 399 3438 Exire
424 3388 555 3458 possunt
578 3388 608 3440 et
632 3381 690 3441 sub
714 3400 776 3440 uno
801 3382 867 3440 solo
891 3381 1012 3452 vexillo
1036 3380 1158 3440 etiamsi
1175 3377 1455 3466 plurescenturiae
1471 3383 1585 3436 essent

308 3487 479 3546 Numerum
513 3507 587 3548 vero
620 3487 799 3566 specificum
831 3487 1057 3561 universorum,
1093 3508 1130 3546 ex
1164 3496 1240 3566 quot
1274 3485 1427 3565 capitibus
1461 3484 1585 3563 singula

303 3595 490 3674 compagnia
514 3595 672 3668 consistat,
696 3594 788 3676 quive
813 3594 1030 3655 nominetenus
1053 3594 1229 3673 superiores
1262 3602 1293 3653 et
1316 3592 1479 3653 inferiores
1515 3591 1584 3649 oifi·

307 3701 402 3761 ciales
425 3701 583 3762 constituti
596 3702 665 3779 sint,
679 3702 719 3762 ad
732 3702 904 3780 proximam
922 3704 1103 3782 generalem
1120 3701 1399 3780 congregationem
1416 3697 1583 3758 distinctim

306 3808 421 3868 referre
446 3809 538 3873 vellit.

407 3933 552 4004 Originaio
571 3933 759 3988 chartaceum.
797 3936 826 3986 ln
847 3934 961 3988 archivo
980 3950 1122 3987 commun.
1142 3933 1209 3987 nob.
1228 3932 1264 3985 dc
1283 3931 1445 4001 Turopoljo.

887 4205 996 4333 eit.

409 4454 500 4514 Anno
529 4451 619 4517 1737.
648 4431 696 4517 id.
720 4463 752 4514 et
777 4455 979 4533 sequentibus
1003 4454 1120 4514 mensis
1145 4451 1227 4514 maii.
1252 4451 1427 4515 Varasdini.

406 4653 514 4712 Status
538 4660 568 4710 et
591 4649 716 4711 ordines
740 4649 837 4730 regni,
863 4650 992 4710 articulo
1016 4647 1045 4711 8.
1069 4649 1250 4723 decernunt,
1266 4659 1299 4709 ut
1315 4658 1424 4709 contra
1438 4650 1579 4710 inimicos

300 4757 445 4834 (Turcas)
469 4757 633 4837 insurgant
657 4755 844 4836 regnicolae.
873 4757 938 4816 »Ex
962 4755 1165 4818 universitate
1189 4756 1338 4816 nobilium
1369 4755 1483 4834 Campi
1515 4757 1576 4815 Tu·

301 4867 430 4944 ropolya
454 4865 597 4926 dominus
620 4863 840 4943 Sigismundus
873 4865 1028 4938 Skerlecz,
1062 4863 1202 4925 eiusdem
1232 4863 1345 4942 Campi
1378 4883 1484 4922 comes
1517 4871 1583 4922 ter:

301 4973 411 5034 restris
430 4974 580 5051 producet
604 4972 644 5032 ad
668 4970 839 5031 minimum·
862 4991 933 5032 curn
964 4973 1149 5032 officialibus
1183 4970 1307 5049 pedites
1337 4971 1448 5030 milites
1477 4971 1578 5030 bonos
