3934 5550
991 629 1097 705 14⁷.

505 834 596 893 Anno
625 830 718 895 1691.
746 830 794 893 12.
819 830 929 891 martii.
954 829 1071 891 Sellini.

396 1026 564 1090 Nicolans
586 1024 754 1110 Erdeody,
777 1023 898 1102 banus,
922 1023 1041 1088 comiti
1063 1026 1145 1088 terr.
1171 1020 1293 1107 Compi
1320 1018 1506 1103 Turopolia
1530 1016 1686 1095 inondant,

396 1138 435 1199 nt
458 1133 617 1198 homnaes
640 1152 723 1197 snos
754 1130 865 1196 armis
887 1132 1087 1208 instructos,
1111 1129 1166 1193 die
1191 1126 1242 1192 18.
1269 1126 1389 1192 martii
1410 1126 1505 1212 apud
1528 1124 1685 1204 Leleenik,

397 1240 660 1306 Pescheniczam
682 1243 715 1304 el
736 1238 929 1303 Dnsiczam
951 1238 1044 1317 loca,
1067 1258 1108 1300 ac
1131 1237 1202 1321 ipse
1223 1234 1319 1299 solus
1343 1234 1399 1299 die
1421 1250 1473 1299 22.
1496 1232 1619 1298 nanti
1640 1232 1687 1296 ad

515 1346 818 1434 congregationem
845 1345 945 1429 regni
966 1344 1077 1409 Selini
1099 1342 1337 1408 celebrandam
1360 1344 1563 1427 compareat.
1656 1366 1660 1371 ’

613 1563 776 1623 Generose
799 1562 924 1622 domine
950 1561 1050 1646 amice
1074 1558 1369 1620 observandissime.

505 1706 577 1765 Non
601 1705 789 1785 ambigimus
812 1714 950 1765 vestram
974 1680 1218 1765 dominationem
1234 1721 1423 1783 generosam
1440 1700 1682 1761 insinuationem

400 1821 538 1873 nostram
561 1812 727 1873 occasione
752 1811 921 1872 castrensis
949 1810 1182 1885 insurrectionis
1206 1811 1348 1889 proxime
1370 1809 1488 1869 factam
1513 1808 1683 1887 accepisse.

399 1919 561 1999 Siquidem
583 1938 724 1979 rumores
755 1919 848 1979 iidem
879 1919 919 1979 de
947 1918 1218 1998 appropinquante
1249 1917 1374 1977 inimico
1414 1917 1587 1978 indubitate
1610 1935 1683 1976 con·

400 2028 605 2087 firmarentur.
637 2028 710 2103 Qua
741 2034 867 2106 propter
903 2035 1028 2086 vestrae
1062 2025 1265 2086 dominationi
1298 2043 1474 2106 generosae
1498 2023 1684 2084 authoritate

401 2143 507 2194 nostra
531 2134 636 2195 banali
659 2134 741 2194 serio
779 2133 1001 2194 committimus
1025 2140 1057 2193 et
1079 2133 1276 2209 mandamus
1307 2141 1462 2211 quatenus
1493 2139 1599 2191 vestra
1630 2132 1684 2190 do·

401 2240 529 2301 minatio
553 2240 690 2320 acceptis
714 2240 940 2321 praesentibus
963 2260 1036 2301 mox
1061 2248 1092 2300 et
1116 2240 1184 2318 ipso
1206 2241 1290 2299 lacto
1313 2258 1385 2299 cum
1408 2238 1585 2298 hominibus
1610 2238 1685 2304 suis,

400 2368 525 2409 annona
549 2368 605 2427 pro
628 2348 805 2428 quindecim
828 2349 938 2409 diebus
963 2331 1103 2427 pravisis,
1128 2348 1286 2427 armisque
1316 2347 1397 2407 bene
1427 2346 1594 2419 instructis,
1627 2365 1684 2425 pro

400 2457 450 2517 die
474 2458 596 2535 decima
624 2465 740 2519 octava
770 2457 932 2531 currentis,
956 2456 1043 2517 iuxta
1075 2475 1176 2536 pagos
1201 2456 1349 2529 Lekenik,
1373 2454 1594 2528 Peschenicza‚
1618 2455 1682 2513 Du·

400 2565 484 2624 sicza
508 2572 539 2641 ep
562 2565 639 2625 alios
663 2565 778 2625 ibidem
803 2564 967 2641 contiguos
992 2581 1176 2642 comparere
1200 2572 1315 2641 posset,
1338 2561 1518 2641 ibidemque
1543 2580 1562 2621 a
1585 2580 1682 2641 gene·

402 2690 475 2731 roso
508 2672 624 2731 Ioanne
659 2670 809 2747 Isachich‚
833 2670 1016 2730 vicecomite
1048 2670 1214 2730 comitatus
1243 2669 1476 2749 Zagrabiensis,
1500 2668 1684 2728 ulteriorem

400 2780 628 2858 quarteriorum
665 2779 955 2840 accomodationem
990 2778 1150 2852 habitura;
1173 2797 1230 2858 pro
1259 2778 1310 2837 die
1338 2796 1414 2836 vero
1445 2777 1602 2857 vigesima
1634 2795 1683 2837 se·

404 2887 506 2947 cunda
540 2885 720 2947 immediate
751 2887 893 2966 sequenti
925 2886 1075 2960 eiusdem,
1099 2886 1140 2945 ad
1172 2885 1354 2965 generalem
1385 2883 1474 2964 regni
1506 2903 1683 2964 congrega·

401 2993 518 3054 tionem
541 2994 592 3054 hic
614 2994 646 3054 in
669 3013 740 3054 arce
765 3003 871 3053 nostra
894 2993 1001 3054 Sellini
1023 2992 1168 3066 futuram,
1195 3000 1300 3052 vestra
1311 2992 1482 3061 dominatio
1496 3010 1679 3070 comparere

404 3121 466 3162 non
490 3102 689 3182 gravabitur3
713 3121 804 3162 secus
828 3120 890 3161 non
914 3101 1043 3162 iactura
1068 3102 1101 3161 ln
1125 3101 1244 3179 reliquo
1268 3099 1383 3159 valebit
1406 3098 1544 3162 feliciter.

510 3227 659 3288 Eiusdem
682 3245 857 3308 generosae
881 3227 1100 3286 dominationis
1123 3235 1250 3286 vestrae
1274 3225 1394 3286 amicus
1416 3224 1633 3304 paratissimus

767 3370 885 3431 Comes
909 3370 1058 3430 Nicolaus
1082 3368 1364 3445 Erdebdy,bai1us,
1387 3368 1427 3428 ob
1451 3368 1640 3448 chyragram

1078 3496 1173 3537 manu
1198 3477 1307 3536 aliena

509 3586 634 3662 Selliuy,
663 3585 709 3649 12.
733 3586 835 3645 martii
863 3583 956 3647 1691.

512 3713 552 3770 ln
576 3712 718 3771 dorso:
742 3712 905 3771 Generoso
930 3710 1057 3770 domino
1080 3711 1174 3769 Petro
1197 3709 1337 3770 Vallicza
1359 3710 1600 3785 Senkouachky,
1618 3709 1685 3767 uni-

404 3818 561 3878 versitatis
592 3819 740 3878 nobilium
772 3818 885 3896 Campi
916 3816 1141 3897 Zagrabiensis
1173 3817 1355 3896 Turopolya
1385 3817 1457 3877 dicti
1493 3816 1598 3877 comiti
1622 3824 1683 3875 ter·

408 3927 495 3986 restri
520 3933 587 4000 etc,
612 3926 712 3986 amico
735 3926 1034 3986 observandissime.

513 4047 658 4118 Originale
677 4049 866 4116 chartaceum,
884 4047 1016 4119 sigillum,
1035 4065 1092 4116 quo
1111 4048 1207 4101 clausa
1226 4055 1287 4101 erat
1305 4047 1387 4099 litera
1405 4047 1492 4100 deest
1524 4047 1554 4099 ln
1574 4046 1689 4100 archivo

409 4153 549 4191 commun.
571 4139 636 4191 nob.
656 4139 693 4190 de
712 4137 875 4208 Turopolje.
