3934 5550
861 1506 904 1570 1.

349 1706 441 1764 Anno
470 1702 561 1766 1560.
586 1703 637 1767 24.
662 1704 846 1766 decembris.
870 1705 1020 1768 Viennae.

347 1903 563 1964 Ferdinandun
586 1903 605 1962 Ι.
630 1901 812 1981 Hungariae
837 1910 894 1962 etc.
918 1920 982 1978 rex,
1007 1902 1140 1963 nobilem
1163 1903 1345 1968 Mathaeum
1371 1903 1518 1983 Wagych

241 2012 281 2070 de
306 2011 399 2090 Nagh
432 2010 547 2084 mulia,
573 2027 609 2069 ac
633 2028 689 2088 per
713 2027 784 2069 eum
818 2009 1014 2082 Michaelem‚
1048 2009 1236 2090 Gregorium
1261 2021 1291 2070 et
1315 2011 1516 2072 Franciscum

240 2118 353 2178 iratres
384 2118 451 2178 eius
481 2117 629 2194 uterinos,
652 2126 836 2196 ceterosque
864 2117 1116 2198 consanguineos
1140 2125 1171 2178 et
1188 2117 1298 2178 affines
1322 2136 1439 2193 eorum,
1463 2137 1516 2178 no-

241 2225 359 2285 bilitate
376 2226 479 2285 denuo
496 2233 635 2300 exornat,
659 2242 808 2304 armaque
831 2243 888 2284 seu
911 2224 1049 2305 insignia
1066 2217 1241 2286 nobilitaria
1257 2226 1375 2286 eisdem
1388 2225 1517 2286 confert.

349 2331 530 2394 Publicatae
563 2341 634 2392 sunt
666 2333 726 2391 hae
757 2331 866 2394 literae
890 2332 1026 2392 annales
1050 2332 1082 2390 in
1106 2332 1245 2411 generali
1272 2335 1361 2412 regni
1387 2351 1517 2412 congre·

241 2440 368 2520 gatione
391 2438 577 2520 Zagrabiae,
602 2459 629 2501 a.
657 2437 750 2500 1592.
773 2437 803 2501 6.
827 2439 975 2503 februarii
1000 2439 1146 2515 (infesto
1170 2440 1282 2499 beatae
1314 2439 1515 2514 Dorotheae).

347 2581 492 2654 Originale
501 2583 725 2648 membraneum,
744 2582 888 2651 appendet
907 2582 1030 2654 sigillum
1056 2581 1172 2650 duplex.
1191 2581 1222 2634 In
1241 2583 1355 2636 archivo
1374 2596 1515 2635 commun.

241 2675 306 2727 nob.
326 2673 363 2726 de
382 2672 544 2743 Turopolje.

858 2958 900 3025 2.

347 3162 438 3221 Anno
467 3158 559 3221 1582.
585 3159 635 3221 21.
658 3158 814 3222 februarii
839 3160 974 3221 Posonii.

347 3358 529 3436 Rudolphus
552 3358 588 3420 11.
613 3356 795 3436 Hungariae
820 3365 877 3418 etc.
909 3375 963 3416 rex
995 3356 1130 3417 nobilem
1161 3356 1354 3435 Stephanum
1386 3354 1516 3432 Gywry-

241 3465 383 3542 nowych,
408 3484 445 3524 ac
467 3482 524 3542 per
548 3484 618 3525 eum
644 3465 867 3544 Magdalenam
888 3465 1069 3545 Vgrynyeh,
1093 3482 1230 3530 uxorem,
1256 3481 1292 3523 ac
1316 3462 1518 3535 Dorotheam,

240 3573 364 3631 Annam
399 3582 430 3631 et
462 3572 699 3652 Margaretham
729 3570 808 3631 filias
852 3571 992 3632 eiusdem
1024 3572 1127 3632 denuo
1170 3570 1329 3631 nobilitate
1377 3581 1516 3642 exornat,

241 3689 334 3758 atque
359 3679 404 3739 eis
428 3679 565 3759 insigma
588 3678 764 3762 nobilitaria
787 3679 938 3739 concedit„

346 3788 526 3847 publicatae
551 3796 622 3847 sunt
646 3788 705 3847 hae
730 3787 838 3847 literae
863 3784 997 3847 armales
1029 3788 1059 3845 in
1083 3786 1223 3866 generali
1256 3786 1345 3866 regni
1368 3785 1516 3846 Croatiae

239 3895 485 3975 congregatione
511 3915 539 3955 a.
568 3892 660 3956 1584.
684 3892 713 3957 8.
738 3894 850 3974 aprilis.

344 4032 490 4105 Originale
519 4036 743 4101 membraneum,
767 4038 912 4104 appendet
937 4052 953 4089 a
978 4052 1048 4090 zona
1077 4037 1185 4091 sericea
1211 4035 1341 4106 sigillum.
1366 4036 1450 4103 Apud
1468 4050 1518 4088 no·

237 4123 322 4176 bilem
342 4122 504 4178 Emericum
523 4123 654 4194 Gjuraeie
673 4125 701 4177 in
720 4124 800 4179 Kuoe
820 4124 883 4179 Nro.
906 4124 956 4179 19.Ι
968 4154 1000 4162 -
1021 4125 1174 4190 Vitezovi6‚
1191 4124 1345 4195 Mjeseenik
1365 4138 1395 4177 za
1415 4140 1517 4195 genon-

238 4212 336 4283 iogiju
354 4214 511 4286 biografiju.
531 4214 678 4268 heraldiku
697 4216 706 4266 i
725 4214 896 4287 sfragistiku.
918 4216 935 4269 1,
959 4214 1016 4271 101.
