<?xml version="1.0" encoding="UTF-8"?>
<!DOCTYPE html PUBLIC "-//W3C//DTD XHTML 1.0 Transitional//EN"
    "http://www.w3.org/TR/xhtml1/DTD/xhtml1-transitional.dtd">
<html xmlns="http://www.w3.org/1999/xhtml" xml:lang="en" lang="en">
 <head>
  <title>
</title>
<meta http-equiv="Content-Type" content="text/html;charset=utf-8" />
  <meta name='ocr-system' content='tesseract 3.04.00' />
  <meta name='ocr-capabilities' content='ocr_page ocr_carea ocr_par ocr_line ocrx_word'/>
</head>
<body>
  <div class='ocr_page' id='page_1' title='image "./povjesnispomeni00laszgoog_0424.png"; bbox 0 0 3934 5550; ppageno 0'>
   <div class='ocr_carea' id='block_1_1' title="bbox 1477 463 1542 533">
    <p class='ocr_par' dir='ltr' id='par_1_1' title="bbox 1477 463 1542 533">
     <span class='ocr_line' id='line_1_1' title="bbox 1477 463 1542 533; baseline 0 0"><span class='ocrx_word' id='word_1_1' title='bbox 1477 463 1542 533; x_wconf 76' lang='lat'><strong>393</strong></span> 
     </span>
    </p>
   </div>
   <div class='ocr_carea' id='block_1_2' title="bbox 265 681 1545 872">
    <p class='ocr_par' dir='ltr' id='par_1_2' title="bbox 265 681 1545 872">
     <span class='ocr_line' id='line_1_2' title="bbox 265 681 1545 767; baseline 0.001 -21"><span class='ocrx_word' id='word_1_2' title='bbox 265 681 394 746; x_wconf 83' lang='lat' dir='ltr'>basibus</span> <span class='ocrx_word' id='word_1_3' title='bbox 417 684 578 766; x_wconf 79' lang='lat' dir='ltr'><strong>indigebit,</strong></span> <span class='ocrx_word' id='word_1_4' title='bbox 600 682 760 746; x_wconf 86' lang='lat' dir='ltr'><strong>fornacem</strong></span> <span class='ocrx_word' id='word_1_5' title='bbox 788 685 958 766; x_wconf 89' lang='lat' dir='ltr'><strong>pistoream</strong></span> <span class='ocrx_word' id='word_1_6' title='bbox 982 687 1066 747; x_wconf 91' lang='lat' dir='ltr'><strong>bono</strong></span> <span class='ocrx_word' id='word_1_7' title='bbox 1089 686 1156 746; x_wconf 91' lang='lat' dir='ltr'><strong>sine</strong></span> <span class='ocrx_word' id='word_1_8' title='bbox 1180 695 1272 762; x_wconf 88' lang='lat' dir='ltr'><strong>tecto,</strong></span> <span class='ocrx_word' id='word_1_9' title='bbox 1295 695 1409 767; x_wconf 90' lang='lat' dir='ltr'><strong>puteus</strong></span> <span class='ocrx_word' id='word_1_10' title='bbox 1432 688 1545 748; x_wconf 91' lang='lat' dir='ltr'><strong>nullius</strong></span> 
     </span>
     <span class='ocr_line' id='line_1_3' title="bbox 266 793 858 872; baseline 0 -19"><span class='ocrx_word' id='word_1_11' title='bbox 266 795 390 869; x_wconf 90' lang='lat' dir='ltr'><strong>valoris,</strong></span> <span class='ocrx_word' id='word_1_12' title='bbox 414 812 516 872; x_wconf 90' lang='lat' dir='ltr'><strong>neque</strong></span> <span class='ocrx_word' id='word_1_13' title='bbox 540 793 682 854; x_wconf 89' lang='lat' dir='ltr'><strong>eiusdem</strong></span> <span class='ocrx_word' id='word_1_14' title='bbox 705 795 858 853; x_wconf 89' lang='lat' dir='ltr'><strong>columna.</strong></span> 
     </span>
    </p>
   </div>
   <div class='ocr_carea' id='block_1_3' title="bbox 265 917 1550 2738">
    <p class='ocr_par' dir='ltr' id='par_1_3' title="bbox 265 917 1550 1862">
     <span class='ocr_line' id='line_1_4' title="bbox 373 917 1544 981; baseline 0.002 -3"><span class='ocrx_word' id='word_1_15' title='bbox 373 917 424 978; x_wconf 79' lang='lat'><strong>34.</strong></span> <span class='ocrx_word' id='word_1_16' title='bbox 457 918 578 980; x_wconf 90' lang='lat' dir='ltr'><strong>Nobilis</strong></span> <span class='ocrx_word' id='word_1_17' title='bbox 608 920 724 979; x_wconf 89' lang='lat' dir='ltr'><strong>Paulus</strong></span> <span class='ocrx_word' id='word_1_18' title='bbox 755 919 953 980; x_wconf 78' lang='lat' dir='ltr'><strong>Laczkovich</strong></span> <span class='ocrx_word' id='word_1_19' title='bbox 986 921 1081 980; x_wconf 92' lang='lat' dir='ltr'><strong>habet</strong></span> <span class='ocrx_word' id='word_1_20' title='bbox 1113 921 1241 980; x_wconf 91' lang='lat' dir='ltr'><strong>domum</strong></span> <span class='ocrx_word' id='word_1_21' title='bbox 1266 921 1383 981; x_wconf 88' lang='lat' dir='ltr'><strong>bonam</strong></span> <span class='ocrx_word' id='word_1_22' title='bbox 1406 921 1437 980; x_wconf 89' lang='lat' dir='ltr'><strong>in</strong></span> <span class='ocrx_word' id='word_1_23' title='bbox 1462 930 1544 981; x_wconf 89' lang='lat' dir='ltr'><strong>statu</strong></span> 
     </span>
     <span class='ocr_line' id='line_1_5' title="bbox 265 1026 1545 1106; baseline 0 -20"><span class='ocrx_word' id='word_1_24' title='bbox 265 1027 357 1101; x_wconf 88' lang='lat' dir='ltr'><strong>b0n0,</strong></span> <span class='ocrx_word' id='word_1_25' title='bbox 382 1027 438 1086; x_wconf 87' lang='lat' dir='ltr'><strong>sed</strong></span> <span class='ocrx_word' id='word_1_26' title='bbox 461 1046 525 1087; x_wconf 88' lang='lat' dir='ltr'><strong>una</strong></span> <span class='ocrx_word' id='word_1_27' title='bbox 547 1026 616 1087; x_wconf 85' lang='lat' dir='ltr'><strong>basi</strong></span> <span class='ocrx_word' id='word_1_28' title='bbox 639 1026 722 1086; x_wconf 89' lang='lat' dir='ltr'><strong>bona</strong></span> <span class='ocrx_word' id='word_1_29' title='bbox 746 1035 840 1100; x_wconf 88' lang='lat' dir='ltr'><strong>caret,</strong></span> <span class='ocrx_word' id='word_1_30' title='bbox 855 1027 1002 1087; x_wconf 90' lang='lat' dir='ltr'><strong>horreum</strong></span> <span class='ocrx_word' id='word_1_31' title='bbox 1027 1027 1187 1106; x_wconf 88' lang='lat' dir='ltr'><strong>antiquum</strong></span> <span class='ocrx_word' id='word_1_32' title='bbox 1203 1027 1270 1088; x_wconf 90' lang='lat' dir='ltr'><strong>sine</strong></span> <span class='ocrx_word' id='word_1_33' title='bbox 1294 1028 1384 1087; x_wconf 91' lang='lat' dir='ltr'><strong>bonis</strong></span> <span class='ocrx_word' id='word_1_34' title='bbox 1407 1028 1545 1102; x_wconf 84' lang='lat' dir='ltr'><strong>basibus,</strong></span> 
     </span>
     <span class='ocr_line' id='line_1_6' title="bbox 266 1133 1543 1214; baseline 0 -21"><span class='ocrx_word' id='word_1_35' title='bbox 266 1135 360 1194; x_wconf 88' lang='lat' dir='ltr'><strong>haras</strong></span> <span class='ocrx_word' id='word_1_36' title='bbox 385 1135 426 1193; x_wconf 92' lang='lat' dir='ltr'><strong>ad</strong></span> <span class='ocrx_word' id='word_1_37' title='bbox 456 1141 520 1194; x_wconf 89' lang='lat' dir='ltr'><strong>tres</strong></span> <span class='ocrx_word' id='word_1_38' title='bbox 550 1141 657 1214; x_wconf 91' lang='lat' dir='ltr'><strong>portas</strong></span> <span class='ocrx_word' id='word_1_39' title='bbox 680 1134 789 1209; x_wconf 89' lang='lat' dir='ltr'><strong>bonas,</strong></span> <span class='ocrx_word' id='word_1_40' title='bbox 812 1133 843 1194; x_wconf 90' lang='lat' dir='ltr'><strong>in</strong></span> <span class='ocrx_word' id='word_1_41' title='bbox 869 1153 931 1194; x_wconf 90' lang='lat' dir='ltr'><strong>una</strong></span> <span class='ocrx_word' id='word_1_42' title='bbox 958 1135 1104 1194; x_wconf 87' lang='lat' dir='ltr'><strong>clausura</strong></span> <span class='ocrx_word' id='word_1_43' title='bbox 1126 1154 1189 1194; x_wconf 90' lang='lat' dir='ltr'><strong>non</strong></span> <span class='ocrx_word' id='word_1_44' title='bbox 1212 1135 1307 1194; x_wconf 91' lang='lat' dir='ltr'><strong>habet</strong></span> <span class='ocrx_word' id='word_1_45' title='bbox 1330 1136 1543 1212; x_wconf 89' lang='lat' dir='ltr'><strong>pavimentum</strong></span> 
     </span>
     <span class='ocr_line' id='line_1_7' title="bbox 266 1241 1545 1320; baseline 0 -20"><span class='ocrx_word' id='word_1_46' title='bbox 266 1241 409 1315; x_wconf 87' lang='lat' dir='ltr'><strong>inferius;</strong></span> <span class='ocrx_word' id='word_1_47' title='bbox 432 1241 507 1302; x_wconf 89' lang='lat' dir='ltr'><strong>item</strong></span> <span class='ocrx_word' id='word_1_48' title='bbox 531 1241 590 1304; x_wconf 88' lang='lat' dir='ltr'><strong>alia</strong></span> <span class='ocrx_word' id='word_1_49' title='bbox 616 1241 778 1319; x_wconf 85' lang='lat' dir='ltr'><strong>superiora</strong></span> <span class='ocrx_word' id='word_1_50' title='bbox 801 1241 982 1320; x_wconf 86' lang='lat' dir='ltr'><strong>pavimenta</strong></span> <span class='ocrx_word' id='word_1_51' title='bbox 1006 1242 1101 1301; x_wconf 89' lang='lat' dir='ltr'><strong>etiam</strong></span> <span class='ocrx_word' id='word_1_52' title='bbox 1124 1261 1187 1301; x_wconf 92' lang='lat' dir='ltr'><strong>non</strong></span> <span class='ocrx_word' id='word_1_53' title='bbox 1210 1242 1322 1316; x_wconf 90' lang='lat' dir='ltr'><strong>habet;</strong></span> <span class='ocrx_word' id='word_1_54' title='bbox 1353 1243 1428 1302; x_wconf 87' lang='lat' dir='ltr'><strong>item</strong></span> <span class='ocrx_word' id='word_1_55' title='bbox 1451 1243 1545 1301; x_wconf 90' lang='lat' dir='ltr'><strong>haras</strong></span> 
     </span>
     <span class='ocr_line' id='line_1_8' title="bbox 266 1349 1547 1427; baseline -0.001 -19"><span class='ocrx_word' id='word_1_56' title='bbox 266 1349 424 1409; x_wconf 89' lang='lat' dir='ltr'><strong>maialium</strong></span> <span class='ocrx_word' id='word_1_57' title='bbox 458 1349 560 1408; x_wconf 89' lang='lat' dir='ltr'><strong>bonas</strong></span> <span class='ocrx_word' id='word_1_58' title='bbox 592 1349 658 1409; x_wconf 90' lang='lat' dir='ltr'><strong>sine</strong></span> <span class='ocrx_word' id='word_1_59' title='bbox 690 1350 774 1408; x_wconf 92' lang='lat' dir='ltr'><strong>bono</strong></span> <span class='ocrx_word' id='word_1_60' title='bbox 806 1349 996 1427; x_wconf 88' lang='lat' dir='ltr'><strong>pavimento,</strong></span> <span class='ocrx_word' id='word_1_61' title='bbox 1031 1368 1174 1408; x_wconf 88' lang='lat' dir='ltr'><strong>cameras</strong></span> <span class='ocrx_word' id='word_1_62' title='bbox 1206 1350 1246 1408; x_wconf 89' lang='lat' dir='ltr'><strong>ad</strong></span> <span class='ocrx_word' id='word_1_63' title='bbox 1279 1350 1358 1409; x_wconf 89' lang='lat' dir='ltr'><strong>duas</strong></span> <span class='ocrx_word' id='word_1_64' title='bbox 1386 1350 1547 1412; x_wconf 84' lang='lat' dir='ltr'><strong>clausuras</strong></span> 
     </span>
     <span class='ocr_line' id='line_1_9' title="bbox 269 1457 1548 1536; baseline 0 -20"><span class='ocrx_word' id='word_1_65' title='bbox 269 1457 413 1536; x_wconf 91' lang='lat' dir='ltr'><strong>antiquas</strong></span> <span class='ocrx_word' id='word_1_66' title='bbox 449 1457 562 1516; x_wconf 90' lang='lat' dir='ltr'><strong>ibidem</strong></span> <span class='ocrx_word' id='word_1_67' title='bbox 598 1457 629 1517; x_wconf 91' lang='lat' dir='ltr'><strong>in</strong></span> <span class='ocrx_word' id='word_1_68' title='bbox 661 1457 811 1518; x_wconf 89' lang='lat' dir='ltr'><strong>mediocri</strong></span> <span class='ocrx_word' id='word_1_69' title='bbox 834 1465 935 1532; x_wconf 70' lang='lat' dir='ltr'><strong>statu,</strong></span> <span class='ocrx_word' id='word_1_70' title='bbox 966 1457 1041 1517; x_wconf 92' lang='lat' dir='ltr'><strong>item</strong></span> <span class='ocrx_word' id='word_1_71' title='bbox 1064 1476 1163 1534; x_wconf 89' lang='lat' dir='ltr'><strong>penes</strong></span> <span class='ocrx_word' id='word_1_72' title='bbox 1194 1458 1321 1517; x_wconf 91' lang='lat' dir='ltr'><strong>domum</strong></span> <span class='ocrx_word' id='word_1_73' title='bbox 1346 1457 1473 1536; x_wconf 89' lang='lat' dir='ltr'><strong>antiqua</strong></span> <span class='ocrx_word' id='word_1_74' title='bbox 1497 1475 1548 1516; x_wconf 86' lang='lat' dir='ltr'><strong>ca·</strong></span> 
     </span>
     <span class='ocr_line' id='line_1_10' title="bbox 266 1564 1549 1643; baseline -0.001 -19"><span class='ocrx_word' id='word_1_75' title='bbox 266 1567 385 1625; x_wconf 91' lang='lat' dir='ltr'><strong>merula</strong></span> <span class='ocrx_word' id='word_1_76' title='bbox 409 1566 568 1624; x_wconf 87' lang='lat' dir='ltr'><strong>adunam</strong></span> <span class='ocrx_word' id='word_1_77' title='bbox 591 1574 713 1643; x_wconf 91' lang='lat' dir='ltr'><strong>portam</strong></span> <span class='ocrx_word' id='word_1_78' title='bbox 739 1565 895 1642; x_wconf 89' lang='lat' dir='ltr'><strong>privativa</strong></span> <span class='ocrx_word' id='word_1_79' title='bbox 923 1564 1035 1625; x_wconf 81' lang='lat' dir='ltr'><strong>Annae</strong></span> <span class='ocrx_word' id='word_1_80' title='bbox 1059 1565 1148 1624; x_wconf 90' lang='lat' dir='ltr'><strong>Pauli</strong></span> <span class='ocrx_word' id='word_1_81' title='bbox 1173 1565 1325 1624; x_wconf 89' lang='lat' dir='ltr'><strong>consortis</strong></span> <span class='ocrx_word' id='word_1_82' title='bbox 1351 1565 1549 1643; x_wconf 84' lang='lat' dir='ltr'><strong>reparatione</strong></span> 
     </span>
     <span class='ocr_line' id='line_1_11' title="bbox 266 1664 1550 1757; baseline 0 -25"><span class='ocrx_word' id='word_1_83' title='bbox 266 1692 374 1754; x_wconf 85' lang='lat' dir='ltr'><strong>egens,</strong></span> <span class='ocrx_word' id='word_1_84' title='bbox 397 1673 507 1733; x_wconf 86' lang='lat' dir='ltr'><strong>fornax</strong></span> <span class='ocrx_word' id='word_1_85' title='bbox 531 1672 668 1750; x_wconf 89' lang='lat' dir='ltr'><strong>pistorea</strong></span> <span class='ocrx_word' id='word_1_86' title='bbox 692 1680 723 1732; x_wconf 88' lang='lat' dir='ltr'><strong>et</strong></span> <span class='ocrx_word' id='word_1_87' title='bbox 748 1673 882 1732; x_wconf 89' lang='lat' dir='ltr'><strong>ambitus</strong></span> <span class='ocrx_word' id='word_1_88' title='bbox 915 1673 1027 1732; x_wconf 92' lang='lat' dir='ltr'><strong>domus</strong></span> <span class='ocrx_word' id='word_1_89' title='bbox 1051 1680 1135 1733; x_wconf 89' lang='lat' dir='ltr'><strong>tecto</strong></span> <span class='ocrx_word' id='word_1_90' title='bbox 1150 1664 1298 1757; x_wconf 58' lang='lat' dir='ltr'><strong>¹perpl&#39;uo,</strong></span> <span class='ocrx_word' id='word_1_91' title='bbox 1323 1672 1444 1733; x_wconf 89' lang='lat' dir='ltr'><strong>meliori</strong></span> <span class='ocrx_word' id='word_1_92' title='bbox 1467 1681 1550 1732; x_wconf 90' lang='lat' dir='ltr'><strong>tecto</strong></span> 
     </span>
     <span class='ocr_line' id='line_1_12' title="bbox 266 1781 394 1862; baseline 0.008 -22"><span class='ocrx_word' id='word_1_93' title='bbox 266 1781 394 1862; x_wconf 82' lang='lat' dir='ltr'><strong>indiget.</strong></span> 
     </span>
    </p>

    <p class='ocr_par' dir='ltr' id='par_1_4' title="bbox 265 1881 1548 2738">
     <span class='ocr_line' id='line_1_13' title="bbox 373 1881 1547 1986; baseline 0.003 -22"><span class='ocrx_word' id='word_1_94' title='bbox 373 1903 425 1966; x_wconf 88' lang='grc'><strong>35.</strong></span> <span class='ocrx_word' id='word_1_95' title='bbox 449 1905 568 1966; x_wconf 89' lang='lat' dir='ltr'><strong>Nobilis</strong></span> <span class='ocrx_word' id='word_1_96' title='bbox 592 1906 749 1986; x_wconf 82' lang='lat' dir='ltr'><strong>Georgius</strong></span> <span class='ocrx_word' id='word_1_97' title='bbox 784 1907 990 1982; x_wconf 82' lang='lat' dir='ltr'><strong>Laczkovich,</strong></span> <span class='ocrx_word' id='word_1_98' title='bbox 1021 1881 1126 1980; x_wconf 74' lang='lat' dir='ltr'><strong>iudex,¹</strong></span> <span class='ocrx_word' id='word_1_99' title='bbox 1155 1907 1250 1967; x_wconf 89' lang='lat' dir='ltr'><strong>habet</strong></span> <span class='ocrx_word' id='word_1_100' title='bbox 1281 1908 1408 1967; x_wconf 91' lang='lat' dir='ltr'><strong>domum</strong></span> <span class='ocrx_word' id='word_1_101' title='bbox 1432 1926 1547 1967; x_wconf 92' lang='lat' dir='ltr'><strong>novam</strong></span> 
     </span>
     <span class='ocr_line' id='line_1_14' title="bbox 267 2013 1547 2094; baseline 0.002 -23"><span class='ocrx_word' id='word_1_102' title='bbox 267 2013 391 2086; x_wconf 88' lang='lat' dir='ltr'><strong>bonam,</strong></span> <span class='ocrx_word' id='word_1_103' title='bbox 414 2013 526 2073; x_wconf 90' lang='lat' dir='ltr'><strong>horrea</strong></span> <span class='ocrx_word' id='word_1_104' title='bbox 550 2014 612 2072; x_wconf 91' lang='lat' dir='ltr'><strong>duo</strong></span> <span class='ocrx_word' id='word_1_105' title='bbox 635 2013 728 2087; x_wconf 87' lang='lat' dir='ltr'><strong>bona,</strong></span> <span class='ocrx_word' id='word_1_106' title='bbox 753 2033 849 2072; x_wconf 90' lang='lat' dir='ltr'><strong>unum</strong></span> <span class='ocrx_word' id='word_1_107' title='bbox 876 2014 1039 2074; x_wconf 87' lang='lat' dir='ltr'><strong>dumtaxat</strong></span> <span class='ocrx_word' id='word_1_108' title='bbox 1062 2013 1132 2074; x_wconf 91' lang='lat' dir='ltr'><strong>basi</strong></span> <span class='ocrx_word' id='word_1_109' title='bbox 1155 2033 1217 2074; x_wconf 91' lang='lat' dir='ltr'><strong>una</strong></span> <span class='ocrx_word' id='word_1_110' title='bbox 1240 2013 1368 2094; x_wconf 89' lang='lat' dir='ltr'><strong>indiget,</strong></span> <span class='ocrx_word' id='word_1_111' title='bbox 1388 2015 1482 2074; x_wconf 88' lang='lat' dir='ltr'><strong>haras</strong></span> <span class='ocrx_word' id='word_1_112' title='bbox 1507 2015 1547 2074; x_wconf 90' lang='lat' dir='ltr'><strong>ad</strong></span> 
     </span>
     <span class='ocr_line' id='line_1_15' title="bbox 267 2119 1547 2202; baseline 0.004 -24"><span class='ocrx_word' id='word_1_113' title='bbox 267 2119 403 2199; x_wconf 90' lang='lat' dir='ltr'><strong>quinque</strong></span> <span class='ocrx_word' id='word_1_114' title='bbox 428 2122 589 2180; x_wconf 87' lang='lat' dir='ltr'><strong>clausuras</strong></span> <span class='ocrx_word' id='word_1_115' title='bbox 614 2141 676 2180; x_wconf 89' lang='lat' dir='ltr'><strong>non</strong></span> <span class='ocrx_word' id='word_1_116' title='bbox 700 2121 789 2182; x_wconf 92' lang='lat' dir='ltr'><strong>bonis</strong></span> <span class='ocrx_word' id='word_1_117' title='bbox 813 2121 942 2181; x_wconf 87' lang='lat' dir='ltr'><strong>basibus</strong></span> <span class='ocrx_word' id='word_1_118' title='bbox 966 2130 999 2181; x_wconf 92' lang='lat' dir='ltr'><strong>et</strong></span> <span class='ocrx_word' id='word_1_119' title='bbox 1021 2122 1201 2200; x_wconf 89' lang='lat' dir='ltr'><strong>pavimento</strong></span> <span class='ocrx_word' id='word_1_120' title='bbox 1225 2123 1378 2202; x_wconf 86' lang='lat' dir='ltr'><strong>provisas,</strong></span> <span class='ocrx_word' id='word_1_121' title='bbox 1402 2123 1547 2183; x_wconf 88' lang='lat' dir='ltr'><strong>horreum</strong></span> 
     </span>
     <span class='ocr_line' id='line_1_16' title="bbox 266 2228 1548 2310; baseline 0.001 -21"><span class='ocrx_word' id='word_1_122' title='bbox 266 2228 424 2289; x_wconf 90' lang='lat' dir='ltr'><strong>maialium</strong></span> <span class='ocrx_word' id='word_1_123' title='bbox 447 2228 479 2288; x_wconf 88' lang='lat' dir='ltr'><strong>in</strong></span> <span class='ocrx_word' id='word_1_124' title='bbox 502 2229 585 2289; x_wconf 92' lang='lat' dir='ltr'><strong>bono</strong></span> <span class='ocrx_word' id='word_1_125' title='bbox 609 2236 701 2301; x_wconf 87' lang='lat' dir='ltr'><strong>statu,</strong></span> <span class='ocrx_word' id='word_1_126' title='bbox 726 2229 829 2307; x_wconf 89' lang='lat' dir='ltr'><strong>aliquo</strong></span> <span class='ocrx_word' id='word_1_127' title='bbox 851 2237 992 2308; x_wconf 90' lang='lat' dir='ltr'><strong>tempore</strong></span> <span class='ocrx_word' id='word_1_128' title='bbox 1008 2229 1161 2310; x_wconf 88' lang='lat' dir='ltr'><strong>indigebit</strong></span> <span class='ocrx_word' id='word_1_129' title='bbox 1176 2230 1365 2309; x_wconf 88' lang='lat' dir='ltr'><strong>pavimento,</strong></span> <span class='ocrx_word' id='word_1_130' title='bbox 1389 2230 1548 2290; x_wconf 82' lang='lat' dir='ltr'><strong>cameram</strong></span> 
     </span>
     <span class='ocr_line' id='line_1_17' title="bbox 267 2336 1548 2410; baseline 0.002 -15"><span class='ocrx_word' id='word_1_131' title='bbox 267 2336 410 2396; x_wconf 88' lang='lat' dir='ltr'><strong>adduas</strong></span> <span class='ocrx_word' id='word_1_132' title='bbox 439 2337 601 2396; x_wconf 89' lang='lat' dir='ltr'><strong>clausuras</strong></span> <span class='ocrx_word' id='word_1_133' title='bbox 632 2337 839 2410; x_wconf 89' lang='lat' dir='ltr'><strong>mediocrem;</strong></span> <span class='ocrx_word' id='word_1_134' title='bbox 871 2337 945 2396; x_wconf 91' lang='lat' dir='ltr'><strong>item</strong></span> <span class='ocrx_word' id='word_1_135' title='bbox 978 2338 1039 2396; x_wconf 90' lang='lat' dir='ltr'><strong>alia</strong></span> <span class='ocrx_word' id='word_1_136' title='bbox 1071 2357 1197 2398; x_wconf 89' lang='lat' dir='ltr'><strong>camera</strong></span> <span class='ocrx_word' id='word_1_137' title='bbox 1221 2337 1261 2397; x_wconf 90' lang='lat' dir='ltr'><strong>ad</strong></span> <span class='ocrx_word' id='word_1_138' title='bbox 1284 2337 1363 2397; x_wconf 91' lang='lat' dir='ltr'><strong>duas</strong></span> <span class='ocrx_word' id='word_1_139' title='bbox 1388 2339 1548 2397; x_wconf 89' lang='lat' dir='ltr'><strong>clausuras</strong></span> 
     </span>
     <span class='ocr_line' id='line_1_18' title="bbox 267 2443 1548 2525; baseline 0.001 -22"><span class='ocrx_word' id='word_1_140' title='bbox 267 2443 411 2523; x_wconf 88' lang='lat' dir='ltr'><strong>antiquas</strong></span> <span class='ocrx_word' id='word_1_141' title='bbox 447 2445 644 2523; x_wconf 86' lang='lat' dir='ltr'><strong>reparatione</strong></span> <span class='ocrx_word' id='word_1_142' title='bbox 680 2453 820 2525; x_wconf 89' lang='lat' dir='ltr'><strong>egentes,</strong></span> <span class='ocrx_word' id='word_1_143' title='bbox 854 2445 990 2505; x_wconf 92' lang='lat' dir='ltr'><strong>culinam</strong></span> <span class='ocrx_word' id='word_1_144' title='bbox 1022 2454 1054 2504; x_wconf 92' lang='lat' dir='ltr'><strong>et</strong></span> <span class='ocrx_word' id='word_1_145' title='bbox 1085 2446 1244 2505; x_wconf 88' lang='lat' dir='ltr'><strong>fornacem</strong></span> <span class='ocrx_word' id='word_1_146' title='bbox 1276 2446 1373 2506; x_wconf 90' lang='lat' dir='ltr'><strong>habet</strong></span> <span class='ocrx_word' id='word_1_147' title='bbox 1403 2447 1434 2505; x_wconf 91' lang='lat' dir='ltr'><strong>in</strong></span> <span class='ocrx_word' id='word_1_148' title='bbox 1465 2454 1548 2505; x_wconf 90' lang='lat' dir='ltr'><strong>statu</strong></span> 
     </span>
     <span class='ocr_line' id='line_1_19' title="bbox 265 2551 1548 2633; baseline 0.002 -23"><span class='ocrx_word' id='word_1_149' title='bbox 265 2551 357 2626; x_wconf 91' lang='lat' dir='ltr'><strong>bon0,</strong></span> <span class='ocrx_word' id='word_1_150' title='bbox 389 2571 450 2611; x_wconf 87' lang='lat' dir='ltr'><strong>non</strong></span> <span class='ocrx_word' id='word_1_151' title='bbox 483 2560 590 2612; x_wconf 88' lang='lat' dir='ltr'><strong>tamen</strong></span> <span class='ocrx_word' id='word_1_152' title='bbox 623 2553 703 2612; x_wconf 86' lang='lat' dir='ltr'><strong>adeo</strong></span> <span class='ocrx_word' id='word_1_153' title='bbox 733 2553 817 2612; x_wconf 91' lang='lat' dir='ltr'><strong>bono</strong></span> <span class='ocrx_word' id='word_1_154' title='bbox 848 2561 931 2613; x_wconf 89' lang='lat' dir='ltr'><strong>tecto</strong></span> <span class='ocrx_word' id='word_1_155' title='bbox 956 2552 1125 2631; x_wconf 87' lang='lat' dir='ltr'><strong>provisam,</strong></span> <span class='ocrx_word' id='word_1_156' title='bbox 1157 2562 1227 2631; x_wconf 88' lang='lat' dir='ltr'><strong>post</strong></span> <span class='ocrx_word' id='word_1_157' title='bbox 1255 2572 1372 2613; x_wconf 88' lang='lat' dir='ltr'><strong>annum</strong></span> <span class='ocrx_word' id='word_1_158' title='bbox 1395 2552 1548 2633; x_wconf 88' lang='lat' dir='ltr'><strong>indigebit</strong></span> 
     </span>
     <span class='ocr_line' id='line_1_20' title="bbox 265 2667 745 2738; baseline 0.004 -21"><span class='ocrx_word' id='word_1_159' title='bbox 265 2678 322 2738; x_wconf 90' lang='lat' dir='ltr'><strong>pro</strong></span> <span class='ocrx_word' id='word_1_160' title='bbox 346 2667 441 2737; x_wconf 90' lang='lat' dir='ltr'><strong>puteo</strong></span> <span class='ocrx_word' id='word_1_161' title='bbox 465 2678 614 2738; x_wconf 88' lang='lat' dir='ltr'><strong>quercum</strong></span> <span class='ocrx_word' id='word_1_162' title='bbox 641 2678 745 2719; x_wconf 86' lang='lat' dir='ltr'><strong>unam.</strong></span> 
     </span>
    </p>
   </div>
   <div class='ocr_carea' id='block_1_4' title="bbox 266 2784 1548 3193">
    <p class='ocr_par' dir='ltr' id='par_1_5' title="bbox 266 2784 1548 3193">
     <span class='ocr_line' id='line_1_21' title="bbox 374 2784 1546 2868; baseline -0.001 -21"><span class='ocrx_word' id='word_1_163' title='bbox 374 2784 424 2847; x_wconf 82' lang='lat'><strong>36.</strong></span> <span class='ocrx_word' id='word_1_164' title='bbox 449 2787 569 2847; x_wconf 79' lang='lat' dir='ltr'><strong>Nobilis</strong></span> <span class='ocrx_word' id='word_1_165' title='bbox 592 2788 741 2847; x_wconf 88' lang='lat' dir='ltr'><strong>Nicolaus</strong></span> <span class='ocrx_word' id='word_1_166' title='bbox 772 2786 969 2847; x_wconf 89' lang='lat' dir='ltr'><strong>Laczkovich</strong></span> <span class='ocrx_word' id='word_1_167' title='bbox 995 2788 1122 2847; x_wconf 91' lang='lat' dir='ltr'><strong>domum</strong></span> <span class='ocrx_word' id='word_1_168' title='bbox 1146 2788 1241 2847; x_wconf 89' lang='lat' dir='ltr'><strong>habet</strong></span> <span class='ocrx_word' id='word_1_169' title='bbox 1265 2788 1434 2868; x_wconf 89' lang='lat' dir='ltr'><strong>antiquam,</strong></span> <span class='ocrx_word' id='word_1_170' title='bbox 1457 2805 1546 2865; x_wconf 90' lang='lat' dir='ltr'><strong>repa·</strong></span> 
     </span>
     <span class='ocr_line' id='line_1_22' title="bbox 266 2888 1544 2973; baseline 0.001 -20"><span class='ocrx_word' id='word_1_171' title='bbox 266 2895 418 2954; x_wconf 89' lang='lat' dir='ltr'><strong>rationem</strong></span> <span class='ocrx_word' id='word_1_172' title='bbox 443 2894 663 2971; x_wconf 87' lang='lat' dir='ltr'><strong>necessariam,</strong></span> <span class='ocrx_word' id='word_1_173' title='bbox 686 2896 832 2955; x_wconf 90' lang='lat' dir='ltr'><strong>horreum</strong></span> <span class='ocrx_word' id='word_1_174' title='bbox 856 2894 972 2955; x_wconf 91' lang='lat' dir='ltr'><strong>bonum</strong></span> <span class='ocrx_word' id='word_1_175' title='bbox 997 2895 1064 2955; x_wconf 91' lang='lat' dir='ltr'><strong>sine</strong></span> <span class='ocrx_word' id='word_1_176' title='bbox 1087 2895 1170 2955; x_wconf 85' lang='lat' dir='ltr'><strong>bona</strong></span> <span class='ocrx_word' id='word_1_177' title='bbox 1203 2888 1309 2973; x_wconf 70' lang='lat' dir='ltr'><strong>porta,</strong></span> <span class='ocrx_word' id='word_1_178' title='bbox 1333 2896 1427 2955; x_wconf 90' lang='lat' dir='ltr'><strong>haras</strong></span> <span class='ocrx_word' id='word_1_179' title='bbox 1460 2896 1501 2955; x_wconf 91' lang='lat' dir='ltr'><strong>ad</strong></span> <span class='ocrx_word' id='word_1_180' title='bbox 1525 2894 1544 2954; x_wconf 89' lang='lat'><strong>2</strong></span> 
     </span>
     <span class='ocr_line' id='line_1_23' title="bbox 269 3002 1548 3083; baseline 0.002 -23"><span class='ocrx_word' id='word_1_181' title='bbox 269 3002 431 3061; x_wconf 90' lang='lat' dir='ltr'><strong>clausuras</strong></span> <span class='ocrx_word' id='word_1_182' title='bbox 455 3002 636 3062; x_wconf 88' lang='lat' dir='ltr'><strong>animalium</strong></span> <span class='ocrx_word' id='word_1_183' title='bbox 660 3002 813 3080; x_wconf 85' lang='lat' dir='ltr'><strong>antiquas,</strong></span> <span class='ocrx_word' id='word_1_184' title='bbox 837 3021 954 3082; x_wconf 87' lang='lat' dir='ltr'><strong>magna</strong></span> <span class='ocrx_word' id='word_1_185' title='bbox 978 3003 1176 3082; x_wconf 90' lang='lat' dir='ltr'><strong>reparatione</strong></span> <span class='ocrx_word' id='word_1_186' title='bbox 1193 3011 1333 3083; x_wconf 87' lang='lat' dir='ltr'><strong>egentes,</strong></span> <span class='ocrx_word' id='word_1_187' title='bbox 1357 3002 1467 3062; x_wconf 87' lang='lat' dir='ltr'><strong>fornax</strong></span> <span class='ocrx_word' id='word_1_188' title='bbox 1491 3021 1548 3063; x_wconf 88' lang='lat' dir='ltr'><strong>an-</strong></span> 
     </span>
     <span class='ocr_line' id='line_1_24' title="bbox 268 3108 1143 3193; baseline 0.003 -26"><span class='ocrx_word' id='word_1_189' title='bbox 268 3108 355 3193; x_wconf 83' lang='lat' dir='ltr'><strong>tiqua</strong></span> <span class='ocrx_word' id='word_1_190' title='bbox 379 3118 427 3168; x_wconf 90' lang='lat' dir='ltr'><strong>est</strong></span> <span class='ocrx_word' id='word_1_191' title='bbox 450 3108 558 3169; x_wconf 90' lang='lat' dir='ltr'><strong>ruinae</strong></span> <span class='ocrx_word' id='word_1_192' title='bbox 582 3108 731 3188; x_wconf 83' lang='lat' dir='ltr'><strong>proxima,</strong></span> <span class='ocrx_word' id='word_1_193' title='bbox 755 3118 868 3188; x_wconf 89' lang='lat' dir='ltr'><strong>puteus</strong></span> <span class='ocrx_word' id='word_1_194' title='bbox 891 3130 1002 3189; x_wconf 90' lang='lat' dir='ltr'><strong>parum</strong></span> <span class='ocrx_word' id='word_1_195' title='bbox 1025 3111 1143 3170; x_wconf 88' lang='lat' dir='ltr'><strong>valens.</strong></span> 
     </span>
    </p>
   </div>
   <div class='ocr_carea' id='block_1_5' title="bbox 266 3230 1548 3744">
    <p class='ocr_par' dir='ltr' id='par_1_6' title="bbox 266 3230 1548 3744">
     <span class='ocr_line' id='line_1_25' title="bbox 374 3230 1545 3311; baseline 0.004 -19"><span class='ocrx_word' id='word_1_196' title='bbox 374 3230 425 3293; x_wconf 87' lang='lat'><strong>37.</strong></span> <span class='ocrx_word' id='word_1_197' title='bbox 449 3234 569 3293; x_wconf 90' lang='lat' dir='ltr'><strong>Nobilis</strong></span> <span class='ocrx_word' id='word_1_198' title='bbox 600 3234 737 3295; x_wconf 88' lang='lat' dir='ltr'><strong>Michael</strong></span> <span class='ocrx_word' id='word_1_199' title='bbox 759 3235 955 3299; x_wconf 85' lang='lat' dir='ltr'><strong>Laczkovich</strong></span> <span class='ocrx_word' id='word_1_200' title='bbox 979 3235 1075 3297; x_wconf 92' lang='lat' dir='ltr'><strong>habet</strong></span> <span class='ocrx_word' id='word_1_201' title='bbox 1101 3237 1228 3296; x_wconf 93' lang='lat' dir='ltr'><strong>domum</strong></span> <span class='ocrx_word' id='word_1_202' title='bbox 1253 3256 1377 3311; x_wconf 89' lang='lat' dir='ltr'><strong>novam,</strong></span> <span class='ocrx_word' id='word_1_203' title='bbox 1400 3237 1545 3297; x_wconf 90' lang='lat' dir='ltr'><strong>horreum</strong></span> 
     </span>
     <span class='ocr_line' id='line_1_26' title="bbox 268 3340 1546 3420; baseline 0.004 -22"><span class='ocrx_word' id='word_1_204' title='bbox 268 3340 427 3420; x_wconf 90' lang='lat' dir='ltr'><strong>antiquum</strong></span> <span class='ocrx_word' id='word_1_205' title='bbox 452 3340 560 3400; x_wconf 87' lang='lat' dir='ltr'><strong>ruinae</strong></span> <span class='ocrx_word' id='word_1_206' title='bbox 584 3341 767 3419; x_wconf 88' lang='lat' dir='ltr'><strong>proximum,</strong></span> <span class='ocrx_word' id='word_1_207' title='bbox 792 3343 887 3403; x_wconf 87' lang='lat' dir='ltr'><strong>haras</strong></span> <span class='ocrx_word' id='word_1_208' title='bbox 911 3345 953 3403; x_wconf 91' lang='lat' dir='ltr'><strong>ad</strong></span> <span class='ocrx_word' id='word_1_209' title='bbox 976 3341 997 3402; x_wconf 82' lang='lat'>3</span> <span class='ocrx_word' id='word_1_210' title='bbox 1021 3344 1183 3404; x_wconf 85' lang='lat' dir='ltr'><strong>clausuras</strong></span> <span class='ocrx_word' id='word_1_211' title='bbox 1199 3344 1383 3420; x_wconf 89' lang='lat' dir='ltr'><strong>mediocres,</strong></span> <span class='ocrx_word' id='word_1_212' title='bbox 1399 3346 1456 3405; x_wconf 90' lang='lat' dir='ltr'><strong>sed</strong></span> <span class='ocrx_word' id='word_1_213' title='bbox 1480 3344 1546 3404; x_wconf 91' lang='lat' dir='ltr'><strong>sine</strong></span> 
     </span>
     <span class='ocr_line' id='line_1_27' title="bbox 266 3447 1546 3530; baseline 0.002 -23"><span class='ocrx_word' id='word_1_214' title='bbox 266 3448 446 3527; x_wconf 89' lang='lat' dir='ltr'><strong>pavimento</strong></span> <span class='ocrx_word' id='word_1_215' title='bbox 470 3447 615 3525; x_wconf 83' lang='lat' dir='ltr'><strong>inferiori,</strong></span> <span class='ocrx_word' id='word_1_216' title='bbox 639 3466 798 3509; x_wconf 89' lang='lat' dir='ltr'><strong>cameram</strong></span> <span class='ocrx_word' id='word_1_217' title='bbox 822 3469 879 3521; x_wconf 84' lang='lat' dir='ltr'><strong>seu</strong></span> <span class='ocrx_word' id='word_1_218' title='bbox 903 3451 1060 3510; x_wconf 88' lang='lat' dir='ltr'><strong>stabulum</strong></span> <span class='ocrx_word' id='word_1_219' title='bbox 1082 3470 1165 3511; x_wconf 91' lang='lat' dir='ltr'><strong>nune</strong></span> <span class='ocrx_word' id='word_1_220' title='bbox 1194 3451 1353 3530; x_wconf 86' lang='lat' dir='ltr'><strong>antiquum</strong></span> <span class='ocrx_word' id='word_1_221' title='bbox 1369 3452 1463 3512; x_wconf 89' lang='lat' dir='ltr'><strong>etiam</strong></span> <span class='ocrx_word' id='word_1_222' title='bbox 1480 3452 1546 3511; x_wconf 90' lang='lat' dir='ltr'><strong>sine</strong></span> 
     </span>
     <span class='ocr_line' id='line_1_28' title="bbox 267 3554 1548 3637; baseline 0.002 -23"><span class='ocrx_word' id='word_1_223' title='bbox 267 3555 357 3615; x_wconf 90' lang='lat' dir='ltr'><strong>bonis</strong></span> <span class='ocrx_word' id='word_1_224' title='bbox 389 3556 534 3629; x_wconf 82' lang='lat' dir='ltr'><strong>basibus3</strong></span> <span class='ocrx_word' id='word_1_225' title='bbox 565 3554 639 3614; x_wconf 88' lang='lat' dir='ltr'><strong>item</strong></span> <span class='ocrx_word' id='word_1_226' title='bbox 677 3574 835 3617; x_wconf 86' lang='lat' dir='ltr'><strong>cameram</strong></span> <span class='ocrx_word' id='word_1_227' title='bbox 871 3558 1032 3637; x_wconf 90' lang='lat' dir='ltr'><strong>antiquam</strong></span> <span class='ocrx_word' id='word_1_228' title='bbox 1063 3558 1157 3618; x_wconf 87' lang='lat' dir='ltr'><strong>etiam</strong></span> <span class='ocrx_word' id='word_1_229' title='bbox 1190 3559 1258 3618; x_wconf 91' lang='lat' dir='ltr'><strong>sine</strong></span> <span class='ocrx_word' id='word_1_230' title='bbox 1286 3554 1377 3619; x_wconf 82' lang='lat' dir='ltr'><strong>bdnis</strong></span> <span class='ocrx_word' id='word_1_231' title='bbox 1410 3559 1548 3633; x_wconf 84' lang='lat' dir='ltr'><strong>basibus,</strong></span> 
     </span>
     <span class='ocr_line' id='line_1_29' title="bbox 268 3663 1266 3744; baseline 0.004 -23"><span class='ocrx_word' id='word_1_232' title='bbox 268 3663 428 3723; x_wconf 83' lang='lat' dir='ltr'><strong>fornacem</strong></span> <span class='ocrx_word' id='word_1_233' title='bbox 452 3663 622 3743; x_wconf 88' lang='lat' dir='ltr'><strong>pistoream</strong></span> <span class='ocrx_word' id='word_1_234' title='bbox 647 3664 846 3739; x_wconf 88' lang='lat' dir='ltr'><strong>mediocrem,</strong></span> <span class='ocrx_word' id='word_1_235' title='bbox 870 3673 983 3744; x_wconf 90' lang='lat' dir='ltr'><strong>puteus</strong></span> <span class='ocrx_word' id='word_1_236' title='bbox 1006 3665 1119 3725; x_wconf 90' lang='lat' dir='ltr'><strong>nullius</strong></span> <span class='ocrx_word' id='word_1_237' title='bbox 1142 3666 1266 3726; x_wconf 90' lang='lat' dir='ltr'><strong>valoris.</strong></span> 
     </span>
    </p>
   </div>
   <div class='ocr_carea' id='block_1_6' title="bbox 212 3786 1549 4730">
    <p class='ocr_par' dir='ltr' id='par_1_7' title="bbox 212 3786 1549 4730">
     <span class='ocr_line' id='line_1_30' title="bbox 373 3786 1547 3852; baseline 0.003 -5"><span class='ocrx_word' id='word_1_238' title='bbox 373 3786 424 3847; x_wconf 88' lang='lat'><strong>38.</strong></span> <span class='ocrx_word' id='word_1_239' title='bbox 458 3789 578 3849; x_wconf 89' lang='lat' dir='ltr'><strong>Nobilis</strong></span> <span class='ocrx_word' id='word_1_240' title='bbox 612 3790 748 3850; x_wconf 87' lang='lat' dir='ltr'><strong>Michael</strong></span> <span class='ocrx_word' id='word_1_241' title='bbox 784 3791 887 3852; x_wconf 88' lang='lat' dir='ltr'><strong>senior</strong></span> <span class='ocrx_word' id='word_1_242' title='bbox 918 3790 1116 3850; x_wconf 89' lang='lat' dir='ltr'><strong>Laczkovich</strong></span> <span class='ocrx_word' id='word_1_243' title='bbox 1149 3790 1244 3849; x_wconf 89' lang='lat' dir='ltr'><strong>habet</strong></span> <span class='ocrx_word' id='word_1_244' title='bbox 1275 3791 1401 3850; x_wconf 92' lang='lat' dir='ltr'><strong>domum</strong></span> <span class='ocrx_word' id='word_1_245' title='bbox 1433 3810 1547 3850; x_wconf 87' lang='lat' dir='ltr'><strong>novam</strong></span> 
     </span>
     <span class='ocr_line' id='line_1_31' title="bbox 265 3897 1547 3977; baseline 0.001 -22"><span class='ocrx_word' id='word_1_246' title='bbox 265 3897 389 3972; x_wconf 88' lang='lat' dir='ltr'><strong>bonam,</strong></span> <span class='ocrx_word' id='word_1_247' title='bbox 405 3898 550 3956; x_wconf 92' lang='lat' dir='ltr'><strong>horreum</strong></span> <span class='ocrx_word' id='word_1_248' title='bbox 576 3898 736 3977; x_wconf 85' lang='lat' dir='ltr'><strong>antiquum</strong></span> <span class='ocrx_word' id='word_1_249' title='bbox 762 3897 828 3957; x_wconf 92' lang='lat' dir='ltr'><strong>sine</strong></span> <span class='ocrx_word' id='word_1_250' title='bbox 851 3898 979 3957; x_wconf 86' lang='lat' dir='ltr'><strong>basibus</strong></span> <span class='ocrx_word' id='word_1_251' title='bbox 1004 3898 1103 3971; x_wconf 77' lang='lat' dir='ltr'><strong>boniS,</strong></span> <span class='ocrx_word' id='word_1_252' title='bbox 1119 3917 1235 3957; x_wconf 89' lang='lat' dir='ltr'><strong>novum</strong></span> <span class='ocrx_word' id='word_1_253' title='bbox 1259 3898 1353 3957; x_wconf 89' lang='lat' dir='ltr'><strong>etiam</strong></span> <span class='ocrx_word' id='word_1_254' title='bbox 1370 3898 1435 3957; x_wconf 70' lang='lat' dir='ltr'><strong>m‘bi</strong></span> <span class='ocrx_word' id='word_1_255' title='bbox 1450 3898 1547 3958; x_wconf 90' lang='lat' dir='ltr'><strong>tendit</strong></span> 
     </span>
     <span class='ocr_line' id='line_1_32' title="bbox 265 4006 1547 4086; baseline -0.001 -21"><span class='ocrx_word' id='word_1_256' title='bbox 265 4006 412 4086; x_wconf 88' lang='lat' dir='ltr'><strong>errigere,</strong></span> <span class='ocrx_word' id='word_1_257' title='bbox 450 4025 514 4083; x_wconf 91' lang='lat' dir='ltr'><strong>pro</strong></span> <span class='ocrx_word' id='word_1_258' title='bbox 548 4025 610 4084; x_wconf 92' lang='lat' dir='ltr'><strong>quo</strong></span> <span class='ocrx_word' id='word_1_259' title='bbox 643 4008 705 4065; x_wconf 92' lang='lat' dir='ltr'><strong>iam</strong></span> <span class='ocrx_word' id='word_1_260' title='bbox 738 4006 834 4066; x_wconf 90' lang='lat' dir='ltr'><strong>habet</strong></span> <span class='ocrx_word' id='word_1_261' title='bbox 871 4015 1060 4086; x_wconf 86' lang='lat' dir='ltr'><strong>praeparata</strong></span> <span class='ocrx_word' id='word_1_262' title='bbox 1099 4007 1212 4065; x_wconf 93' lang='lat' dir='ltr'><strong>robora</strong></span> <span class='ocrx_word' id='word_1_263' title='bbox 1243 4006 1273 4065; x_wconf 92' lang='lat' dir='ltr'><strong>in</strong></span> <span class='ocrx_word' id='word_1_264' title='bbox 1311 4007 1415 4085; x_wconf 88' lang='lat' dir='ltr'><strong>aliqua</strong></span> <span class='ocrx_word' id='word_1_265' title='bbox 1450 4015 1547 4084; x_wconf 90' lang='lat' dir='ltr'><strong>parte,</strong></span> 
     </span>
     <span class='ocr_line' id='line_1_33' title="bbox 265 4112 1547 4193; baseline 0.002 -22"><span class='ocrx_word' id='word_1_266' title='bbox 265 4114 359 4173; x_wconf 91' lang='lat' dir='ltr'><strong>haras</strong></span> <span class='ocrx_word' id='word_1_267' title='bbox 383 4114 484 4173; x_wconf 87' lang='lat' dir='ltr'><strong>bonas</strong></span> <span class='ocrx_word' id='word_1_268' title='bbox 517 4133 616 4173; x_wconf 91' lang='lat' dir='ltr'><strong>novas</strong></span> <span class='ocrx_word' id='word_1_269' title='bbox 641 4115 681 4174; x_wconf 93' lang='lat' dir='ltr'><strong>ad</strong></span> <span class='ocrx_word' id='word_1_270' title='bbox 704 4112 725 4173; x_wconf 88' lang='grc'>4</span> <span class='ocrx_word' id='word_1_271' title='bbox 749 4115 909 4174; x_wconf 87' lang='lat' dir='ltr'><strong>clausuras</strong></span> <span class='ocrx_word' id='word_1_272' title='bbox 933 4115 964 4173; x_wconf 92' lang='lat' dir='ltr'><strong>in</strong></span> <span class='ocrx_word' id='word_1_273' title='bbox 988 4134 1050 4173; x_wconf 89' lang='lat' dir='ltr'><strong>una</strong></span> <span class='ocrx_word' id='word_1_274' title='bbox 1074 4114 1218 4174; x_wconf 87' lang='lat' dir='ltr'><strong>clausura</strong></span> <span class='ocrx_word' id='word_1_275' title='bbox 1242 4113 1394 4193; x_wconf 91' lang='lat' dir='ltr'><strong>superiori</strong></span> <span class='ocrx_word' id='word_1_276' title='bbox 1418 4122 1449 4173; x_wconf 90' lang='lat' dir='ltr'><strong>et</strong></span> <span class='ocrx_word' id='word_1_277' title='bbox 1471 4114 1547 4173; x_wconf 89' lang='lat' dir='ltr'><strong>infe-</strong></span> 
     </span>
     <span class='ocr_line' id='line_1_34' title="bbox 270 4220 1549 4300; baseline 0.001 -21"><span class='ocrx_word' id='word_1_278' title='bbox 270 4220 343 4280; x_wconf 91' lang='lat' dir='ltr'><strong>riori</strong></span> <span class='ocrx_word' id='word_1_279' title='bbox 375 4221 556 4300; x_wconf 90' lang='lat' dir='ltr'><strong>pavimento</strong></span> <span class='ocrx_word' id='word_1_280' title='bbox 591 4229 685 4295; x_wconf 88' lang='lat' dir='ltr'><strong>caret,</strong></span> <span class='ocrx_word' id='word_1_281' title='bbox 718 4221 813 4281; x_wconf 87' lang='lat' dir='ltr'><strong>haras</strong></span> <span class='ocrx_word' id='word_1_282' title='bbox 846 4222 1005 4281; x_wconf 89' lang='lat' dir='ltr'><strong>maialium</strong></span> <span class='ocrx_word' id='word_1_283' title='bbox 1037 4222 1077 4281; x_wconf 92' lang='lat' dir='ltr'><strong>ad</strong></span> <span class='ocrx_word' id='word_1_284' title='bbox 1111 4240 1205 4281; x_wconf 89' lang='lat' dir='ltr'><strong>unam</strong></span> <span class='ocrx_word' id='word_1_285' title='bbox 1233 4228 1363 4299; x_wconf 89' lang='lat' dir='ltr'><strong>portam,</strong></span> <span class='ocrx_word' id='word_1_286' title='bbox 1388 4231 1419 4280; x_wconf 90' lang='lat' dir='ltr'><strong>et</strong></span> <span class='ocrx_word' id='word_1_287' title='bbox 1442 4220 1549 4298; x_wconf 88' lang='lat' dir='ltr'><strong>pojata</strong></span> 
     </span>
     <span class='ocr_line' id='line_1_35' title="bbox 269 4326 1547 4406; baseline -0.001 -19"><span class='ocrx_word' id='word_1_288' title='bbox 269 4328 352 4388; x_wconf 86' lang='lat' dir='ltr'><strong>dicta</strong></span> <span class='ocrx_word' id='word_1_289' title='bbox 383 4348 481 4406; x_wconf 87' lang='lat' dir='ltr'><strong>penes</strong></span> <span class='ocrx_word' id='word_1_290' title='bbox 513 4328 543 4387; x_wconf 91' lang='lat' dir='ltr'><strong>in</strong></span> <span class='ocrx_word' id='word_1_291' title='bbox 575 4328 657 4387; x_wconf 92' lang='lat' dir='ltr'><strong>bono</strong></span> <span class='ocrx_word' id='word_1_292' title='bbox 689 4336 781 4403; x_wconf 90' lang='lat' dir='ltr'><strong>statu,</strong></span> <span class='ocrx_word' id='word_1_293' title='bbox 820 4346 978 4388; x_wconf 89' lang='lat' dir='ltr'><strong>cameram</strong></span> <span class='ocrx_word' id='word_1_294' title='bbox 1012 4329 1052 4388; x_wconf 90' lang='lat' dir='ltr'><strong>ad</strong></span> <span class='ocrx_word' id='word_1_295' title='bbox 1084 4326 1103 4386; x_wconf 89' lang='lat'><strong>2</strong></span> <span class='ocrx_word' id='word_1_296' title='bbox 1136 4329 1298 4387; x_wconf 89' lang='lat' dir='ltr'><strong>clausuras</strong></span> <span class='ocrx_word' id='word_1_297' title='bbox 1328 4328 1428 4387; x_wconf 89' lang='lat' dir='ltr'><strong>bonas</strong></span> <span class='ocrx_word' id='word_1_298' title='bbox 1461 4328 1547 4406; x_wconf 91' lang='lat' dir='ltr'><strong>pavi-</strong></span> 
     </span>
     <span class='ocr_line' id='line_1_36' title="bbox 270 4435 1547 4515; baseline -0.002 -20"><span class='ocrx_word' id='word_1_299' title='bbox 270 4444 376 4495; x_wconf 90' lang='lat' dir='ltr'><strong>mento</strong></span> <span class='ocrx_word' id='word_1_300' title='bbox 400 4436 552 4514; x_wconf 91' lang='lat' dir='ltr'><strong>superiori</strong></span> <span class='ocrx_word' id='word_1_301' title='bbox 577 4444 745 4511; x_wconf 89' lang='lat' dir='ltr'><strong>carentem,</strong></span> <span class='ocrx_word' id='word_1_302' title='bbox 769 4436 902 4495; x_wconf 89' lang='lat' dir='ltr'><strong>culinam</strong></span> <span class='ocrx_word' id='word_1_303' title='bbox 927 4455 1043 4496; x_wconf 90' lang='lat' dir='ltr'><strong>novam</strong></span> <span class='ocrx_word' id='word_1_304' title='bbox 1063 4436 1241 4515; x_wconf 88' lang='lat' dir='ltr'><strong>elegantem</strong></span> <span class='ocrx_word' id='word_1_305' title='bbox 1265 4455 1336 4495; x_wconf 83' lang='lat' dir='ltr'><strong>cum</strong></span> <span class='ocrx_word' id='word_1_306' title='bbox 1360 4435 1486 4495; x_wconf 81' lang='lat' dir='ltr'><strong>fornace</strong></span> <span class='ocrx_word' id='word_1_307' title='bbox 1503 4436 1547 4514; x_wconf 92' lang='lat' dir='ltr'><strong>pi-</strong></span> 
     </span>
     <span class='ocr_line' id='line_1_37' title="bbox 212 4545 1548 4625; baseline 0 -23"><span class='ocrx_word' id='word_1_308' title='bbox 212 4568 214 4575; x_wconf 48' lang='lat'>*</span> <span class='ocrx_word' id='word_1_309' title='bbox 272 4545 511 4617; x_wconf 84' lang='lat' dir='ltr'><strong>storea,.culina</strong></span> <span class='ocrx_word' id='word_1_310' title='bbox 535 4545 629 4625; x_wconf 83' lang='lat' dir='ltr'><strong>habet</strong></span> <span class='ocrx_word' id='word_1_311' title='bbox 653 4554 768 4604; x_wconf 87' lang='lat' dir='ltr'><strong>tectum</strong></span> <span class='ocrx_word' id='word_1_312' title='bbox 792 4564 908 4605; x_wconf 92' lang='lat' dir='ltr'><strong>novum</strong></span> <span class='ocrx_word' id='word_1_313' title='bbox 930 4546 1121 4619; x_wconf 90' lang='lat' dir='ltr'><strong>assericium,</strong></span> <span class='ocrx_word' id='word_1_314' title='bbox 1145 4547 1254 4604; x_wconf 87' lang='lat' dir='ltr'><strong>fornax</strong></span> <span class='ocrx_word' id='word_1_315' title='bbox 1278 4564 1353 4604; x_wconf 91' lang='lat' dir='ltr'><strong>vero</strong></span> <span class='ocrx_word' id='word_1_316' title='bbox 1383 4545 1548 4617; x_wconf 90' lang='lat' dir='ltr'><strong>mediocre,</strong></span> 
     </span>
     <span class='ocr_line' id='line_1_38' title="bbox 268 4652 655 4730; baseline 0.01 -22"><span class='ocrx_word' id='word_1_317' title='bbox 268 4658 380 4730; x_wconf 89' lang='lat' dir='ltr'><strong>puteus</strong></span> <span class='ocrx_word' id='word_1_318' title='bbox 404 4652 435 4710; x_wconf 92' lang='lat' dir='ltr'><strong>in</strong></span> <span class='ocrx_word' id='word_1_319' title='bbox 459 4652 541 4712; x_wconf 92' lang='lat' dir='ltr'><strong>malo</strong></span> <span class='ocrx_word' id='word_1_320' title='bbox 565 4659 655 4712; x_wconf 86' lang='lat' dir='ltr'><strong>statu.</strong></span> 
     </span>
    </p>
   </div>
   <div class='ocr_carea' id='block_1_7' title="bbox 269 4756 1550 5073">
    <p class='ocr_par' dir='ltr' id='par_1_8' title="bbox 269 4756 1550 5073">
     <span class='ocr_line' id='line_1_39' title="bbox 380 4756 1548 4856; baseline 0.001 -20"><span class='ocrx_word' id='word_1_321' title='bbox 380 4774 431 4837; x_wconf 82' lang='lat'><strong>39.</strong></span> <span class='ocrx_word' id='word_1_322' title='bbox 463 4777 618 4837; x_wconf 91' lang='lat' dir='ltr'><strong>Providus</strong></span> <span class='ocrx_word' id='word_1_323' title='bbox 643 4756 787 4855; x_wconf 86' lang='lat' dir='ltr'><strong>¹Stephan</strong></span> <span class='ocrx_word' id='word_1_324' title='bbox 811 4778 963 4853; x_wconf 90' lang='lat' dir='ltr'><strong>Matussa‚</strong></span> <span class='ocrx_word' id='word_1_325' title='bbox 991 4778 1107 4838; x_wconf 89' lang='lat' dir='ltr'><strong>domini</strong></span> <span class='ocrx_word' id='word_1_326' title='bbox 1129 4778 1218 4837; x_wconf 89' lang='lat' dir='ltr'><strong>Pauli</strong></span> <span class='ocrx_word' id='word_1_327' title='bbox 1248 4777 1386 4856; x_wconf 91' lang='lat' dir='ltr'><strong>Spissich</strong></span> <span class='ocrx_word' id='word_1_328' title='bbox 1412 4778 1548 4850; x_wconf 91' lang='lat' dir='ltr'><strong>colonus,</strong></span> 
     </span>
     <span class='ocr_line' id='line_1_40' title="bbox 269 4883 1549 4965; baseline 0.001 -23"><span class='ocrx_word' id='word_1_329' title='bbox 269 4884 365 4945; x_wconf 91' lang='lat' dir='ltr'><strong>habet</strong></span> <span class='ocrx_word' id='word_1_330' title='bbox 389 4885 515 4944; x_wconf 94' lang='lat' dir='ltr'><strong>domum</strong></span> <span class='ocrx_word' id='word_1_331' title='bbox 541 4885 700 4963; x_wconf 89' lang='lat' dir='ltr'><strong>antiquam</strong></span> <span class='ocrx_word' id='word_1_332' title='bbox 724 4883 853 4945; x_wconf 93' lang='lat' dir='ltr'><strong>basibus</strong></span> <span class='ocrx_word' id='word_1_333' title='bbox 870 4894 1017 4965; x_wconf 87' lang='lat' dir='ltr'><strong>egentem</strong></span> <span class='ocrx_word' id='word_1_334' title='bbox 1041 4894 1072 4945; x_wconf 89' lang='lat' dir='ltr'><strong>et</strong></span> <span class='ocrx_word' id='word_1_335' title='bbox 1096 4884 1230 4946; x_wconf 89' lang='lat' dir='ltr'><strong>ambitus</strong></span> <span class='ocrx_word' id='word_1_336' title='bbox 1254 4893 1336 4944; x_wconf 88' lang='lat' dir='ltr'><strong>totus</strong></span> <span class='ocrx_word' id='word_1_337' title='bbox 1359 4885 1433 4943; x_wconf 90' lang='lat' dir='ltr'><strong>nihil</strong></span> <span class='ocrx_word' id='word_1_338' title='bbox 1457 4886 1549 4957; x_wconf 88' lang='lat' dir='ltr'><strong>valet,</strong></span> 
     </span>
     <span class='ocr_line' id='line_1_41' title="bbox 274 4968 1550 5073; baseline 0 -22"><span class='ocrx_word' id='word_1_339' title='bbox 274 4994 421 5053; x_wconf 90' lang='lat' dir='ltr'><strong>horreum</strong></span> <span class='ocrx_word' id='word_1_340' title='bbox 444 4993 604 5072; x_wconf 87' lang='lat' dir='ltr'><strong>antiquum</strong></span> <span class='ocrx_word' id='word_1_341' title='bbox 630 4994 696 5054; x_wconf 90' lang='lat' dir='ltr'><strong>sine</strong></span> <span class='ocrx_word' id='word_1_342' title='bbox 720 4994 848 5054; x_wconf 83' lang='lat' dir='ltr'><strong>basibus</strong></span> <span class='ocrx_word' id='word_1_343' title='bbox 871 4995 970 5068; x_wconf 81' lang='lat' dir='ltr'><strong>boniS,</strong></span> <span class='ocrx_word' id='word_1_344' title='bbox 990 4994 1083 5054; x_wconf 90' lang='lat' dir='ltr'><strong>haras</strong></span> <span class='ocrx_word' id='word_1_345' title='bbox 1114 4968 1154 5053; x_wconf 80' lang='lat' dir='ltr'><strong>ad</strong></span> <span class='ocrx_word' id='word_1_346' title='bbox 1177 4991 1198 5050; x_wconf 85' lang='grc'>4</span> <span class='ocrx_word' id='word_1_347' title='bbox 1222 4994 1382 5052; x_wconf 87' lang='lat' dir='ltr'><strong>clausuras</strong></span> <span class='ocrx_word' id='word_1_348' title='bbox 1406 4993 1550 5073; x_wconf 89' lang='lat' dir='ltr'><strong>antiquas</strong></span> 
     </span>
    </p>
   </div>
   <div class='ocr_carea' id='block_1_8' title="bbox 0 0 1978 5540">
    <p class='ocr_par' dir='ltr' id='par_1_9' title="bbox 0 0 1978 5540">
     <span class='ocr_line' id='line_1_42' title="bbox 0 0 1978 5540; baseline 0 0"><span class='ocrx_word' id='word_1_349' title='bbox 0 0 1978 5540; x_wconf 95' lang='lat' dir='ltr'><strong> </strong></span> 
     </span>
    </p>
   </div>
  </div>
 </body>
</html>
