3934 5550
1472 387 1474 392 ,
1522 319 1585 382 583

409 533 501 592 Anno
532 531 648 592 domini
678 528 915 612 suprascript0,²
939 533 989 593 die
1022 553 1098 594 vero
1122 532 1174 594 22.
1200 535 1317 596 mensis
1342 535 1524 610 decembris,
1554 535 1585 594 in

299 639 409 699 eodem
434 639 561 698 castello
585 641 760 713 Lukavecz,
784 659 841 718 per
863 659 913 699 me
939 640 1173 719 infrascriptum
1197 641 1406 702 universitatis
1431 642 1580 701 nobilium

207 751 210 756 ’
299 745 411 824 Campi
435 747 463 805 T
465 747 615 825 uropolya
650 747 795 807 comitem
821 756 1011 822 terrestrem,
1036 749 1255 826 praesentibus
1280 757 1385 809 cotum
1410 758 1440 809 et
1463 749 1581 809 ibidem

299 855 472 932 perillustri,
503 854 667 934 generosis
701 865 732 914 et
763 855 901 936 egregiis
934 857 1060 916 domino
1093 858 1190 916 Paulo
1214 857 1397 937 Pogledich,
1435 857 1581 917 Gabriele

300 961 454 1035 Skerlecz,
477 962 578 1022 iurato
595 961 709 1041 Campi
733 963 864 1036 notario,
893 963 1039 1022 Ladislao
1064 965 1229 1042 Plepelicb,
1254 965 1388 1024 Matthia
1411 965 1583 1037 Gallovich,

301 1071 483 1132 vicecomite
512 1074 659 1146 terrestri,
693 1072 861 1132 Francisco
886 1072 1023 1145 Mvdiclt,
1056 1063 1183 1150 antiquo
1213 1073 1320 1146 fiscali,
1357 1065 1582 1152 Christophoro

254 1159 258 1168 ¹
301 1178 489 1238 Suastovich
520 1179 836 1260 viceiurisassessore,
868 1178 1007 1258 Georgio
1040 1180 1149 1253 Simer,
1185 1180 1282 1240 Paulo
1317 1181 1493 1264 Sostaraca,
1529 1200 1579 1240 ca·

304 1287 443 1358 stellan0,
472 1288 608 1373 Matthia
639 1287 813 1365 Sippvsich,
841 1287 957 1346 famulo
982 1287 1220 1362 communitatis,
1245 1289 1354 1348 Marco
1382 1287 1527 1347 Katulicb
1552 1295 1582 1348 et

218 1425 226 1434 ·
301 1394 416 1454 Ioanne
440 1395 604 1469 Hauidich,
627 1396 744 1456 famulo
769 1395 1001 1455 communitatis
1024 1395 1252 1457 montanistieo

409 1503 619 1581 Reassumpta
642 1503 769 1563 antelati
794 1502 908 1563 fiscalis
932 1512 962 1563 et
986 1504 1099 1564 actoris
1124 1523 1220 1564 causa
1253 1513 1362 1564 contra
1385 1505 1580 1582 supranomi-

299 1616 390 1668 natas
413 1627 509 1688 sagas
533 1617 564 1670 et
588 1610 618 1668 in
643 1629 772 1670 causam
796 1618 954 1685 attractas,
979 1611 1106 1688 dempta
1131 1610 1197 1669 sola
1222 1611 1382 1671 Dorothea
1405 1611 1574 1689 Sipussich,

299 1715 451 1776 Matthiae
475 1717 556 1776 olim·
573 1717 674 1777 Leder
696 1716 812 1790 relicta,
838 1737 919 1797 quae
943 1729 1015 1796 post
1037 1725 1189 1778 torturam
1213 1719 1349 1778 extincta
1366 1728 1422 1792 est,
1440 1727 1471 1779 et
1487 1738 1576 1798 prae·

300 1821 402 1883 missis
425 1824 552 1902 praevie
576 1825 732 1904 praemitti
757 1825 891 1885 assolitis
916 1825 977 1884 iam
1003 1826 1166 1885 combusta
1189 1826 1366 1904 haberetur.

405 1932 466 1992 Pro
491 1933 681 1993 mentionato
708 1933 806 1992 fiscali
831 1943 861 1992 et
886 1940 992 1992 actore
1017 1933 1164 2012 egregius
1198 1935 1309 1992 Petrus
1343 1933 1476 1992 Kalmitn
1508 1953 1579 1992 cum

299 2040 422 2115 nostris,
458 2042 601 2118 adeoque
634 2041 798 2100 sufficienti
830 2041 960 2100 iuridica
997 2040 1144 2100 facultate
1180 2040 1348 2100 instructus
1384 2049 1578 2118 procurator,

298 2147 441 2224 producit
464 2149 635 2208 earundem
658 2148 690 2207 in
714 2167 843 2208 causam
860 2150 1062 2209 attractatam
1087 2149 1247 2208 torturalia
1269 2148 1414 2208 examina
1442 2148 1578 2208 numeris

299 2248 337 2326 3.,
367 2251 397 2313 6.
429 2263 460 2314 et
499 2253 545 2314 10.
579 2255 712 2335 signata,
747 2255 859 2314 virtute
891 2273 1024 2333 quorum
1047 2253 1141 2314 finale
1173 2256 1212 2315 de
1245 2255 1364 2314 eisdem
1388 2255 1419 2314 in
1444 2273 1575 2315 causam

302 2359 441 2420 attractis
465 2344 585 2440 peteret
608 2363 763 2422 iudicium.

407 2469 618 2529 Deliberatum
632 2478 696 2529 est:
711 2469 873 2529 Productis
886 2469 1066 2546 praemissis
1079 2470 1278 2530 torturalibus
1294 2470 1576 2548 suprascriptarum
1611 2456 1615 2462 ¹

298 2558 554 2652 confessionibus,
583 2578 815 2656 earundemque
847 2577 1002 2656 gravitate
1028 2578 1068 2636 ad
1093 2578 1225 2657 legalem
1252 2587 1282 2636 et
1306 2577 1466 2637 iuridicam
1499 2595 1571 2636 con-

298 2688 518 2748 siderationem
543 2687 671 2746 reducta
695 2695 727 2745 et
751 2686 956 2744 accomodata
980 2685 1146 2744 manifesta
1169 2686 1282 2745 delicta
1306 2686 1440 2765 magica,
1464 2694 1496 2744 et
1522 2685 1575 2744 ab·

297 2796 497 2875 negationem
529 2794 580 2853 del
611 2794 833 2871 omnipotentis
861 2794 1026 2853 salvatoris
1050 2794 1147 2853 nostri
1171 2812 1226 2871 per
1251 2794 1379 2853 easdem
1404 2793 1573 2853 exercitam

297 2904 468 2983 comperiri,
504 2922 600 2981 quare
635 2912 680 2961 tot
711 2911 743 2962 et
773 2904 867 2961 tantis
897 2903 1067 2961 earundem
1101 2902 1269 2961 sceleribus
1303 2910 1333 2961 et
1364 2902 1484 2962 delictis
1509 2921 1571 2961 non

297 3012 380 3071 aliud
403 3011 607 3090 exigentibus
632 3029 726 3089 quam
751 3012 879 3070 easdem
902 3010 992 3069 solita
1016 3029 1118 3089 poena
1143 3028 1220 3089 rogo
1245 3010 1456 3088 (quantumvis
1481 3029 1570 3089 aspe-

297 3118 410 3177 riorem
434 3118 528 3176 etiarn
552 3117 718 3176 nonnullae
743 3137 781 3176 ex
804 3118 915 3186 iisdem
932 3126 1025 3195 prout
1048 3138 1086 3177 ex
1111 3117 1254 3177 examine
1278 3127 1308 3176 et
1332 3118 1481 3177 relatione
1505 3136 1574 3195 per·

298 3233 369 3284 acta
391 3232 522 3303 pateret,
545 3244 679 3303 poenam
696 3225 883 3302 promeritae
907 3225 1089 3298 extitissent,
1114 3224 1313 3284 nihilominus
1337 3225 1482 3284 diuturno
1507 3243 1573 3284 car-

296 3351 402 3392 cerum
434 3333 587 3411 squalore,
618 3332 805 3412 frigorisque
836 3352 987 3410 perpesso
1020 3332 1123 3413 rigore
1147 3333 1178 3391 in
1201 3332 1403 3393 reflexionem
1428 3332 1571 3411 sumptis)

296 3440 425 3518 praevia
448 3440 568 3499 suffoca
581 3440 652 3499 ione
677 3440 863 3500 cremandas
887 3441 1022 3501 decerni.

779 3566 839 3625 Per
864 3585 915 3625 me
938 3563 1174 3645 Sigismundum
1197 3567 1352 3639 Skerlecz‚
1386 3566 1529 3626 comitem

830 3682 1009 3733 terrestrem
1033 3693 1073 3735 m.
1096 3694 1126 3752 p.

403 3890 448 3949 In
484 3890 635 3948 dorso:
663 3888 835 3948 Processus
870 3888 1037 3949 criminalis
1069 3888 1260 3949 Catharinae
1296 3889 1471 3969 Brigleuich
1503 3909 1572 3949 curn

296 3996 497 4075 complicibus
520 3996 585 4055 suis
609 3996 638 4055 in
664 4015 735 4056 arce
761 3996 925 4056 Lukavecz
949 3997 999 4056 die
1025 3994 1076 4057 23.
1099 3997 1278 4059 novembris
1299 3997 1483 4057 celebratus.

400 4100 545 4170 Originale
573 4102 601 4153 in
629 4101 744 4154 archivo
771 4116 913 4158 commun.
941 4102 1006 4154 nob.
1033 4101 1069 4153 de
1095 4100 1262 4175 Turopolje:
1282 4100 1437 4154 Processus
1459 4099 1527 4155 fasc.
1547 4099 1571 4154 8.

295 4190 360 4243 Nro.
379 4190 404 4244 8.

296 4286 411 4346 ——¹
431 4320 568 4386 scripturn
593 4318 738 4371 »Sabinae
778 4318 787 4344 ²
807 4316 884 4374 ttae

865 4496 882 4536 :te
995 4496 1013 4535 ²l²

929 4541 948 4579 ‘lt
