3934 5550
366 373 430 451 sol

364 607 544 683 diabolicas
576 605 768 686 aliarumque
802 616 952 687 sagarum
975 603 1214 688 trequenlassei,
1239 619 1403 688 praeterea
1425 593 1564 688 plur'lbus
1588 593 1642 670 ho·

362 716 506 792 minibus,
528 715 650 776 tenellis
666 715 804 792 prolibus
828 724 859 774 et
882 716 1066 794 peccoribus
1090 735 1147 796 per
1169 717 1322 778 eiusmodi
1339 717 1525 778 diabolicam
1543 727 1641 778 artem

361 831 394 882 et
416 823 669 883 inlascinationes
702 823 869 896 nocuisset,
900 823 1038 903 quinimo
1070 824 1164 882 etiam
1189 843 1206 886 e
1230 825 1310 884 vivis
1337 826 1521 900 sustulisset,
1546 833 1577 885 et
1600 844 1639 884 ne

361 929 426 988 lors
449 930 555 1009 plures
578 931 746 1008 complices
762 949 837 990 suas
854 948 951 1011 sagas
975 932 1016 990 ad
1040 933 1172 992 eandem
1190 934 1398 993 exercendam
1414 933 1640 1012 protessionem

364 1045 396 1097 et
428 1038 531 1098 scelus
563 1037 799 1116 practicandum
832 1038 1001 1119 adegisset,
1033 1039 1241 1116 compulisset,
1265 1041 1481 1119 persuasisset,
1504 1041 1640 1101 induxis

360 1152 481 1223 setque,
506 1145 641 1224 denique
674 1145 810 1204 animam
834 1154 867 1205 et
889 1164 1002 1224 corpus
1026 1145 1235 1206 infensissimo
1258 1148 1386 1208 humani
1409 1148 1535 1229 generis
1560 1149 1639 1208 hosti

365 1252 490 1312 diabolo
513 1253 714 1327 immolasset,
738 1254 901 1331 taliterque
926 1273 961 1313 se
983 1273 1092 1314 veram
1116 1262 1148 1313 et
1170 1255 1366 1316 manitestam
1392 1275 1503 1336 sagam
1528 1256 1638 1316 eadem

359 1361 390 1420 in
413 1379 542 1420 causam
575 1369 707 1422 attracta
738 1362 902 1438 eflecisset,
932 1381 1066 1440 poenam
1092 1364 1162 1443 lege
1187 1364 1292 1424 divina
1317 1373 1348 1424 et
1370 1365 1509 1425 humana
1532 1384 1637 1443 super·

360 1467 433 1527 inde
457 1467 610 1528 sancitam
633 1468 791 1529 incurrere
815 1470 900 1529 haud
922 1469 1129 1534 formidando.

462 1593 632 1669 Praeterea
648 1593 778 1673 proinde
794 1595 1005 1655 mentionatus
1029 1595 1144 1656 fiscalis
1168 1604 1199 1656 et
1224 1605 1319 1672 actor,
1344 1597 1452 1678 vigore
1476 1599 1632 1678 generalis

358 1700 447 1781 regni
483 1701 609 1778 decreti,
646 1702 839 1781 aliarumque
879 1705 986 1780 legum
1017 1722 1110 1782 super
1143 1704 1296 1764 eiusmodi
1328 1705 1485 1765 atrocibus
1516 1705 1636 1766 delictis

355 1816 551 1885 statutarum,
575 1809 704 1887 praevia
728 1809 869 1890 legitima
893 1811 1116 1871 certificatione
1140 1812 1331 1871 totieslatam
1362 1813 1394 1871 in
1426 1832 1555 1873 causam
1589 1820 1633 1872 at·

355 1923 486 1975 tractam
511 1917 541 1975 in
565 1917 614 1976 ius
637 1925 669 1975 et
692 1935 822 1976 causam
853 1916 1030 1994 convenire,
1056 1937 1092 1976 ac
1116 1919 1155 1977 de
1180 1918 1292 1978 eadem
1322 1919 1471 1980 iudicium
1494 1929 1525 1980 et
1548 1921 1634 1979 iusti-

351 2025 426 2084 tiam
458 2024 517 2084 sibi
548 2023 694 2103 impendi,
727 2026 860 2084 eandem
894 2025 1038 2087 videlicet
1069 2026 1099 2086 in
1133 2045 1262 2086 causam
1296 2035 1460 2087 attractam
1486 2029 1526 2088 ad
1551 2029 1634 2088 dete·

353 2132 460 2212 genda
483 2133 572 2210 plura
597 2130 657 2191 alia
681 2132 794 2192 similia
816 2152 873 2210 per
896 2132 1030 2192 eandem
1055 2142 1235 2214 perpetrata
1259 2143 1290 2195 et
1313 2136 1481 2196 commissa
1505 2135 1634 2208 scelera,

350 2239 518 2319 pluresque
542 2239 710 2317 complices
733 2241 929 2313 revelandos,
965 2243 1093 2319 praevie
1118 2251 1255 2302 torturae
1279 2243 1398 2316 subiici,
1422 2251 1533 2321 expost
1556 2263 1632 2304 vero

347 2346 406 2425 ipsi
430 2347 557 2427 quidem
580 2347 611 2406 in
635 2348 835 2424 promeritam
865 2368 1009 2426 poenam,
1034 2350 1102 2410 aliis
1127 2369 1201 2410 vero
1226 2351 1370 2411 horribile
1394 2352 1424 2412 in
1450 2353 1625 2430 exemplum

348 2454 453 2514 vivam
478 2475 556 2536 rogo
583 2457 854 2531 concremandam,
877 2457 928 2516 vel
952 2466 1044 2535 prout
1067 2458 1127 2517 iuri
1149 2458 1250 2518 visum
1274 2459 1367 2518 fuerit
1390 2459 1480 2520 morti
1504 2460 1623 2520 adiudi-

347 2561 412 2620 cari
435 2563 506 2643 lege
531 2563 620 2642 regni
644 2573 675 2622 et
699 2565 855 2624 communi
879 2565 995 2625 iustitia
1020 2566 1064 2625 sic
1088 2566 1361 2645 praecipientibus.
1406 2567 1520 2627 Datum
1551 2568 1627 2627 Also

345 2669 521 2744 Lukauecz,
546 2671 596 2730 die
620 2671 728 2749 quinta
752 2672 868 2732 mensis
889 2673 1069 2733 novembris
1098 2671 1190 2735 1733.

764 2816 825 2875 Per
848 2835 899 2876 me
922 2817 1089 2903 Matthiam
1115 2817 1232 2877 Mixich
1265 2820 1465 2880 substitutum
1490 2841 1529 2882 m.
1553 2841 1580 2899 p.

453 2977 498 3036 ln
534 2977 689 3036 dorso:
723 3012 759 3020 —
786 2978 808 3040 I.
833 3012 873 3021 —
903 2976 1066 3058 Originale
1091 2979 1222 3039 actionis
1246 2980 1434 3059 introscripti
1459 2981 1573 3041 fiscalis
1598 2992 1628 3042 et

347 3084 470 3158 actoris,
483 3091 592 3143 contra
608 3093 639 3142 et
654 3084 806 3144 adversus
819 3085 1057 3165 Margaretham
1078 3085 1246 3165 Korenilra,
1262 3088 1414 3147 Matthiae
1431 3088 1627 3149 Bartolohich

346 3190 436 3252 aliter
458 3193 622 3270 Reposzea
646 3201 833 3266 consortem,
850 3192 945 3252 veluti
969 3194 1062 3254 modo
1087 3194 1283 3273 introscripto
1308 3214 1418 3275 sagam
1445 3204 1475 3256 et
1499 3198 1528 3257 in
1554 3216 1625 3258 cau-

345 3295 413 3340 sam
441 3288 615 3340 attractam.
641 3282 807 3341 Terminus
831 3282 988 3360 praefixus
1013 3283 1044 3341 in
1068 3284 1195 3344 castello
1229 3284 1394 3345 luhauecz
1419 3304 1475 3363 pro
1499 3287 1549 3347 die
1576 3286 1626 3349 23.

345 3390 438 3447 modo
453 3387 604 3448 currentis
628 3388 744 3447 mensis
768 3390 946 3449 novembris
975 3386 1068 3451 1733.

723 3471 725 3475 Ι
1017 3499 1078 3557 Per
1101 3500 1235 3559 eundem
1260 3502 1459 3562 substitutum
1485 3524 1524 3565 m.
1549 3524 1577 3582 p.

457 3638 462 3663 ¹
489 3637 538 3690 sic.

908 3729 927 3768 a
973 3774 993 3814 ἦ
1039 3730 1059 3770 a

451 3924 544 3985 Anno
575 3924 692 3985 domini
729 3923 819 3990 1733.
851 3928 902 3987 die
931 3926 982 3987 22.
1007 3929 1123 3989 mensis
1147 3931 1326 3991 novembris
1349 3932 1382 3990 in
1406 3933 1491 3992 curia
1515 3934 1622 3993 nobili-

345 4030 404 4089 tari
436 4030 512 4090 Also
543 4030 719 4106 Lukavecz,
745 4034 925 4110 perillustris
949 4053 987 4094 ae
1011 4036 1158 4114 generosi
1181 4036 1298 4097 domini
1321 4037 1474 4099 Matthiae
1498 4040 1624 4117 Mixich,

344 4137 492 4197 nobilium
516 4136 629 4217 Campi
663 4139 843 4217 Turopolya
876 4140 1032 4220 capitanei
1065 4149 1132 4219 etc,
1163 4142 1363 4220 possessione
1388 4146 1508 4216 eadem,
1533 4148 1620 4206 iuris-

344 4244 478 4303 dictione
502 4244 665 4321 praelibati
688 4244 800 4323 Campi
825 4254 856 4305 et
879 4248 1028 4307 comitatu
1047 4249 1251 4329 Zagrabiensi
1275 4251 1426 4311 existente
1452 4262 1483 4313 et
1505 4262 1618 4325 erecta,

343 4352 426 4409 lacta
461 4359 509 4410 est
541 4355 609 4429 (per
632 4370 683 4411 me
707 4352 937 4431 infrascriptum
959 4354 1060 4432 vigori
1085 4357 1312 4417 commissionis
1341 4359 1476 4419 verbalis
1499 4361 1621 4438 perillu-

344 4458 415 4517 stris
439 4476 476 4517 ac
501 4459 647 4538 generosi
672 4459 790 4520 domini
813 4460 942 4541 Georgii
966 4462 1147 4541 Pogledich,
1177 4465 1340 4543 praelibati
1364 4466 1477 4545 Campi
1502 4470 1622 4529 comitis

343 4566 497 4625 terrestris
522 4566 638 4642 (titulus
655 4571 734 4642 etc).
758 4587 814 4645 pro
830 4577 919 4647 parte
936 4578 967 4630 et
984 4571 1025 4630 ad
1045 4572 1230 4651 legittimam
1250 4574 1483 4652 requisitionem
1500 4578 1621 4658 egregii

343 4672 495 4733 Matthiae
520 4674 656 4749 Mudich,
688 4674 871 4751 praeinserti
895 4676 1008 4755 Campi
1034 4678 1155 4754 fiscalis,
1188 4688 1295 4740 contra
1320 4681 1492 4742 Barbaram
1516 4684 1620 4743 Vulro·

343 4780 421 4853 vich,
445 4780 575 4860 Georgii
599 4780 759 4841 Ladissich
785 4792 970 4859 consortem,
995 4786 1161 4847 occasione
1193 4796 1318 4847 actuum
1343 4791 1547 4869 magicoruml
1576 4792 1620 4851 in·

341 4887 506 4965 trascripta
533 4888 690 4967 inquisitio
713 4890 807 4948 modo
831 4892 981 4968 sequenti.
