3934 5550
373 447 438 520 390
723 489 739 567 -3

374 688 449 728 vum
471 669 587 728 bonnm
612 665 679 727 sine
703 676 801 747 porta,
825 665 920 729 haras
945 669 1091 747 antiquas
1107 665 1146 728 ad
1163 666 1243 728 duas
1270 670 1431 729 clausuras
1455 668 1653 748 reparatione

373 785 520 855 egentes;
556 779 630 836 item
654 777 795 835 harulam
822 795 878 854 pro
903 777 1057 838 alatilibus
1082 796 1120 835 ex
1144 773 1279 855 antiquis
1310 778 1473 836 roboribus
1497 778 1656 838 adunam

372 893 495 964 portam
519 883 634 963 incepit
665 892 833 958 exstruere,
857 885 906 943 cui
930 892 996 943 tota
1020 884 1162 963 superior
1189 903 1262 963 pars
1286 885 1383 958 deest,
1407 894 1520 963 puteus
1543 887 1655 945 nullius

373 992 496 1064 valoris,
519 990 679 1050 fornacem
703 989 874 1068 pistoream
896 1010 958 1050 non
982 991 1066 1049 bono
1088 997 1172 1050 tecto
1195 992 1362 1070 provisam.

485 1112 676 1180 iuuenilis
710 1117 842 1176 loannes
878 1117 967 1196 Bapt
1003 1116 1169 1195 Glagolicb
1203 1117 1298 1176 habet
1333 1118 1460 1177 domum
1495 1118 1654 1197 antiquam

373 1241 491 1303 magna
513 1223 712 1301 reparatione
747 1232 903 1302 egentem,
928 1232 958 1282 et
982 1240 1107 1283 asseres
1137 1243 1194 1302 pro
1218 1224 1336 1283 ambitu
1361 1234 1392 1284 et
1425 1244 1562 1301 secessu,
1585 1226 1654 1284 hor⁴

372 1351 461 1391 reum
485 1331 646 1409 antiquum
669 1330 759 1389 bonis
786 1330 950 1390 roboribus
974 1341 1006 1390 et
1036 1330 1165 1390 basibus
1198 1332 1293 1390 etiarn
1316 1351 1379 1391 non
1402 1333 1572 1410 provisum,
1605 1352 1655 1393 ca-

374 1458 492 1499 meram
515 1437 662 1497 frumenti
693 1439 733 1496 ad
764 1457 859 1496 unam
891 1439 1068 1499 clausuram
1100 1439 1225 1516 bonam,
1259 1440 1354 1498 haras
1378 1441 1418 1499 ad
1451 1439 1471 1498 4
1496 1442 1656 1500 clausuras

374 1545 518 1625 antiquas
531 1545 562 1604 in
577 1545 741 1605 roboribus
757 1545 831 1605 nihil
849 1547 1025 1606 valentibus
1040 1547 1193 1626 provisas
1208 1547 1343 1626 denique
1359 1549 1517 1626 proximas
1539 1547 1657 1623 ruinae3

372 1655 447 1714 item
472 1672 629 1713 cameram
654 1653 813 1731 antiquam
829 1655 860 1712 in
874 1654 1077 1734 foenilegium
1093 1674 1279 1715 conversam
1300 1675 1356 1733 pro
1372 1656 1432 1714 hoc
1455 1675 1513 1715 usu
1537 1656 1655 1715 medio·

374 1780 467 1836 crem,
491 1761 649 1820 fornacem
673 1761 844 1838 pistoream
869 1740 1029 1840 antiquam
1050 1781 1107 1840 per
1123 1762 1349 1842 negligentiam
1365 1772 1448 1822 lecto
1464 1763 1545 1822 bono
1562 1773 1655 1825 caret.

486 1883 534 1946 19,
558 1885 655 1944 Curia
679 1884 795 1944 domini
818 1885 1002 1965 perillustris
1026 1888 1115 1946 Pauli
1137 1887 1277 1965 Spissich
1301 1887 1372 1947 olim
1398 1889 1591 1968 Ballogiana,
1608 1900 1656 1948 est

375 2002 498 2053 murata
521 2012 583 2052 non
609 2001 714 2052 autem
737 1993 842 2071 quoad
865 2013 988 2053 murum
1013 1995 1159 2072 perfecta,
1179 2003 1295 2055 tectum
1319 1995 1477 2055 asseribus
1500 1996 1656 2074 quercinis

373 2102 497 2174 bonum,
520 2100 720 2178 triangularis
751 2099 836 2158 curia
869 2101 949 2160 bene
981 2109 1080 2176 tecta;
1110 2102 1185 2161 item
1209 2109 1257 2160 est
1287 2102 1371 2180 prior
1395 2102 1481 2162 curia
1504 2103 1535 2162 in
1559 2111 1652 2178 terra,

375 2209 426 2267 ubi
450 2205 596 2267 famulicii
631 2206 742 2265 domus
773 2225 829 2284 pro
861 2207 955 2265 modo
990 2217 1046 2284 est,
1073 2216 1157 2267 tecto
1180 2209 1263 2268 bono
1288 2230 1349 2268 non
1372 2209 1500 2287 provisa
1522 2228 1578 2287 per
1602 2228 1655 2269 ne-

374 2315 557 2396 gligentiam
575 2315 794 2374 arendatorum
812 2316 956 2392 priorum,
970 2317 1116 2375 horreum
1132 2318 1247 2376 bonum
1261 2318 1390 2376 basibus
1406 2317 1496 2376 bonis
1508 2336 1571 2376 non
1584 2336 1653 2396 pro·

374 2423 485 2497 visum,
508 2422 708 2502 foenilegium
733 2423 773 2481 ad
797 2423 958 2482 columnas
987 2422 1025 2482 10
1049 2424 1215 2498 mediocre,
1249 2425 1403 2483 stabulum
1429 2425 1470 2484 ad
1493 2427 1655 2484 clausuras

376 2532 455 2590 duas
487 2531 612 2604 bonum,
646 2549 682 2589 ex
716 2529 809 2606 priori
840 2540 927 2608 parte
959 2532 1026 2590 basi
1058 2551 1120 2591 non
1152 2533 1234 2592 bono
1258 2541 1289 2591 et
1312 2531 1493 2610 pavimento
1517 2532 1653 2591 inferiori

377 2640 497 2698 interno
528 2637 697 2716 provisum,
729 2637 823 2696 haras
854 2639 895 2697 ad
926 2639 1005 2698 duas
1036 2640 1198 2699 clausuras
1221 2641 1320 2699 bonas
1348 2641 1452 2716 babet,
1476 2639 1656 2718 pavimento

376 2755 448 2828 post
471 2747 588 2825 aliquot
612 2763 710 2805 annos
735 2744 895 2825 indigebit,
930 2747 1024 2806 haras
1046 2747 1194 2807 alatilium
1219 2748 1259 2808 ad
1291 2749 1452 2807 clausuras
1476 2745 1497 2807 3
1520 2747 1648 2807 basibus

376 2855 497 2914 duabus
521 2854 707 2933 indigentes,
731 2854 822 2912 corbs
846 2863 894 2912 est
917 2854 947 2912 in
972 2854 1059 2914 bono
1082 2863 1173 2928 statu,
1198 2873 1351 2915 caseacea
1379 2857 1490 2915 domus
1526 2855 1652 2934 antiqua

375 2970 491 3023 tectum
520 2960 685 3035 mediocre,
717 2961 747 3019 in
779 2960 868 3019 horto
895 2964 1029 3021 rotunda
1053 2964 1242 3022 domuncula
1269 2982 1325 3039 pro
1349 2964 1513 3024 hortulano
1537 2964 1567 3022 in
1591 2981 1655 3021 me·

376 3070 473 3131 diocri
497 3076 590 3131 statu.
792 3064 795 3071 Δ

483 3194 535 3257 20.
559 3196 711 3255 Providus
735 3197 845 3255 Petrus
869 3195 1064 3274 Antolovich,
1081 3198 1209 3257 colonus
1230 3198 1346 3259 domini
1370 3196 1549 3276 spectabilis
1573 3198 1656 3256 Petri

376 3303 585 3377 Bedekovich,
609 3304 735 3362 domum
759 3302 853 3362 habet
877 3304 1036 3381 antiquam
1062 3314 1238 3383 angustam,
1255 3306 1452 3383 reparatione
1477 3315 1559 3384 eget,
1583 3306 1652 3363 hor-

376 3430 463 3471 reum
488 3410 578 3470 simul
598 3429 668 3469 cum
692 3428 819 3470 camera
841 3410 871 3469 in
888 3419 970 3469 statu
995 3411 1144 3471 mediocri
1169 3419 1239 3488 post
1263 3412 1381 3490 aliquot
1404 3431 1503 3471 annos
1527 3412 1655 3470 basibus

376 3517 536 3596 indigebit,
567 3518 660 3577 baras
692 3517 892 3597 biangulares
925 3519 965 3577 ad
990 3518 1010 3578 5
1033 3519 1196 3578 clausuras
1226 3518 1370 3598 antiquas
1395 3518 1568 3578 mediocres
1592 3538 1655 3578 non

375 3624 466 3684 bonis
489 3624 677 3702 pavimentis
700 3624 851 3702 provisaS,
879 3624 989 3685 fornax
1013 3606 1176 3704 perpluum
1200 3634 1315 3685 tectum
1340 3626 1443 3699 babet,
1467 3634 1590 3705 portam
1615 3627 1656 3686 ad

318 3766 319 3771 κ
376 3732 513 3810 plateam
537 3730 726 3792 nonhabet

482 3855 535 3919 21.
559 3857 711 3916 Providus
735 3858 846 3917 Petrus
870 3858 1047 3931 Novoszell,
1071 3858 1186 3918 domini
1203 3858 1292 3918 Pauli
1308 3858 1446 3937 Spissicb
1471 3857 1655 3918 viceliscalis

376 3965 513 4036 colonus,
543 3964 638 4023 habet
661 3964 788 4024 domum
813 3964 972 4043 antiquam
996 3964 1124 4025 basibus
1148 3966 1350 4045 indigentem,
1374 3966 1406 4025 in
1430 3965 1548 4024 ambitu
1571 3973 1654 4024 tecto

374 4071 457 4130 bono
481 4089 543 4130 non
566 4071 733 4149 provisam,
747 4072 893 4130 borreum
911 4058 1070 4149 antiquum
1087 4073 1119 4131 in
1132 4080 1214 4131 statu
1238 4072 1387 4132 mediocri
1401 4072 1530 4132 basibus
1549 4080 1657 4131 tamen

376 4178 529 4258 indigens,
568 4178 661 4237 haras
693 4178 872 4237 animalium
908 4178 1052 4256 antiquas
1088 4179 1129 4238 ad
1159 4179 1321 4238 clausuras
1356 4179 1376 4239 5
1412 4198 1530 4258 magna
1565 4198 1655 4257 repa·

376 4285 495 4345 ratione
530 4293 670 4365 egentes,
704 4283 863 4344 fornacem
899 4284 1069 4362 pistoream
1094 4285 1126 4344 in
1156 4287 1239 4345 malo
1270 4294 1363 4359 statu,
1395 4294 1508 4363 puteus
1543 4285 1656 4346 nullius

376 4391 500 4453 valoris.

482 4516 535 4579 22.
557 4517 710 4577 Providus
734 4517 849 4577 Paulus
866 4518 1081 4593 Petrekovicb,
1104 4519 1233 4577 colonus
1248 4537 1305 4597 pro
1320 4537 1404 4578 nunc
1424 4517 1541 4577 domini
1564 4536 1653 4596 spec·

375 4625 477 4685 labilis
499 4624 623 4683 Ioannis
647 4624 779 4702 Nepom.
802 4625 976 4701 Zdenczay,
994 4626 1115 4685 comitis
1138 4626 1302 4703 terrestris,
1325 4626 1452 4685 domum
1478 4626 1573 4685 habet
1597 4645 1651 4685 an-

375 4732 494 4810 tiquam
510 4730 707 4809 reparatione
732 4741 887 4812 egentem,
902 4733 1049 4793 horreum
1066 4733 1211 4804 dirutum,
1227 4734 1321 4792 haras
1339 4733 1482 4811 antiquas
1506 4734 1547 4792 ad
1570 4734 1653 4792 clau·

375 4857 465 4898 suras
489 4838 568 4897 duas
591 4838 749 4918 proximas
772 4840 888 4913 ruinae,
911 4840 1071 4899 fornacem
1096 4840 1190 4899 habet
1213 4859 1324 4917 parurn
1348 4841 1512 4900 valentem.
1701 4816 1709 4823 ⁵

482 4960 534 5025 23.
568 4964 687 5023 Nobilis
724 4964 881 5043 Georgius
917 4964 1063 5025 Kolaricb
1102 4966 1196 5026 habet
1234 4966 1454 5026 domunculam
1489 4966 1653 5044 parvulam
