3934 5550
385 414 446 483 172

487 638 534 697 In
558 638 700 699 dorso:
725 638 889 699 Generoso
916 639 1043 699 domino
1071 632 1167 700 Petro
1198 636 1448 718 Szenkouachlry
1479 642 1568 701 aliter
1598 637 1662 702 Va·

380 742 468 815 licza,
498 742 712 807 universitatis
743 744 892 805 nobilium
925 744 1039 825 Campi
1068 744 1293 827 Zagrabiensis
1321 746 1491 826 Turopolia
1514 746 1588 807 dicti
1610 765 1660 807 co·

377 850 444 911 miti
466 852 607 913 terrestri
630 859 697 927 etc,
721 852 847 913 domino
872 853 973 913 amico
997 853 1292 915 observandissimo.

468 969 583 1016 ltisslnae.

468 1023 582 1069 ltisslme.

468 1076 583 1122 ltlssirns.

467 1131 582 1177 ltlsaime.

482 1224 628 1295 Originale
646 1224 837 1292 chartaceum,
857 1225 978 1297 sigillum
998 1242 1016 1280 a
1034 1226 1130 1293 dorso,
1156 1241 1214 1296 quo
1242 1226 1335 1281 littera
1360 1227 1457 1281 clausa
1481 1234 1543 1282 erat
1567 1230 1657 1283 deest.

375 1311 406 1364 ln
426 1312 540 1368 archivo
558 1328 701 1368 commun.
720 1314 786 1367 nob.
806 1313 843 1367 de
862 1312 1024 1384 Turopolje.

485 1436 493 1466 ¹
512 1438 561 1491 sic.
600 1436 610 1466 ¹
629 1438 673 1496 10.
691 1437 744 1491 vel.
765 1438 807 1493 11.
827 1438 931 1507 aprilis.

971 1758 1077 1835 m.

481 1956 574 2015 Anno
603 1952 695 2017 1685.
725 1953 773 2018 18.
797 1956 879 2018 maii.
904 1957 1020 2018 Sellini.

373 2148 543 2215 Nicotaus
573 2148 741 2236 Erdeody,
773 2149 894 2228 banus,
925 2150 1043 2215 cornt'ti
1072 2154 1153 2217 terr.
1176 2174 1218 2216 ac
1239 2153 1464 2218 nummilati
1491 2152 1657 2219 nobilium

377 2255 501 2341 campi
528 2255 713 2343 Turopolia
741 2256 935 2338 committit,
962 2260 1002 2322 ut
1025 2278 1105 2322 aem
1128 2256 1331 2325 hominibus
1363 2260 1440 2325 mets
1461 2260 1509 2325 ud
1541 2260 1656 2325 insur-

801 2364 986 2429 rectionem
1007 2367 1157 2449 paratus
1171 2366 1228 2431 sil.

552 2563 714 2623 Generose
739 2563 864 2623 domine
889 2564 999 2638 amice,
1023 2572 1054 2624 et
1077 2564 1170 2625 vicini
1193 2566 1478 2627 observandissimi.

484 2707 718 2771 Recentissimis
750 2708 860 2769 diebus
892 2708 931 2769 ab
964 2706 1173 2778 illustrissimo
1204 2710 1330 2771 domino
1362 2711 1476 2771 comite
1506 2712 1658 2774 colonello

379 2815 614 2896 Capronczensi
649 2824 680 2876 et
712 2816 922 2898 vicegenerali
953 2817 1156 2878 Varasdiensi
1188 2819 1366 2898 accepimus
1399 2820 1551 2895 nuntium,
1573 2820 1658 2899 quod

377 2925 552 2984 Turcarum
576 2943 639 2984 non
662 2925 892 2984 contemnenda
915 2931 1029 2984 manus
1050 2924 1113 2985 iarn
1129 2944 1164 2985 se
1179 2926 1220 2985 ad
1234 2926 1463 3004 expeditionem
1483 2927 1656 2987 martialem

376 3041 474 3110 paret,
498 3031 594 3091 immo
617 3031 735 3110 passim
766 3051 823 3110 per
853 3031 989 3092 confinia
1021 3032 1135 3095 diffusa
1158 3032 1296 3108 dicatur3
1319 3053 1358 3094 ne
1382 3033 1487 3113 itaque
1511 3053 1550 3093 ex
1573 3034 1655 3094 simi·

375 3139 450 3198 lium
474 3156 633 3198 rumorum
654 3139 894 3200 circumstantiis
911 3140 1090 3220 regnicolas
1106 3139 1189 3200 circa
1205 3141 1462 3202 insurrectionem
1478 3142 1657 3218 oscitantes,

376 3246 433 3306 sed
455 3245 560 3325 ponus
583 3246 715 3306 solertes
739 3254 770 3306 et
791 3246 959 3328 diligentes
982 3247 1162 3324 reddantur,
1177 3249 1294 3327 placuit
1316 3225 1407 3309 sous
1423 3249 1557 3310 romnis
1573 3249 1656 3309 vice-

377 3351 542 3413 comitibus
574 3360 605 3413 et
635 3352 789 3413 iudicibus
819 3353 967 3413 nobilium
1000 3354 1090 3435 regni
1123 3355 1215 3415 huius
1238 3355 1451 3430 comitaturun,
1483 3364 1514 3416 et
1547 3373 1656 3417 conse·

374 3467 507 3540 quenter
530 3459 698 3541 regnicolis
730 3459 948 3536 mediantibus,
980 3461 1065 3540 ipsis,
1088 3462 1264 3541 praemissa
1297 3473 1419 3524 mature
1442 3463 1594 3541 intimare,
1617 3483 1657 3524 ne

373 3567 575 3647 postmodum
608 3586 735 3646 quoquo
769 3569 864 3628 modo
897 3568 993 3629 iidem
1027 3569 1207 3650 regnicolas
1231 3570 1493 3646 excusationibus,
1526 3571 1656 3650 aliisque

374 3673 687 3756 tergiversationibus
719 3675 764 3734 uti
794 3685 919 3754 queant
951 3676 1070 3737 Idcirco
1101 3677 1214 3738 vestris
1244 3697 1370 3758 quoque
1394 3679 1656 3740 dominationibus

374 3783 563 3854 authoritate
598 3791 713 3860 nostra,
748 3801 811 3862 qua
842 3784 934 3862 pleno
965 3785 1033 3844 iure
1065 3785 1223 3866 fungimur
1246 3785 1351 3846 banali
1381 3786 1602 3847 committimus
1626 3784 1657 3846 et

375 3890 573 3968 mandamus,
596 3897 752 3968 quatenus
776 3909 846 3952 sese
871 3893 911 3952 ad
935 3910 1077 3953 nonnam
1098 3910 1251 3953 annorum
1264 3893 1503 3973 praeteritorum
1527 3894 1571 3954 ita
1594 3893 1656 3954 dis·

372 4004 492 4077 ponant
514 4015 571 4076 pro
593 3995 827 4072 insurrectione,
850 4005 884 4058 ut
907 4006 973 4059 tam
997 3980 1092 4060 armis
1107 4018 1203 4079 qnam
1227 3999 1295 4059 aliis
1312 4001 1352 4060 ad
1376 3999 1506 4061 similem
1529 4001 1654 4079 expedi-

373 4103 491 4164 tionem
524 4103 649 4182 provisi,
681 4104 824 4184 prompti,
848 4105 1011 4185 paratique
1043 4125 1113 4166 cum
1144 4106 1322 4168 hominibus
1355 4106 1420 4166 suis
1451 4107 1521 4181 sint,
1552 4116 1586 4166 ut
1617 4107 1658 4167 ad

372 4211 506 4288 primam
529 4209 803 4272 demandationem
821 4221 959 4273 nostram
976 4212 1054 4274 citra
1068 4233 1195 4273 omnem
1213 4213 1443 4281 cunctationem
1467 4221 1498 4273 et
1521 4214 1656 4275 reniten-

371 4318 458 4394 tiam,
483 4316 541 4377 sub
573 4337 676 4396 poena
700 4317 731 4377 in
756 4319 893 4379 articulis
924 4320 1058 4395 condita,
1082 4321 1114 4380 in
1137 4340 1282 4401 campum
1314 4321 1438 4399 prodire
1466 4323 1599 4381 valeant.
1623 4321 1658 4380 ln

373 4425 492 4504 reliquo
515 4424 664 4485 valebunt
686 4424 824 4490 feliciter.

477 4549 655 4610 Earundem
681 4550 927 4612 dominationum
950 4560 1127 4612 vestrarum

481 4691 609 4769 Selliny,
639 4690 686 4757 18.
710 4693 784 4753 maii
813 4691 906 4758 1685.

1074 4821 1194 4882 amicus
1217 4822 1434 4902 paratissimus

899 4925 1018 4988 Comes
1041 4928 1191 4990 Nicolaus
1213 4929 1372 5007 Erdeody,
1394 4931 1495 4992 banus
1518 4949 1558 4995 m.
1581 4951 1611 5011 p.
