<?xml version="1.0" encoding="UTF-8"?>
<!DOCTYPE html PUBLIC "-//W3C//DTD XHTML 1.0 Transitional//EN"
    "http://www.w3.org/TR/xhtml1/DTD/xhtml1-transitional.dtd">
<html xmlns="http://www.w3.org/1999/xhtml" xml:lang="en" lang="en">
 <head>
  <title>
</title>
<meta http-equiv="Content-Type" content="text/html;charset=utf-8" />
  <meta name='ocr-system' content='tesseract 3.04.00' />
  <meta name='ocr-capabilities' content='ocr_page ocr_carea ocr_par ocr_line ocrx_word'/>
</head>
<body>
  <div class='ocr_page' id='page_1' title='image "./povjesnispomeni00laszgoog_0637.png"; bbox 0 0 3934 5550; ppageno 0'>
   <div class='ocr_carea' id='block_1_1' title="bbox 399 400 463 472">
    <p class='ocr_par' dir='ltr' id='par_1_1' title="bbox 399 400 463 472">
     <span class='ocr_line' id='line_1_1' title="bbox 399 400 463 472; baseline -0.016 0"><span class='ocrx_word' id='word_1_1' title='bbox 399 400 463 472; x_wconf 80' lang='lat'>606</span> 
     </span>
    </p>
   </div>
   <div class='ocr_carea' id='block_1_2' title="bbox 394 614 1681 2842">
    <p class='ocr_par' dir='ltr' id='par_1_2' title="bbox 394 614 1681 2842">
     <span class='ocr_line' id='line_1_2' title="bbox 400 614 1681 704; baseline 0 -20"><span class='ocrx_word' id='word_1_2' title='bbox 400 627 555 685; x_wconf 88' lang='lat' dir='ltr'>sationem</span> <span class='ocrx_word' id='word_1_3' title='bbox 586 645 656 684; x_wconf 91' lang='lat' dir='ltr'>cum</span> <span class='ocrx_word' id='word_1_4' title='bbox 687 624 793 703; x_wconf 82' lang='lat' dir='ltr'>probis</span> <span class='ocrx_word' id='word_1_5' title='bbox 828 632 859 683; x_wconf 89' lang='lat' dir='ltr'>et</span> <span class='ocrx_word' id='word_1_6' title='bbox 881 626 941 702; x_wconf 90' lang='lat' dir='ltr'>piis</span> <span class='ocrx_word' id='word_1_7' title='bbox 965 621 1172 684; x_wconf 80' lang='lat' dir='ltr'>couiestatam</span> <span class='ocrx_word' id='word_1_8' title='bbox 1209 614 1347 696; x_wconf 86' lang='lat' dir='ltr'>inveniri,</span> <span class='ocrx_word' id='word_1_9' title='bbox 1372 644 1474 704; x_wconf 87' lang='lat' dir='ltr'>neque</span> <span class='ocrx_word' id='word_1_10' title='bbox 1499 615 1569 684; x_wconf 71' lang='lat' dir='ltr'>cum</span> <span class='ocrx_word' id='word_1_11' title='bbox 1594 617 1681 704; x_wconf 81' lang='lat' dir='ltr'>sagis</span> 
     </span>
     <span class='ocr_line' id='line_1_3' title="bbox 399 731 1681 808; baseline -0.002 -16"><span class='ocrx_word' id='word_1_12' title='bbox 399 742 431 792; x_wconf 90' lang='lat' dir='ltr'>et</span> <span class='ocrx_word' id='word_1_13' title='bbox 462 734 564 793; x_wconf 90' lang='lat' dir='ltr'>malae</span> <span class='ocrx_word' id='word_1_14' title='bbox 597 731 782 791; x_wconf 89' lang='lat' dir='ltr'>conditionis</span> <span class='ocrx_word' id='word_1_15' title='bbox 813 731 990 790; x_wconf 90' lang='lat' dir='ltr'>hominibus</span> <span class='ocrx_word' id='word_1_16' title='bbox 1023 731 1262 790; x_wconf 81' lang='lat' dir='ltr'><strong>familiaritatem</strong></span> <span class='ocrx_word' id='word_1_17' title='bbox 1292 732 1389 808; x_wconf 87' lang='lat' dir='ltr'>partis</span> <span class='ocrx_word' id='word_1_18' title='bbox 1422 732 1452 790; x_wconf 91' lang='lat' dir='ltr'>in</span> <span class='ocrx_word' id='word_1_19' title='bbox 1485 751 1610 792; x_wconf 87' lang='lat' dir='ltr'>causam</span> <span class='ocrx_word' id='word_1_20' title='bbox 1637 740 1681 792; x_wconf 87' lang='lat' dir='ltr'>at-</span> 
     </span>
     <span class='ocr_line' id='line_1_4' title="bbox 402 837 1680 918; baseline -0.001 -19"><span class='ocrx_word' id='word_1_21' title='bbox 402 849 531 913; x_wconf 85' lang='lat' dir='ltr'>tractae,</span> <span class='ocrx_word' id='word_1_22' title='bbox 554 847 678 918; x_wconf 86' lang='lat' dir='ltr'>praeter</span> <span class='ocrx_word' id='word_1_23' title='bbox 702 839 796 896; x_wconf 92' lang='lat' dir='ltr'>modo</span> <span class='ocrx_word' id='word_1_24' title='bbox 820 839 949 915; x_wconf 89' lang='lat' dir='ltr'>praevio</span> <span class='ocrx_word' id='word_1_25' title='bbox 973 838 1066 897; x_wconf 86' lang='lat' dir='ltr'>elisas</span> <span class='ocrx_word' id='word_1_26' title='bbox 1091 837 1243 897; x_wconf 88' lang='lat' dir='ltr'>fassiones</span> <span class='ocrx_word' id='word_1_27' title='bbox 1268 838 1408 915; x_wconf 89' lang='lat' dir='ltr'>probari;</span> <span class='ocrx_word' id='word_1_28' title='bbox 1433 839 1485 898; x_wconf 90' lang='lat' dir='ltr'>ubi</span> <span class='ocrx_word' id='word_1_29' title='bbox 1509 858 1583 898; x_wconf 89' lang='lat' dir='ltr'>vero</span> <span class='ocrx_word' id='word_1_30' title='bbox 1609 858 1680 918; x_wconf 91' lang='lat' dir='ltr'>pro·</span> 
     </span>
     <span class='ocr_line' id='line_1_5' title="bbox 399 944 1680 1024; baseline -0.002 -18"><span class='ocrx_word' id='word_1_31' title='bbox 399 956 522 1006; x_wconf 89' lang='lat' dir='ltr'>curator</span> <span class='ocrx_word' id='word_1_32' title='bbox 558 945 673 1005; x_wconf 87' lang='lat' dir='ltr'>actoris</span> <span class='ocrx_word' id='word_1_33' title='bbox 706 953 814 1004; x_wconf 89' lang='lat' dir='ltr'>contra</span> <span class='ocrx_word' id='word_1_34' title='bbox 845 944 960 1024; x_wconf 84' lang='lat' dir='ltr'>legalia</span> <span class='ocrx_word' id='word_1_35' title='bbox 992 964 1050 1004; x_wconf 84' lang='lat' dir='ltr'>sua</span> <span class='ocrx_word' id='word_1_36' title='bbox 1082 945 1168 1024; x_wconf 84' lang='lat' dir='ltr'>sagis</span> <span class='ocrx_word' id='word_1_37' title='bbox 1200 945 1231 1003; x_wconf 91' lang='lat' dir='ltr'>in</span> <span class='ocrx_word' id='word_1_38' title='bbox 1262 945 1419 1005; x_wconf 85' lang='lat' dir='ltr'>substrato</span> <span class='ocrx_word' id='word_1_39' title='bbox 1451 945 1561 1005; x_wconf 88' lang='lat' dir='ltr'>merito</span> <span class='ocrx_word' id='word_1_40' title='bbox 1596 946 1680 1005; x_wconf 90' lang='lat' dir='ltr'>credi</span> 
     </span>
     <span class='ocr_line' id='line_1_6' title="bbox 398 1051 1679 1130; baseline -0.002 -17"><span class='ocrx_word' id='word_1_41' title='bbox 398 1062 534 1130; x_wconf 88' lang='lat' dir='ltr'>cuperet,</span> <span class='ocrx_word' id='word_1_42' title='bbox 559 1053 585 1111; x_wconf 89' lang='lat' dir='ltr'>si</span> <span class='ocrx_word' id='word_1_43' title='bbox 608 1054 668 1111; x_wconf 93' lang='lat' dir='ltr'>hoc</span> <span class='ocrx_word' id='word_1_44' title='bbox 692 1051 813 1110; x_wconf 81' lang='lat' dir='ltr'>admitti</span> <span class='ocrx_word' id='word_1_45' title='bbox 836 1051 945 1128; x_wconf 85' lang='lat' dir='ltr'>quiret,</span> <span class='ocrx_word' id='word_1_46' title='bbox 971 1052 1059 1130; x_wconf 87' lang='lat' dir='ltr'>plura</span> <span class='ocrx_word' id='word_1_47' title='bbox 1077 1051 1254 1110; x_wconf 83' lang='lat' dir='ltr'>innocentia</span> <span class='ocrx_word' id='word_1_48' title='bbox 1279 1061 1309 1109; x_wconf 88' lang='lat' dir='ltr'>et</span> <span class='ocrx_word' id='word_1_49' title='bbox 1333 1051 1373 1110; x_wconf 93' lang='lat' dir='ltr'>ad</span> <span class='ocrx_word' id='word_1_50' title='bbox 1398 1071 1506 1111; x_wconf 91' lang='lat' dir='ltr'>casum</span> <span class='ocrx_word' id='word_1_51' title='bbox 1530 1051 1679 1130; x_wconf 84' lang='lat' dir='ltr'>praemis-</span> 
     </span>
     <span class='ocr_line' id='line_1_7' title="bbox 398 1157 1677 1239; baseline -0.002 -20"><span class='ocrx_word' id='word_1_52' title='bbox 398 1179 503 1219; x_wconf 90' lang='lat' dir='ltr'>sorum</span> <span class='ocrx_word' id='word_1_53' title='bbox 528 1160 735 1239; x_wconf 89' lang='lat' dir='ltr'>allegatorum</span> <span class='ocrx_word' id='word_1_54' title='bbox 760 1177 886 1217; x_wconf 91' lang='lat' dir='ltr'>suorum</span> <span class='ocrx_word' id='word_1_55' title='bbox 913 1158 1089 1232; x_wconf 81' lang='lat' dir='ltr'>evenirent3</span> <span class='ocrx_word' id='word_1_56' title='bbox 1123 1165 1274 1237; x_wconf 90' lang='lat' dir='ltr'>quantum</span> <span class='ocrx_word' id='word_1_57' title='bbox 1298 1175 1374 1217; x_wconf 90' lang='lat' dir='ltr'>vero</span> <span class='ocrx_word' id='word_1_58' title='bbox 1399 1159 1439 1217; x_wconf 90' lang='lat' dir='ltr'>ad</span> <span class='ocrx_word' id='word_1_59' title='bbox 1463 1157 1677 1237; x_wconf 88' lang='lat' dir='ltr'>subsumptum</span> 
     </span>
     <span class='ocr_line' id='line_1_8' title="bbox 397 1263 1676 1342; baseline -0.002 -16"><span class='ocrx_word' id='word_1_60' title='bbox 397 1268 559 1326; x_wconf 87' lang='lat' dir='ltr'>articulum</span> <span class='ocrx_word' id='word_1_61' title='bbox 590 1263 643 1328; x_wconf 83' lang='lat'>60.</span> <span class='ocrx_word' id='word_1_62' title='bbox 675 1266 779 1342; x_wconf 89' lang='lat' dir='ltr'>plures</span> <span class='ocrx_word' id='word_1_63' title='bbox 811 1274 841 1323; x_wconf 91' lang='lat' dir='ltr'>et</span> <span class='ocrx_word' id='word_1_64' title='bbox 870 1264 1004 1341; x_wconf 92' lang='lat' dir='ltr'>plurium</span> <span class='ocrx_word' id='word_1_65' title='bbox 1036 1265 1190 1324; x_wconf 83' lang='lat' dir='ltr'>tassiones</span> <span class='ocrx_word' id='word_1_66' title='bbox 1222 1273 1403 1342; x_wconf 88' lang='lat' dir='ltr'>procurator</span> <span class='ocrx_word' id='word_1_67' title='bbox 1434 1265 1547 1324; x_wconf 89' lang='lat' dir='ltr'>actoris</span> <span class='ocrx_word' id='word_1_68' title='bbox 1572 1284 1676 1324; x_wconf 89' lang='lat' dir='ltr'>recen·</span> 
     </span>
     <span class='ocr_line' id='line_1_9' title="bbox 397 1370 1677 1451; baseline -0.002 -19"><span class='ocrx_word' id='word_1_69' title='bbox 397 1381 489 1448; x_wconf 87' lang='lat' dir='ltr'>seret,</span> <span class='ocrx_word' id='word_1_70' title='bbox 522 1374 665 1451; x_wconf 80' lang='lat' dir='ltr'>adeoque</span> <span class='ocrx_word' id='word_1_71' title='bbox 696 1371 812 1430; x_wconf 83' lang='lat' dir='ltr'>ibidem</span> <span class='ocrx_word' id='word_1_72' title='bbox 845 1371 1041 1450; x_wconf 88' lang='lat' dir='ltr'>indigitatam</span> <span class='ocrx_word' id='word_1_73' title='bbox 1073 1370 1304 1449; x_wconf 86' lang='lat' dir='ltr'>inquisitionem</span> <span class='ocrx_word' id='word_1_74' title='bbox 1337 1389 1415 1449; x_wconf 86' lang='lat' dir='ltr'>erga</span> <span class='ocrx_word' id='word_1_75' title='bbox 1452 1371 1543 1429; x_wconf 89' lang='lat' dir='ltr'>unius</span> <span class='ocrx_word' id='word_1_76' title='bbox 1579 1372 1677 1431; x_wconf 91' lang='lat' dir='ltr'>solum</span> 
     </span>
     <span class='ocr_line' id='line_1_10' title="bbox 401 1477 1676 1560; baseline -0.002 -20"><span class='ocrx_word' id='word_1_77' title='bbox 401 1499 500 1560; x_wconf 85' lang='lat' dir='ltr'>sagae</span> <span class='ocrx_word' id='word_1_78' title='bbox 524 1479 694 1539; x_wconf 86' lang='lat' dir='ltr'>fassionem</span> <span class='ocrx_word' id='word_1_79' title='bbox 718 1478 931 1536; x_wconf 86' lang='lat' dir='ltr'>necessariam</span> <span class='ocrx_word' id='word_1_80' title='bbox 959 1485 1124 1549; x_wconf 86' lang='lat' dir='ltr'>assereret,</span> <span class='ocrx_word' id='word_1_81' title='bbox 1158 1479 1187 1535; x_wconf 80' lang='lat' dir='ltr'>in</span> <span class='ocrx_word' id='word_1_82' title='bbox 1218 1477 1278 1536; x_wconf 89' lang='lat' dir='ltr'>hoc</span> <span class='ocrx_word' id='word_1_83' title='bbox 1310 1478 1466 1536; x_wconf 88' lang='lat' dir='ltr'>substrato</span> <span class='ocrx_word' id='word_1_84' title='bbox 1499 1497 1600 1556; x_wconf 89' lang='lat' dir='ltr'>neque</span> <span class='ocrx_word' id='word_1_85' title='bbox 1633 1487 1676 1537; x_wconf 88' lang='lat' dir='ltr'>ta·</span> 
     </span>
     <span class='ocr_line' id='line_1_11' title="bbox 395 1583 1676 1664; baseline -0.003 -18"><span class='ocrx_word' id='word_1_86' title='bbox 395 1588 466 1647; x_wconf 91' lang='lat' dir='ltr'>liter</span> <span class='ocrx_word' id='word_1_87' title='bbox 491 1587 624 1646; x_wconf 90' lang='lat' dir='ltr'>eundem</span> <span class='ocrx_word' id='word_1_88' title='bbox 649 1586 822 1658; x_wconf 88' lang='lat' dir='ltr'>articulum,</span> <span class='ocrx_word' id='word_1_89' title='bbox 846 1585 901 1643; x_wconf 91' lang='lat' dir='ltr'>sed</span> <span class='ocrx_word' id='word_1_90' title='bbox 926 1585 1010 1662; x_wconf 90' lang='lat' dir='ltr'>quod</span> <span class='ocrx_word' id='word_1_91' title='bbox 1039 1583 1203 1644; x_wconf 90' lang='lat' dir='ltr'>cuiuslibet</span> <span class='ocrx_word' id='word_1_92' title='bbox 1236 1603 1335 1664; x_wconf 86' lang='lat' dir='ltr'>sagae</span> <span class='ocrx_word' id='word_1_93' title='bbox 1366 1585 1463 1644; x_wconf 82' lang='lat' dir='ltr'>fassio</span> <span class='ocrx_word' id='word_1_94' title='bbox 1495 1585 1548 1644; x_wconf 89' lang='lat' dir='ltr'>tali</span> <span class='ocrx_word' id='word_1_95' title='bbox 1578 1584 1676 1662; x_wconf 91' lang='lat' dir='ltr'>inqui-</span> 
     </span>
     <span class='ocr_line' id='line_1_12' title="bbox 398 1689 1676 1768; baseline -0.002 -16"><span class='ocrx_word' id='word_1_96' title='bbox 398 1693 510 1754; x_wconf 89' lang='lat' dir='ltr'>sitione</span> <span class='ocrx_word' id='word_1_97' title='bbox 534 1692 663 1752; x_wconf 88' lang='lat' dir='ltr'>stablliri</span> <span class='ocrx_word' id='word_1_98' title='bbox 690 1691 828 1764; x_wconf 87' lang='lat' dir='ltr'>deberet,</span> <span class='ocrx_word' id='word_1_99' title='bbox 853 1689 1069 1768; x_wconf 86' lang='lat' dir='ltr'>accipiendum</span> <span class='ocrx_word' id='word_1_100' title='bbox 1094 1690 1210 1762; x_wconf 89' lang='lat' dir='ltr'>venire,</span> <span class='ocrx_word' id='word_1_101' title='bbox 1235 1691 1360 1750; x_wconf 89' lang='lat' dir='ltr'>demum</span> <span class='ocrx_word' id='word_1_102' title='bbox 1385 1690 1465 1750; x_wconf 90' lang='lat' dir='ltr'>sicut</span> <span class='ocrx_word' id='word_1_103' title='bbox 1488 1690 1518 1750; x_wconf 90' lang='lat' dir='ltr'>id</span> <span class='ocrx_word' id='word_1_104' title='bbox 1542 1710 1578 1750; x_wconf 88' lang='lat' dir='ltr'>ex</span> <span class='ocrx_word' id='word_1_105' title='bbox 1605 1692 1676 1750; x_wconf 88' lang='lat' dir='ltr'>alle·</span> 
     </span>
     <span class='ocr_line' id='line_1_13' title="bbox 398 1797 1678 1880; baseline -0.003 -20"><span class='ocrx_word' id='word_1_106' title='bbox 398 1801 482 1880; x_wconf 86' lang='lat' dir='ltr'>gatis</span> <span class='ocrx_word' id='word_1_107' title='bbox 505 1800 579 1873; x_wconf 91' lang='lat' dir='ltr'>suis,</span> <span class='ocrx_word' id='word_1_108' title='bbox 602 1800 687 1878; x_wconf 91' lang='lat' dir='ltr'>quod</span> <span class='ocrx_word' id='word_1_109' title='bbox 712 1807 800 1857; x_wconf 87' lang='lat' dir='ltr'>actus</span> <span class='ocrx_word' id='word_1_110' title='bbox 830 1797 945 1877; x_wconf 87' lang='lat' dir='ltr'>magici</span> <span class='ocrx_word' id='word_1_111' title='bbox 969 1816 1025 1875; x_wconf 90' lang='lat' dir='ltr'>per</span> <span class='ocrx_word' id='word_1_112' title='bbox 1049 1797 1219 1857; x_wconf 85' lang='lat' dir='ltr'>infallibilia</span> <span class='ocrx_word' id='word_1_113' title='bbox 1242 1797 1355 1857; x_wconf 90' lang='lat' dir='ltr'>iudicia</span> <span class='ocrx_word' id='word_1_114' title='bbox 1387 1798 1511 1876; x_wconf 89' lang='lat' dir='ltr'>probari</span> <span class='ocrx_word' id='word_1_115' title='bbox 1542 1799 1678 1858; x_wconf 90' lang='lat' dir='ltr'>debeant</span> 
     </span>
     <span class='ocr_line' id='line_1_14' title="bbox 399 1905 1678 1986; baseline -0.002 -19"><span class='ocrx_word' id='word_1_116' title='bbox 399 1916 531 1986; x_wconf 85' lang='lat' dir='ltr'>pateret,</span> <span class='ocrx_word' id='word_1_117' title='bbox 555 1907 598 1966; x_wconf 90' lang='lat' dir='ltr'>ita</span> <span class='ocrx_word' id='word_1_118' title='bbox 622 1914 807 1984; x_wconf 89' lang='lat' dir='ltr'>praetensus</span> <span class='ocrx_word' id='word_1_119' title='bbox 831 1905 960 1963; x_wconf 89' lang='lat' dir='ltr'>adstans</span> <span class='ocrx_word' id='word_1_120' title='bbox 984 1905 1105 1964; x_wconf 89' lang='lat' dir='ltr'>iuvenis</span> <span class='ocrx_word' id='word_1_121' title='bbox 1130 1924 1185 1982; x_wconf 90' lang='lat' dir='ltr'>per</span> <span class='ocrx_word' id='word_1_122' title='bbox 1209 1905 1385 1982; x_wconf 86' lang='lat' dir='ltr'>expeditam</span> <span class='ocrx_word' id='word_1_123' title='bbox 1407 1905 1592 1964; x_wconf 88' lang='lat' dir='ltr'>Kuliankam</span> <span class='ocrx_word' id='word_1_124' title='bbox 1619 1909 1678 1980; x_wconf 77' lang='lat' dir='ltr'>(re-</span> 
     </span>
     <span class='ocr_line' id='line_1_15' title="bbox 399 2011 1675 2092; baseline 0 -20"><span class='ocrx_word' id='word_1_125' title='bbox 399 2023 507 2092; x_wconf 91' lang='lat' dir='ltr'>spectu</span> <span class='ocrx_word' id='word_1_126' title='bbox 532 2013 620 2072; x_wconf 91' lang='lat' dir='ltr'>cuius</span> <span class='ocrx_word' id='word_1_127' title='bbox 643 2013 733 2072; x_wconf 81' lang='lat' dir='ltr'>isthic</span> <span class='ocrx_word' id='word_1_128' title='bbox 757 2011 832 2071; x_wconf 90' lang='lat' dir='ltr'>nihil</span> <span class='ocrx_word' id='word_1_129' title='bbox 856 2015 1015 2091; x_wconf 87' lang='lat' dir='ltr'>ageretur)</span> <span class='ocrx_word' id='word_1_130' title='bbox 1041 2012 1160 2070; x_wconf 90' lang='lat' dir='ltr'>offusus</span> <span class='ocrx_word' id='word_1_131' title='bbox 1185 2019 1239 2070; x_wconf 90' lang='lat' dir='ltr'>aut</span> <span class='ocrx_word' id='word_1_132' title='bbox 1263 2011 1366 2071; x_wconf 88' lang='lat' dir='ltr'>laesus</span> <span class='ocrx_word' id='word_1_133' title='bbox 1390 2011 1470 2089; x_wconf 90' lang='lat' dir='ltr'>parti</span> <span class='ocrx_word' id='word_1_134' title='bbox 1494 2012 1524 2071; x_wconf 92' lang='lat' dir='ltr'>in</span> <span class='ocrx_word' id='word_1_135' title='bbox 1548 2031 1675 2072; x_wconf 88' lang='lat' dir='ltr'>causam</span> 
     </span>
     <span class='ocr_line' id='line_1_16' title="bbox 398 2118 1676 2199; baseline -0.002 -18"><span class='ocrx_word' id='word_1_136' title='bbox 398 2130 550 2182; x_wconf 84' lang='lat' dir='ltr'>attractae</span> <span class='ocrx_word' id='word_1_137' title='bbox 574 2139 685 2198; x_wconf 84' lang='lat' dir='ltr'>parere</span> <span class='ocrx_word' id='word_1_138' title='bbox 707 2120 831 2197; x_wconf 88' lang='lat' dir='ltr'>aliquod</span> <span class='ocrx_word' id='word_1_139' title='bbox 849 2118 1036 2199; x_wconf 89' lang='lat' dir='ltr'>aggravium</span> <span class='ocrx_word' id='word_1_140' title='bbox 1052 2139 1114 2179; x_wconf 90' lang='lat' dir='ltr'>non</span> <span class='ocrx_word' id='word_1_141' title='bbox 1131 2122 1265 2194; x_wconf 82' lang='lat' dir='ltr'>valeret3</span> <span class='ocrx_word' id='word_1_142' title='bbox 1289 2120 1567 2180; x_wconf 86' lang='lat' dir='ltr'>confrontalionem</span> <span class='ocrx_word' id='word_1_143' title='bbox 1584 2139 1676 2199; x_wconf 89' lang='lat' dir='ltr'>porro</span> 
     </span>
     <span class='ocr_line' id='line_1_17' title="bbox 396 2226 1677 2306; baseline -0.001 -18"><span class='ocrx_word' id='word_1_144' title='bbox 396 2229 477 2288; x_wconf 92' lang='lat' dir='ltr'>sieut</span> <span class='ocrx_word' id='word_1_145' title='bbox 507 2247 564 2306; x_wconf 91' lang='lat' dir='ltr'>per</span> <span class='ocrx_word' id='word_1_146' title='bbox 595 2234 829 2304; x_wconf 89' lang='lat' dir='ltr'>procuratorem</span> <span class='ocrx_word' id='word_1_147' title='bbox 863 2226 978 2286; x_wconf 87' lang='lat' dir='ltr'>actoris</span> <span class='ocrx_word' id='word_1_148' title='bbox 1010 2227 1224 2287; x_wconf 75' lang='lat' dir='ltr'>admitteretur</span> <span class='ocrx_word' id='word_1_149' title='bbox 1249 2228 1353 2288; x_wconf 87' lang='lat' dir='ltr'>fienda</span> <span class='ocrx_word' id='word_1_150' title='bbox 1385 2228 1424 2286; x_wconf 88' lang='lat' dir='ltr'>de</span> <span class='ocrx_word' id='word_1_151' title='bbox 1455 2229 1574 2288; x_wconf 89' lang='lat' dir='ltr'>meliori</span> <span class='ocrx_word' id='word_1_152' title='bbox 1598 2247 1677 2300; x_wconf 88' lang='lat' dir='ltr'>esse,</span> 
     </span>
     <span class='ocr_line' id='line_1_18' title="bbox 399 2333 1675 2411; baseline 0 -17"><span class='ocrx_word' id='word_1_153' title='bbox 399 2334 424 2394; x_wconf 90' lang='lat' dir='ltr'>si</span> <span class='ocrx_word' id='word_1_154' title='bbox 449 2335 615 2393; x_wconf 87' lang='lat' dir='ltr'>commoda</span> <span class='ocrx_word' id='word_1_155' title='bbox 639 2341 740 2406; x_wconf 79' lang='lat' dir='ltr'>esset3</span> <span class='ocrx_word' id='word_1_156' title='bbox 764 2333 795 2391; x_wconf 92' lang='lat' dir='ltr'>in</span> <span class='ocrx_word' id='word_1_157' title='bbox 812 2352 889 2392; x_wconf 89' lang='lat' dir='ltr'>casu</span> <span class='ocrx_word' id='word_1_158' title='bbox 905 2341 1010 2394; x_wconf 87' lang='lat' dir='ltr'>autem</span> <span class='ocrx_word' id='word_1_159' title='bbox 1027 2342 1193 2411; x_wconf 87' lang='lat' dir='ltr'>praetenso</span> <span class='ocrx_word' id='word_1_160' title='bbox 1209 2335 1335 2394; x_wconf 92' lang='lat' dir='ltr'>omnino</span> <span class='ocrx_word' id='word_1_161' title='bbox 1352 2336 1548 2395; x_wconf 89' lang='lat' dir='ltr'>commodam</span> <span class='ocrx_word' id='word_1_162' title='bbox 1566 2336 1675 2408; x_wconf 73' lang='lat' dir='ltr'>luisse,</span> 
     </span>
     <span class='ocr_line' id='line_1_19' title="bbox 394 2440 1676 2520; baseline 0.002 -20"><span class='ocrx_word' id='word_1_163' title='bbox 394 2442 439 2501; x_wconf 90' lang='lat' dir='ltr'>ita</span> <span class='ocrx_word' id='word_1_164' title='bbox 463 2450 494 2500; x_wconf 91' lang='lat' dir='ltr'>et</span> <span class='ocrx_word' id='word_1_165' title='bbox 518 2461 556 2500; x_wconf 84' lang='lat' dir='ltr'>ex</span> <span class='ocrx_word' id='word_1_166' title='bbox 580 2441 682 2500; x_wconf 85' lang='lat' dir='ltr'>citatis</span> <span class='ocrx_word' id='word_1_167' title='bbox 700 2441 764 2500; x_wconf 90' lang='lat' dir='ltr'>suis</span> <span class='ocrx_word' id='word_1_168' title='bbox 780 2440 991 2500; x_wconf 88' lang='lat' dir='ltr'>necessariam</span> <span class='ocrx_word' id='word_1_169' title='bbox 1014 2442 1157 2501; x_wconf 89' lang='lat' dir='ltr'>edoctam</span> <span class='ocrx_word' id='word_1_170' title='bbox 1176 2441 1274 2500; x_wconf 86' lang='lat' dir='ltr'>omitti</span> <span class='ocrx_word' id='word_1_171' title='bbox 1298 2452 1385 2502; x_wconf 90' lang='lat' dir='ltr'>tanto</span> <span class='ocrx_word' id='word_1_172' title='bbox 1410 2443 1511 2501; x_wconf 84' lang='lat' dir='ltr'>minus</span> <span class='ocrx_word' id='word_1_173' title='bbox 1528 2443 1676 2520; x_wconf 90' lang='lat' dir='ltr'>potuisse,</span> 
     </span>
     <span class='ocr_line' id='line_1_20' title="bbox 397 2547 1675 2628; baseline 0 -20"><span class='ocrx_word' id='word_1_174' title='bbox 397 2557 549 2628; x_wconf 91' lang='lat' dir='ltr'>quantum</span> <span class='ocrx_word' id='word_1_175' title='bbox 584 2566 676 2626; x_wconf 91' lang='lat' dir='ltr'>porro</span> <span class='ocrx_word' id='word_1_176' title='bbox 700 2548 853 2626; x_wconf 89' lang='lat' dir='ltr'>producta</span> <span class='ocrx_word' id='word_1_177' title='bbox 883 2548 918 2605; x_wconf 87' lang='lat' dir='ltr'>B.</span> <span class='ocrx_word' id='word_1_178' title='bbox 943 2557 974 2606; x_wconf 92' lang='lat' dir='ltr'>et</span> <span class='ocrx_word' id='word_1_179' title='bbox 998 2547 1064 2608; x_wconf 73' lang='lat' dir='ltr'><strong>(IC.</strong></span> <span class='ocrx_word' id='word_1_180' title='bbox 1097 2557 1277 2626; x_wconf 90' lang='lat' dir='ltr'>procurator</span> <span class='ocrx_word' id='word_1_181' title='bbox 1302 2549 1415 2608; x_wconf 89' lang='lat' dir='ltr'>actoris</span> <span class='ocrx_word' id='word_1_182' title='bbox 1446 2559 1675 2610; x_wconf 83' lang='lat' dir='ltr'>controvertere</span> 
     </span>
     <span class='ocr_line' id='line_1_21' title="bbox 396 2654 1673 2735; baseline 0 -19"><span class='ocrx_word' id='word_1_183' title='bbox 396 2656 529 2734; x_wconf 86' lang='lat' dir='ltr'>paritate</span> <span class='ocrx_word' id='word_1_184' title='bbox 562 2656 609 2714; x_wconf 93' lang='lat' dir='ltr'>sui</span> <span class='ocrx_word' id='word_1_185' title='bbox 641 2654 810 2715; x_wconf 89' lang='lat' dir='ltr'>testimonii</span> <span class='ocrx_word' id='word_1_186' title='bbox 842 2655 942 2729; x_wconf 79' lang='lat' dir='ltr'>(cuius</span> <span class='ocrx_word' id='word_1_187' title='bbox 969 2655 1063 2713; x_wconf 87' lang='lat' dir='ltr'>veluti</span> <span class='ocrx_word' id='word_1_188' title='bbox 1087 2655 1185 2734; x_wconf 87' lang='lat' dir='ltr'>ignoti</span> <span class='ocrx_word' id='word_1_189' title='bbox 1210 2656 1289 2715; x_wconf 90' lang='lat' dir='ltr'>ratio</span> <span class='ocrx_word' id='word_1_190' title='bbox 1312 2656 1421 2714; x_wconf 91' lang='lat' dir='ltr'>haberi</span> <span class='ocrx_word' id='word_1_191' title='bbox 1445 2657 1597 2735; x_wconf 80' lang='lat' dir='ltr'>nequiret)</span> <span class='ocrx_word' id='word_1_192' title='bbox 1623 2677 1673 2716; x_wconf 93' lang='lat' dir='ltr'>cu·</span> 
     </span>
     <span class='ocr_line' id='line_1_22' title="bbox 396 2757 1674 2842; baseline 0 -19"><span class='ocrx_word' id='word_1_193' title='bbox 396 2772 494 2842; x_wconf 91' lang='lat' dir='ltr'>peret,</span> <span class='ocrx_word' id='word_1_194' title='bbox 518 2757 598 2822; x_wconf 83' lang='lat' dir='ltr'>sicut</span> <span class='ocrx_word' id='word_1_195' title='bbox 622 2763 718 2822; x_wconf 90' lang='lat' dir='ltr'>scitus</span> <span class='ocrx_word' id='word_1_196' title='bbox 743 2770 774 2822; x_wconf 92' lang='lat' dir='ltr'>et</span> <span class='ocrx_word' id='word_1_197' title='bbox 797 2762 883 2821; x_wconf 90' lang='lat' dir='ltr'>visus</span> <span class='ocrx_word' id='word_1_198' title='bbox 907 2762 953 2821; x_wconf 88' lang='lat' dir='ltr'>sul</span> <span class='ocrx_word' id='word_1_199' title='bbox 980 2763 1130 2823; x_wconf 73' lang='lat' dir='ltr'>rationem</span> <span class='ocrx_word' id='word_1_200' title='bbox 1152 2763 1247 2827; x_wconf 80' lang='lat' dir='ltr'>affere</span> <span class='ocrx_word' id='word_1_201' title='bbox 1272 2764 1440 2841; x_wconf 83' lang='lat' dir='ltr'>nequieret,</span> <span class='ocrx_word' id='word_1_202' title='bbox 1464 2762 1507 2822; x_wconf 90' lang='lat' dir='ltr'>ita</span> <span class='ocrx_word' id='word_1_203' title='bbox 1531 2783 1590 2823; x_wconf 88' lang='lat' dir='ltr'>nec</span> <span class='ocrx_word' id='word_1_204' title='bbox 1614 2763 1674 2823; x_wconf 86' lang='lat' dir='ltr'>tale</span> 
     </span>
    </p>
   </div>
   <div class='ocr_carea' id='block_1_3' title="bbox 396 2862 1673 2949">
    <p class='ocr_par' dir='ltr' id='par_1_3' title="bbox 396 2862 1673 2949">
     <span class='ocr_line' id='line_1_23' title="bbox 396 2862 1673 2949; baseline 0.002 -20"><span class='ocrx_word' id='word_1_205' title='bbox 396 2870 605 2931; x_wconf 90' lang='lat' dir='ltr'>testimonium</span> <span class='ocrx_word' id='word_1_206' title='bbox 624 2881 714 2948; x_wconf 89' lang='lat' dir='ltr'>prout</span> <span class='ocrx_word' id='word_1_207' title='bbox 731 2870 902 2929; x_wconf 87' lang='lat' dir='ltr'>vicinorum</span> <span class='ocrx_word' id='word_1_208' title='bbox 923 2879 1006 2930; x_wconf 88' lang='lat' dir='ltr'>stare</span> <span class='ocrx_word' id='word_1_209' title='bbox 1022 2871 1181 2949; x_wconf 79' lang='lat' dir='ltr'>nequiret3</span> <span class='ocrx_word' id='word_1_210' title='bbox 1197 2880 1342 2949; x_wconf 89' lang='lat' dir='ltr'>respectu</span> <span class='ocrx_word' id='word_1_211' title='bbox 1357 2890 1432 2931; x_wconf 91' lang='lat' dir='ltr'>vero</span> <span class='ocrx_word' id='word_1_212' title='bbox 1448 2862 1673 2931; x_wconf 84' lang='lat' dir='ltr'>inimicitiarum</span> 
     </span>
    </p>
   </div>
   <div class='ocr_carea' id='block_1_4' title="bbox 390 2978 1679 4991">
    <p class='ocr_par' dir='ltr' id='par_1_4' title="bbox 394 2978 1677 4230">
     <span class='ocr_line' id='line_1_24' title="bbox 395 2978 1673 3056; baseline 0.001 -18"><span class='ocrx_word' id='word_1_213' title='bbox 395 2979 560 3039; x_wconf 81' lang='lat' dir='ltr'>referendo</span> <span class='ocrx_word' id='word_1_214' title='bbox 584 2998 619 3037; x_wconf 89' lang='lat' dir='ltr'>se</span> <span class='ocrx_word' id='word_1_215' title='bbox 643 2978 683 3037; x_wconf 92' lang='lat' dir='ltr'>ad</span> <span class='ocrx_word' id='word_1_216' title='bbox 707 2998 766 3037; x_wconf 90' lang='lat' dir='ltr'>sua</span> <span class='ocrx_word' id='word_1_217' title='bbox 789 2979 925 3056; x_wconf 88' lang='lat' dir='ltr'>allegata</span> <span class='ocrx_word' id='word_1_218' title='bbox 954 2980 1081 3037; x_wconf 91' lang='lat' dir='ltr'>easdem</span> <span class='ocrx_word' id='word_1_219' title='bbox 1107 2979 1167 3037; x_wconf 89' lang='lat' dir='ltr'>iam</span> <span class='ocrx_word' id='word_1_220' title='bbox 1193 2980 1344 3039; x_wconf 88' lang='lat' dir='ltr'>hactenus</span> <span class='ocrx_word' id='word_1_221' title='bbox 1381 2978 1410 3037; x_wconf 92' lang='lat' dir='ltr'>in</span> <span class='ocrx_word' id='word_1_222' title='bbox 1435 2979 1566 3039; x_wconf 90' lang='lat' dir='ltr'>diversis</span> <span class='ocrx_word' id='word_1_223' title='bbox 1591 2999 1673 3039; x_wconf 91' lang='lat' dir='ltr'>com-</span> 
     </span>
     <span class='ocr_line' id='line_1_25' title="bbox 395 3076 1672 3163; baseline 0 -19"><span class='ocrx_word' id='word_1_224' title='bbox 395 3093 500 3163; x_wconf 89' lang='lat' dir='ltr'>pertas</span> <span class='ocrx_word' id='word_1_225' title='bbox 524 3085 628 3160; x_wconf 88' lang='lat' dir='ltr'>luisse,</span> <span class='ocrx_word' id='word_1_226' title='bbox 652 3085 713 3145; x_wconf 92' lang='lat' dir='ltr'>imo</span> <span class='ocrx_word' id='word_1_227' title='bbox 737 3084 847 3143; x_wconf 90' lang='lat' dir='ltr'>nobilis</span> <span class='ocrx_word' id='word_1_228' title='bbox 875 3085 962 3144; x_wconf 87' lang='lat' dir='ltr'>Pauli</span> <span class='ocrx_word' id='word_1_229' title='bbox 987 3086 1173 3146; x_wconf 81' lang='lat' dir='ltr'>&#39;l&#39;rumbetas</span> <span class='ocrx_word' id='word_1_230' title='bbox 1199 3095 1230 3145; x_wconf 95' lang='lat' dir='ltr'>et</span> <span class='ocrx_word' id='word_1_231' title='bbox 1256 3076 1362 3145; x_wconf 79' lang='lat' dir='ltr'>famuli</span> <span class='ocrx_word' id='word_1_232' title='bbox 1388 3086 1617 3146; x_wconf 86' lang='lat' dir='ltr'>communitatis</span> <span class='ocrx_word' id='word_1_233' title='bbox 1641 3086 1672 3146; x_wconf 92' lang='lat' dir='ltr'>in</span> 
     </span>
     <span class='ocr_line' id='line_1_26' title="bbox 394 3190 1670 3270; baseline 0 -19"><span class='ocrx_word' id='word_1_234' title='bbox 394 3191 552 3270; x_wconf 88' lang='lat' dir='ltr'>praesenti</span> <span class='ocrx_word' id='word_1_235' title='bbox 568 3192 662 3250; x_wconf 89' lang='lat' dir='ltr'>etiam</span> <span class='ocrx_word' id='word_1_236' title='bbox 687 3191 761 3250; x_wconf 90' lang='lat' dir='ltr'>iuris</span> <span class='ocrx_word' id='word_1_237' title='bbox 784 3192 863 3250; x_wconf 85' lang='lat' dir='ltr'>facie</span> <span class='ocrx_word' id='word_1_238' title='bbox 888 3193 1013 3269; x_wconf 91' lang='lat' dir='ltr'>probari</span> <span class='ocrx_word' id='word_1_239' title='bbox 1039 3194 1167 3269; x_wconf 93' lang='lat' dir='ltr'>cupiens</span> <span class='ocrx_word' id='word_1_240' title='bbox 1192 3192 1267 3251; x_wconf 89' lang='lat' dir='ltr'>dicit</span> <span class='ocrx_word' id='word_1_241' title='bbox 1290 3203 1398 3252; x_wconf 88' lang='lat' dir='ltr'>contra</span> <span class='ocrx_word' id='word_1_242' title='bbox 1418 3190 1670 3253; x_wconf 77' lang='lat' dir='ltr'>Cze&#39;sztariczam</span> 
     </span>
     <span class='ocr_line' id='line_1_27' title="bbox 397 3298 1673 3377; baseline 0.002 -20"><span class='ocrx_word' id='word_1_243' title='bbox 397 3299 562 3358; x_wconf 88' lang='lat' dir='ltr'>Michaelis</span> <span class='ocrx_word' id='word_1_244' title='bbox 591 3298 796 3357; x_wconf 88' lang='lat' dir='ltr'>lambrievich</span> <span class='ocrx_word' id='word_1_245' title='bbox 829 3318 961 3371; x_wconf 85' lang='lat' dir='ltr'>socrum,</span> <span class='ocrx_word' id='word_1_246' title='bbox 987 3318 1023 3357; x_wconf 79' lang='lat' dir='ltr'>ex</span> <span class='ocrx_word' id='word_1_247' title='bbox 1057 3318 1094 3358; x_wconf 92' lang='lat' dir='ltr'>eo</span> <span class='ocrx_word' id='word_1_248' title='bbox 1128 3301 1210 3377; x_wconf 92' lang='lat' dir='ltr'>quod</span> <span class='ocrx_word' id='word_1_249' title='bbox 1234 3300 1317 3359; x_wconf 88' lang='lat' dir='ltr'>idem</span> <span class='ocrx_word' id='word_1_250' title='bbox 1342 3308 1449 3359; x_wconf 88' lang='lat' dir='ltr'>contra</span> <span class='ocrx_word' id='word_1_251' title='bbox 1473 3301 1605 3359; x_wconf 91' lang='lat' dir='ltr'>eandem</span> <span class='ocrx_word' id='word_1_252' title='bbox 1629 3300 1673 3359; x_wconf 86' lang='lat' dir='ltr'>fa-</span> 
     </span>
     <span class='ocr_line' id='line_1_28' title="bbox 396 3407 1673 3483; baseline 0.002 -18"><span class='ocrx_word' id='word_1_253' title='bbox 396 3416 507 3482; x_wconf 88' lang='lat' dir='ltr'>tentes,</span> <span class='ocrx_word' id='word_1_254' title='bbox 531 3426 594 3483; x_wconf 92' lang='lat' dir='ltr'>qua</span> <span class='ocrx_word' id='word_1_255' title='bbox 612 3415 742 3466; x_wconf 89' lang='lat' dir='ltr'>eatenus</span> <span class='ocrx_word' id='word_1_256' title='bbox 767 3407 920 3465; x_wconf 85' lang='lat' dir='ltr'>exmissus</span> <span class='ocrx_word' id='word_1_257' title='bbox 948 3426 1061 3483; x_wconf 89' lang='lat' dir='ltr'>capere</span> <span class='ocrx_word' id='word_1_258' title='bbox 1086 3408 1235 3481; x_wconf 86' lang='lat' dir='ltr'>debuerit,</span> <span class='ocrx_word' id='word_1_259' title='bbox 1259 3407 1516 3467; x_wconf 89' lang='lat' dir='ltr'>comminationes</span> <span class='ocrx_word' id='word_1_260' title='bbox 1541 3408 1673 3481; x_wconf 83' lang='lat' dir='ltr'>lecisset,</span> 
     </span>
     <span class='ocr_line' id='line_1_29' title="bbox 395 3512 1673 3592; baseline 0.001 -20"><span class='ocrx_word' id='word_1_261' title='bbox 395 3520 427 3573; x_wconf 93' lang='lat' dir='ltr'>et</span> <span class='ocrx_word' id='word_1_262' title='bbox 455 3532 493 3571; x_wconf 87' lang='lat' dir='ltr'>ex</span> <span class='ocrx_word' id='word_1_263' title='bbox 526 3512 574 3572; x_wconf 92' lang='lat' dir='ltr'>his</span> <span class='ocrx_word' id='word_1_264' title='bbox 608 3513 779 3572; x_wconf 90' lang='lat' dir='ltr'>earundem</span> <span class='ocrx_word' id='word_1_265' title='bbox 810 3513 963 3572; x_wconf 72' lang='lat' dir='ltr'>l‘assiones</span> <span class='ocrx_word' id='word_1_266' title='bbox 988 3514 1172 3573; x_wconf 85' lang='lat' dir='ltr'>subsecutas</span> <span class='ocrx_word' id='word_1_267' title='bbox 1196 3514 1285 3573; x_wconf 88' lang='lat' dir='ltr'>lacile</span> <span class='ocrx_word' id='word_1_268' title='bbox 1313 3516 1471 3591; x_wconf 87' lang='lat' dir='ltr'>praesumi</span> <span class='ocrx_word' id='word_1_269' title='bbox 1495 3533 1601 3592; x_wconf 76' lang='lat' dir='ltr'>posse,</span> <span class='ocrx_word' id='word_1_270' title='bbox 1626 3534 1673 3574; x_wconf 88' lang='lat' dir='ltr'>re-</span> 
     </span>
     <span class='ocr_line' id='line_1_30' title="bbox 400 3619 1672 3697; baseline 0 -17"><span class='ocrx_word' id='word_1_271' title='bbox 400 3629 511 3697; x_wconf 91' lang='lat' dir='ltr'>spectu</span> <span class='ocrx_word' id='word_1_272' title='bbox 535 3638 610 3678; x_wconf 90' lang='lat' dir='ltr'>vero</span> <span class='ocrx_word' id='word_1_273' title='bbox 635 3619 762 3679; x_wconf 90' lang='lat' dir='ltr'>Czelich</span> <span class='ocrx_word' id='word_1_274' title='bbox 786 3628 878 3697; x_wconf 89' lang='lat' dir='ltr'>prout</span> <span class='ocrx_word' id='word_1_275' title='bbox 901 3628 1031 3679; x_wconf 90' lang='lat' dir='ltr'>matrem</span> <span class='ocrx_word' id='word_1_276' title='bbox 1057 3621 1196 3679; x_wconf 89' lang='lat' dir='ltr'>eiusdem</span> <span class='ocrx_word' id='word_1_277' title='bbox 1216 3620 1384 3681; x_wconf 75' lang='lat' dir='ltr'>tassionem</span> <span class='ocrx_word' id='word_1_278' title='bbox 1409 3640 1498 3680; x_wconf 88' lang='lat' dir='ltr'>suam</span> <span class='ocrx_word' id='word_1_279' title='bbox 1522 3622 1672 3681; x_wconf 88' lang='lat' dir='ltr'>alterasse</span> 
     </span>
     <span class='ocr_line' id='line_1_31' title="bbox 395 3726 1672 3806; baseline 0 -20"><span class='ocrx_word' id='word_1_280' title='bbox 395 3734 682 3799; x_wconf 87' lang='lat' dir='ltr'>commemorasset,</span> <span class='ocrx_word' id='word_1_281' title='bbox 714 3726 757 3785; x_wconf 89' lang='lat' dir='ltr'>ita</span> <span class='ocrx_word' id='word_1_282' title='bbox 790 3726 849 3785; x_wconf 93' lang='lat' dir='ltr'>hoc</span> <span class='ocrx_word' id='word_1_283' title='bbox 882 3726 983 3804; x_wconf 90' lang='lat' dir='ltr'>ipsum</span> <span class='ocrx_word' id='word_1_284' title='bbox 1015 3746 1070 3805; x_wconf 89' lang='lat' dir='ltr'>per</span> <span class='ocrx_word' id='word_1_285' title='bbox 1102 3728 1233 3786; x_wconf 92' lang='lat' dir='ltr'>Paulum</span> <span class='ocrx_word' id='word_1_286' title='bbox 1266 3726 1439 3801; x_wconf 89' lang='lat' dir='ltr'>Sostarecz,</span> <span class='ocrx_word' id='word_1_287' title='bbox 1463 3738 1494 3786; x_wconf 89' lang='lat' dir='ltr'>et</span> <span class='ocrx_word' id='word_1_288' title='bbox 1518 3728 1594 3788; x_wconf 93' lang='lat' dir='ltr'>alios</span> <span class='ocrx_word' id='word_1_289' title='bbox 1617 3746 1672 3806; x_wconf 89' lang='lat' dir='ltr'>per</span> 
     </span>
     <span class='ocr_line' id='line_1_32' title="bbox 397 3833 1677 3911; baseline 0.003 -20"><span class='ocrx_word' id='word_1_290' title='bbox 397 3833 497 3910; x_wconf 91' lang='lat' dir='ltr'>ipsum</span> <span class='ocrx_word' id='word_1_291' title='bbox 522 3833 703 3893; x_wconf 88' lang='lat' dir='ltr'>relerendos</span> <span class='ocrx_word' id='word_1_292' title='bbox 735 3834 961 3893; x_wconf 89' lang='lat' dir='ltr'>conscientiose</span> <span class='ocrx_word' id='word_1_293' title='bbox 992 3841 1083 3911; x_wconf 88' lang='lat' dir='ltr'>prout</span> <span class='ocrx_word' id='word_1_294' title='bbox 1116 3843 1202 3893; x_wconf 90' lang='lat' dir='ltr'>actor</span> <span class='ocrx_word' id='word_1_295' title='bbox 1226 3835 1456 3895; x_wconf 89' lang='lat' dir='ltr'>revocationem</span> <span class='ocrx_word' id='word_1_296' title='bbox 1481 3846 1589 3896; x_wconf 86' lang='lat' dir='ltr'>contra</span> <span class='ocrx_word' id='word_1_297' title='bbox 1613 3837 1677 3895; x_wconf 93' lang='lat' dir='ltr'>No·</span> 
     </span>
     <span class='ocr_line' id='line_1_33' title="bbox 397 3937 1673 4023; baseline 0.003 -24"><span class='ocrx_word' id='word_1_298' title='bbox 397 3940 564 3999; x_wconf 87' lang='lat' dir='ltr'>vakianam</span> <span class='ocrx_word' id='word_1_299' title='bbox 589 3937 735 4001; x_wconf 86' lang='lat' dir='ltr'>fassionis</span> <span class='ocrx_word' id='word_1_300' title='bbox 751 3941 1003 4000; x_wconf 86' lang='lat' dir='ltr'>Skvoreczianae</span> <span class='ocrx_word' id='word_1_301' title='bbox 1028 3941 1179 4001; x_wconf 88' lang='lat' dir='ltr'>declarari</span> <span class='ocrx_word' id='word_1_302' title='bbox 1199 3943 1415 4018; x_wconf 83' lang='lat' dir='ltr'>desiderando,</span> <span class='ocrx_word' id='word_1_303' title='bbox 1439 3952 1471 4003; x_wconf 86' lang='lat' dir='ltr'>et</span> <span class='ocrx_word' id='word_1_304' title='bbox 1495 3944 1560 4003; x_wconf 92' lang='lat' dir='ltr'>suis</span> <span class='ocrx_word' id='word_1_305' title='bbox 1583 3963 1673 4023; x_wconf 88' lang='lat' dir='ltr'>prae·</span> 
     </span>
     <span class='ocr_line' id='line_1_34' title="bbox 394 4049 1671 4129; baseline 0.003 -22"><span class='ocrx_word' id='word_1_306' title='bbox 394 4049 497 4108; x_wconf 89' lang='lat' dir='ltr'>missis</span> <span class='ocrx_word' id='word_1_307' title='bbox 521 4050 625 4126; x_wconf 89' lang='lat' dir='ltr'>quoad</span> <span class='ocrx_word' id='word_1_308' title='bbox 657 4049 761 4108; x_wconf 90' lang='lat' dir='ltr'>omnia</span> <span class='ocrx_word' id='word_1_309' title='bbox 785 4057 816 4108; x_wconf 95' lang='lat' dir='ltr'>et</span> <span class='ocrx_word' id='word_1_310' title='bbox 840 4050 962 4128; x_wconf 88' lang='lat' dir='ltr'>singula</span> <span class='ocrx_word' id='word_1_311' title='bbox 988 4049 1115 4109; x_wconf 87' lang='lat' dir='ltr'>firmiter</span> <span class='ocrx_word' id='word_1_312' title='bbox 1143 4049 1323 4123; x_wconf 88' lang='lat' dir='ltr'>insistendo,</span> <span class='ocrx_word' id='word_1_313' title='bbox 1348 4051 1424 4128; x_wconf 90' lang='lat' dir='ltr'>petit</span> <span class='ocrx_word' id='word_1_314' title='bbox 1447 4060 1481 4109; x_wconf 93' lang='lat' dir='ltr'>ut</span> <span class='ocrx_word' id='word_1_315' title='bbox 1505 4070 1599 4129; x_wconf 89' lang='lat' dir='ltr'>supra</span> <span class='ocrx_word' id='word_1_316' title='bbox 1623 4070 1671 4129; x_wconf 89' lang='lat' dir='ltr'>pe-</span> 
     </span>
     <span class='ocr_line' id='line_1_35' title="bbox 395 4156 731 4230; baseline 0.006 -16"><span class='ocrx_word' id='word_1_317' title='bbox 395 4156 504 4230; x_wconf 88' lang='lat' dir='ltr'>tiisset,</span> <span class='ocrx_word' id='word_1_318' title='bbox 529 4164 559 4215; x_wconf 88' lang='lat' dir='ltr'>et</span> <span class='ocrx_word' id='word_1_319' title='bbox 583 4165 731 4216; x_wconf 89' lang='lat' dir='ltr'>reservat.</span> 
     </span>
    </p>

    <p class='ocr_par' dir='ltr' id='par_1_5' title="bbox 390 4264 1679 4991">
     <span class='ocr_line' id='line_1_36' title="bbox 503 4264 1678 4343; baseline 0.003 -21"><span class='ocrx_word' id='word_1_320' title='bbox 503 4264 564 4322; x_wconf 91' lang='lat' dir='ltr'>Pro</span> <span class='ocrx_word' id='word_1_321' title='bbox 598 4272 704 4324; x_wconf 90' lang='lat' dir='ltr'>actore</span> <span class='ocrx_word' id='word_1_322' title='bbox 740 4284 810 4323; x_wconf 88' lang='lat' dir='ltr'>cum</span> <span class='ocrx_word' id='word_1_323' title='bbox 843 4264 1067 4341; x_wconf 87' lang='lat' dir='ltr'>protestatione</span> <span class='ocrx_word' id='word_1_324' title='bbox 1101 4265 1222 4342; x_wconf 89' lang='lat' dir='ltr'>reponit</span> <span class='ocrx_word' id='word_1_325' title='bbox 1253 4266 1381 4343; x_wconf 89' lang='lat' dir='ltr'>praevia</span> <span class='ocrx_word' id='word_1_326' title='bbox 1413 4268 1623 4343; x_wconf 88' lang='lat' dir='ltr'>procuratoris</span> <span class='ocrx_word' id='word_1_327' title='bbox 1647 4268 1678 4327; x_wconf 91' lang='lat' dir='ltr'>in</span> 
     </span>
     <span class='ocr_line' id='line_1_37' title="bbox 401 4372 1679 4453; baseline 0.005 -24"><span class='ocrx_word' id='word_1_328' title='bbox 401 4390 530 4430; x_wconf 85' lang='lat' dir='ltr'>causam</span> <span class='ocrx_word' id='word_1_329' title='bbox 577 4379 779 4430; x_wconf 86' lang='lat' dir='ltr'>attractarum</span> <span class='ocrx_word' id='word_1_330' title='bbox 833 4373 969 4451; x_wconf 88' lang='lat' dir='ltr'>allegata</span> <span class='ocrx_word' id='word_1_331' title='bbox 1016 4372 1076 4431; x_wconf 92' lang='lat' dir='ltr'>iam</span> <span class='ocrx_word' id='word_1_332' title='bbox 1125 4372 1268 4449; x_wconf 87' lang='lat' dir='ltr'>superius</span> <span class='ocrx_word' id='word_1_333' title='bbox 1307 4382 1455 4449; x_wconf 87' lang='lat' dir='ltr'>superata</span> <span class='ocrx_word' id='word_1_334' title='bbox 1501 4393 1539 4433; x_wconf 86' lang='lat' dir='ltr'>ex</span> <span class='ocrx_word' id='word_1_335' title='bbox 1585 4384 1679 4453; x_wconf 91' lang='lat' dir='ltr'>parte</span> 
     </span>
     <span class='ocr_line' id='line_1_38' title="bbox 392 4478 1676 4559; baseline 0.003 -20"><span class='ocrx_word' id='word_1_336' title='bbox 392 4478 620 4559; x_wconf 87' lang='lat' dir='ltr'>magistratuali</span> <span class='ocrx_word' id='word_1_337' title='bbox 653 4498 738 4553; x_wconf 81' lang='lat' dir='ltr'>esse3</span> <span class='ocrx_word' id='word_1_338' title='bbox 770 4489 921 4557; x_wconf 90' lang='lat' dir='ltr'>quantum</span> <span class='ocrx_word' id='word_1_339' title='bbox 946 4498 1021 4539; x_wconf 91' lang='lat' dir='ltr'>vero</span> <span class='ocrx_word' id='word_1_340' title='bbox 1047 4481 1086 4539; x_wconf 88' lang='lat' dir='ltr'>ad</span> <span class='ocrx_word' id='word_1_341' title='bbox 1109 4479 1278 4540; x_wconf 76' lang='lat' dir='ltr'>iussionem</span> <span class='ocrx_word' id='word_1_342' title='bbox 1307 4481 1607 4557; x_wconf 88' lang='lat' dir='ltr'>Sosztareczianam,</span> <span class='ocrx_word' id='word_1_343' title='bbox 1636 4484 1676 4543; x_wconf 89' lang='lat' dir='ltr'>ad</span> 
     </span>
     <span class='ocr_line' id='line_1_39' title="bbox 392 4586 1673 4665; baseline 0.004 -21"><span class='ocrx_word' id='word_1_344' title='bbox 392 4605 486 4664; x_wconf 88' lang='lat' dir='ltr'>quam</span> <span class='ocrx_word' id='word_1_345' title='bbox 510 4604 544 4645; x_wconf 88' lang='lat' dir='ltr'>se</span> <span class='ocrx_word' id='word_1_346' title='bbox 568 4594 752 4664; x_wconf 88' lang='lat' dir='ltr'>procurator</span> <span class='ocrx_word' id='word_1_347' title='bbox 772 4595 958 4664; x_wconf 89' lang='lat' dir='ltr'>provocaret</span> <span class='ocrx_word' id='word_1_348' title='bbox 981 4586 1012 4643; x_wconf 93' lang='lat' dir='ltr'>in</span> <span class='ocrx_word' id='word_1_349' title='bbox 1037 4586 1228 4663; x_wconf 88' lang='lat' dir='ltr'>praemissis,</span> <span class='ocrx_word' id='word_1_350' title='bbox 1253 4595 1435 4665; x_wconf 89' lang='lat' dir='ltr'>procurator</span> <span class='ocrx_word' id='word_1_351' title='bbox 1460 4588 1575 4649; x_wconf 89' lang='lat' dir='ltr'>actoris</span> <span class='ocrx_word' id='word_1_352' title='bbox 1600 4588 1673 4649; x_wconf 91' lang='lat' dir='ltr'>dicit</span> 
     </span>
     <span class='ocr_line' id='line_1_40' title="bbox 390 4693 1671 4767; baseline 0.004 -14"><span class='ocrx_word' id='word_1_353' title='bbox 390 4694 524 4753; x_wconf 89' lang='lat' dir='ltr'>eundem</span> <span class='ocrx_word' id='word_1_354' title='bbox 557 4693 741 4753; x_wconf 89' lang='lat' dir='ltr'>Sosztarecz</span> <span class='ocrx_word' id='word_1_355' title='bbox 775 4712 845 4753; x_wconf 90' lang='lat' dir='ltr'>esse</span> <span class='ocrx_word' id='word_1_356' title='bbox 878 4693 1003 4753; x_wconf 82' lang='lat' dir='ltr'>affinem</span> <span class='ocrx_word' id='word_1_357' title='bbox 1036 4693 1279 4767; x_wconf 85' lang='lat' dir='ltr'>Czelichianum,</span> <span class='ocrx_word' id='word_1_358' title='bbox 1313 4696 1367 4754; x_wconf 90' lang='lat' dir='ltr'>sed</span> <span class='ocrx_word' id='word_1_359' title='bbox 1393 4703 1424 4754; x_wconf 93' lang='lat' dir='ltr'>et</span> <span class='ocrx_word' id='word_1_360' title='bbox 1447 4696 1473 4755; x_wconf 91' lang='lat' dir='ltr'>si</span> <span class='ocrx_word' id='word_1_361' title='bbox 1499 4697 1593 4757; x_wconf 89' lang='lat' dir='ltr'>etiam</span> <span class='ocrx_word' id='word_1_362' title='bbox 1617 4698 1671 4758; x_wconf 88' lang='lat' dir='ltr'>tali</span> 
     </span>
     <span class='ocr_line' id='line_1_41' title="bbox 391 4801 1669 4875; baseline 0.006 -16"><span class='ocrx_word' id='word_1_363' title='bbox 391 4801 551 4860; x_wconf 82' lang='lat' dir='ltr'>affinitatis</span> <span class='ocrx_word' id='word_1_364' title='bbox 574 4802 698 4860; x_wconf 91' lang='lat' dir='ltr'>vinculo</span> <span class='ocrx_word' id='word_1_365' title='bbox 722 4802 905 4861; x_wconf 90' lang='lat' dir='ltr'>coniunctus</span> <span class='ocrx_word' id='word_1_366' title='bbox 929 4801 1030 4861; x_wconf 89' lang='lat' dir='ltr'>eidem</span> <span class='ocrx_word' id='word_1_367' title='bbox 1055 4822 1115 4861; x_wconf 91' lang='lat' dir='ltr'>non</span> <span class='ocrx_word' id='word_1_368' title='bbox 1142 4811 1233 4875; x_wconf 85' lang='lat' dir='ltr'>esset,</span> <span class='ocrx_word' id='word_1_369' title='bbox 1265 4822 1335 4862; x_wconf 94' lang='lat' dir='ltr'>eum</span> <span class='ocrx_word' id='word_1_370' title='bbox 1367 4824 1426 4863; x_wconf 89' lang='lat' dir='ltr'>nec</span> <span class='ocrx_word' id='word_1_371' title='bbox 1459 4824 1496 4863; x_wconf 85' lang='lat' dir='ltr'>ex</span> <span class='ocrx_word' id='word_1_372' title='bbox 1530 4807 1669 4867; x_wconf 92' lang='lat' dir='ltr'>eiusdem</span> 
     </span>
     <span class='ocr_line' id='line_1_42' title="bbox 391 4907 1667 4991; baseline 0.006 -26"><span class='ocrx_word' id='word_1_373' title='bbox 391 4927 485 4985; x_wconf 83' lang='lat' dir='ltr'>quum</span> <span class='ocrx_word' id='word_1_374' title='bbox 510 4920 541 4966; x_wconf 93' lang='lat' dir='ltr'>et</span> <span class='ocrx_word' id='word_1_375' title='bbox 565 4907 670 4966; x_wconf 82' lang='lat' dir='ltr'>famuli</span> <span class='ocrx_word' id='word_1_376' title='bbox 695 4908 926 4967; x_wconf 88' lang='lat' dir='ltr'>communitatis</span> <span class='ocrx_word' id='word_1_377' title='bbox 951 4929 988 4967; x_wconf 86' lang='lat' dir='ltr'>ac</span> <span class='ocrx_word' id='word_1_378' title='bbox 1014 4908 1100 4967; x_wconf 84' lang='lat' dir='ltr'>l&#39;auli</span> <span class='ocrx_word' id='word_1_379' title='bbox 1125 4910 1312 4969; x_wconf 81' lang='lat' dir='ltr'>l&#39;rumbetas</span> <span class='ocrx_word' id='word_1_380' title='bbox 1336 4912 1502 4972; x_wconf 88' lang='lat' dir='ltr'>relationes</span> <span class='ocrx_word' id='word_1_381' title='bbox 1526 4914 1604 4991; x_wconf 86' lang='lat' dir='ltr'>parti</span> <span class='ocrx_word' id='word_1_382' title='bbox 1636 4915 1667 4975; x_wconf 92' lang='lat' dir='ltr'>in</span> 
     </span>
    </p>
   </div>
   <div class='ocr_carea' id='block_1_5' title="bbox 0 0 1972 5550">
    <p class='ocr_par' dir='ltr' id='par_1_6' title="bbox 0 0 1972 5550">
     <span class='ocr_line' id='line_1_43' title="bbox 0 0 1972 5550; baseline 0 3"><span class='ocrx_word' id='word_1_383' title='bbox 0 0 1972 5550; x_wconf 95' lang='lat' dir='ltr'> </span> 
     </span>
    </p>
   </div>
  </div>
 </body>
</html>
