3934 5550
1506 474 1572 545 ⁴09

281 706 351 777 post
382 691 501 776 aliquot
531 710 629 757 annos
662 699 768 757 tamen
801 691 952 777 indigebit
983 694 1122 773 basibus,
1145 694 1348 775 loenilegium
1371 695 1403 754 in
1430 714 1484 754 sex
1510 714 1564 755 co-

281 806 394 867 lumnis
416 806 531 865 bonurn
557 805 699 885 virgultis
722 806 964 879 circumdatum;
998 805 1072 865 item
1106 804 1200 863 haras
1224 801 1403 863 animalium
1431 812 1464 862 et
1494 822 1560 862 ma·

282 914 387 974 ialium
415 920 454 973 :et
483 932 641 974 eameram
673 913 731 973 sub
760 932 823 973 uno
847 921 929 973 tecto
953 914 995 972 ad
1018 912 1181 971 clausuras
1204 908 1235 987 6,
1265 918 1365 970 totum
1388 910 1456 970 sine
1480 911 1563 970 bono

282 1021 471 1099 pavimento,
495 1040 587 1080 secus
611 1020 642 1079 in
666 1028 749 1080 statu
772 1020 864 1096 bon0,
892 1021 1053 1079 lornacem
1076 1018 1247 1097 pistoream
1270 1018 1301 1077 in
1324 1025 1408 1077 tecto
1439 1018 1564 1090 bonam,

283 1128 338 1187 sed
371 1128 444 1206 quia
474 1147 570 1206 prope
603 1128 729 1187 domurn
764 1136 857 1203 esset,
888 1128 1018 1187 deberet
1050 1125 1207 1185 asseribus
1232 1125 1426 1199 circumdari,
1450 1132 1562 1203 puteus

287 1234 398 1293 nullius
423 1234 546 1306 valoriS,
570 1252 653 1293 novo
677 1234 805 1314 indiget.

391 1340 420 1402 4.
452 1341 571 1401 Nobilis
603 1341 782 1420 Stephanus
814 1341 1010 1400 Diankovich
1043 1341 1136 1399 babet
1168 1340 1294 1400 domurn
1327 1340 1487 1417 antiquam
1512 1358 1565 1399 an-

283 1458 417 1529 gustam,
451 1468 542 1508 secus
574 1450 604 1507 in
639 1449 722 1508 bono
746 1457 838 1521 statu,
871 1457 941 1526 post
973 1448 1091 1526 aliquot
1115 1466 1215 1507 annos
1239 1457 1345 1506 tamen
1369 1446 1566 1526 reparatione

284 1556 443 1637 indigebit,
476 1557 505 1616 in
537 1558 655 1615 ambitu
686 1557 781 1615 habet
814 1556 987 1634 perpluum,
1020 1556 1166 1613 horreum
1197 1554 1358 1633 antiquum
1390 1554 1458 1613 sine
1483 1554 1565 1613 bona

284 1673 373 1745 porta
398 1674 429 1723 et
453 1664 592 1737 basibus,
617 1682 775 1723 cameram
806 1663 951 1723 frumenti
976 1662 1016 1722 ad
1041 1682 1136 1721 unam
1168 1670 1290 1739 portam
1322 1661 1354 1719 in
1386 1669 1470 1721 statu
1502 1681 1566 1721 me·

284 1773 390 1849 diocri,
422 1774 516 1831 haras
546 1771 725 1831 animalium
759 1781 790 1831 et
824 1771 982 1830 maialium
1015 1770 1159 1849 antiquas
1192 1770 1232 1829 ad
1264 1788 1319 1829 sex
1353 1769 1514 1829 clausuras
1537 1769 1569 1828 in

285 1879 433 1939 mediocri
458 1886 550 1953 statu,
581 1880 648 1939 sine
672 1880 755 1937 bono
779 1879 959 1956 pavimento
991 1878 1112 1937 interno
1135 1886 1166 1937 et
1191 1885 1336 1951 extern03
1371 1877 1445 1936 item
1468 1894 1567 1956 penes

285 1987 378 2045 haras
403 2005 545 2045 cameras
577 1994 640 2045 tres
665 1988 722 2047 sub
749 2005 809 2044 uno
833 1995 916 2045 tecto
941 1986 972 2045 in
996 1986 1079 2044 bono
1103 1994 1195 2061 statu,
1234 2006 1272 2044 ex
1296 1984 1410 2064 quibus
1435 2004 1498 2044 una
1521 1993 1569 2044 est

287 2094 435 2165 Matthiae,
460 2095 521 2153 alia
544 2094 674 2169 Nicolai,
699 2102 730 2154 et
753 2094 845 2153 tertia
868 2093 1020 2171 Stephani
1043 2112 1153 2153 omnes
1177 2093 1368 2171 privativae,
1400 2092 1474 2151 item
1499 2110 1568 2170 par-

287 2202 360 2261 vula
392 2202 495 2261 culina
526 2221 597 2260 cum
629 2202 755 2261 lomace
780 2201 847 2261 sine
871 2202 953 2261 bono
977 2209 1071 2273 tect0,
1105 2210 1217 2278 puteus
1246 2200 1366 2259 dirutus
1390 2193 1449 2278 per'
1469 2200 1569 2280 negli-

289 2309 438 2389 gentiam.

396 2416 424 2477 5.
449 2416 568 2476 Nobilis
602 2417 788 2476 Laurentius
820 2417 960 2477 lurenich
985 2418 1080 2475 habet
1104 2418 1231 2475 domum
1255 2416 1371 2475 bonam
1395 2399 1467 2475 sine
1486 2415 1569 2475 bono

288 2532 371 2582 tecto
395 2522 425 2581 in
450 2523 576 2597 ambitu,
601 2524 747 2583 horreum
764 2524 926 2603 antiquum
950 2525 1017 2584 sine
1042 2524 1124 2582 bona
1140 2532 1230 2601 porta
1258 2531 1289 2581 et
1316 2522 1452 2590 basibus,
1476 2523 1571 2581 baras

291 2629 387 2690 habet
417 2631 595 2689 animalium
629 2631 668 2689 ad
692 2629 713 2689 4
737 2633 898 2691 clausuras
926 2633 1026 2690 bonas
1050 2630 1117 2690 sine
1141 2630 1231 2689 bonis
1255 2629 1452 2689 inferioribus
1481 2629 1568 2707 pavi·

291 2740 412 2816 mentis,
442 2740 537 2800 haras
570 2740 726 2800 maialium
757 2739 798 2799 ad
830 2758 925 2800 unam
957 2740 1135 2800 clausuram
1167 2738 1234 2798 sine
1266 2736 1355 2798 bonis
1385 2737 1514 2797 basibus
1540 2737 1570 2796 in

290 2856 374 2907 statu
398 2847 562 2920 mediocri;
587 2848 662 2907 item
685 2867 843 2908 cameram
867 2849 963 2908 habet
987 2848 1027 2908 ad
1052 2848 1131 2908 duas
1155 2847 1317 2906 clausuras
1341 2846 1468 2905 basibus
1493 2846 1569 2905 indi·

293 2962 429 3034 gentem,
459 2955 593 3014 culinam
625 2973 696 3014 cum
728 2956 854 3017 lornaee
878 2953 1016 3035 pistorea
1048 2956 1172 3030 bonam,
1196 2954 1263 3014 siue
1295 2954 1377 3013 bono
1400 2961 1492 3027 tecto,
1517 2973 1573 3031 pu·

292 3068 363 3120 tens
387 3059 496 3120 bonus.

399 3165 428 3227 6.
453 3167 573 3228 Nobilis
607 3168 740 3228 loannes
767 3169 857 3247 Bapt.
893 3168 1083 3249 Brigljevieh
1119 3168 1214 3227 habet
1241 3167 1369 3227 domum
1404 3165 1574 3244 antiquam,

293 3286 459 3356 angustam
492 3286 523 3335 et
554 3275 723 3336 demissam
763 3277 990 3354 adinvenimus,
1022 3289 1055 3337 ut
1087 3296 1200 3337 novam
1225 3286 1295 3355 post
1327 3276 1443 3354 aliquot
1467 3293 1566 3334 annos

292 3384 463 3443 ellaborare
487 3384 630 3462 potuerit,
655 3384 711 3444 sed
735 3403 792 3462 pro
816 3404 897 3444 nunc
922 3385 1061 3464 reparari
1092 3385 1177 3462 prius
1207 3395 1315 3444 tamen
1346 3383 1466 3462 pot2rit,
1498 3381 1571 3459 quia

293 3491 434 3569 superior
458 3510 531 3569 pars
555 3491 584 3550 in
610 3492 692 3550 bono
720 3500 802 3551 statu
827 3499 875 3550 est
898 3499 930 3551 et
954 3493 1089 3552 ambitus
1113 3491 1180 3552 sine
1203 3493 1287 3551 bono
1310 3498 1403 3566 tecto,
1426 3490 1574 3548 horreum

295 3599 454 3677 antiquum
480 3598 546 3658 sine
571 3598 652 3657 bona
684 3608 783 3677 porta,
818 3599 1017 3678 reparatione
1041 3618 1159 3678 magna
1182 3599 1336 3679 indigens,
1370 3598 1464 3656 haras
1488 3596 1529 3656 ad
1553 3593 1572 3654 3

294 3707 455 3765 clausuras
486 3705 518 3763 in
548 3706 631 3764 bono
663 3714 745 3764 statu
777 3725 876 3766 novas
905 3707 1050 3766 omnibus
1073 3706 1225 3785 provisas,
1249 3723 1407 3766 cameram
1430 3703 1578 3764 frumenti

294 3812 388 3902 ¹babet
412 3813 572 3891 antiquam
597 3812 637 3872 ad
661 3831 756 3871 unam
780 3813 957 3874 clausuram
981 3813 1110 3873 basibus
1133 3812 1336 3892 indigentem,
1360 3813 1454 3871 haras
1478 3811 1576 3870 maia-

294 3919 367 3979 lium
391 3939 429 3979 ex
454 3919 596 4000 virgultis
630 3928 825 3980 constructas
849 3921 880 3980 in
904 3922 987 3980 malo
1012 3930 1104 3995 statu,
1131 3919 1290 3979 lomacem
1315 3920 1484 3997 pistoream
1508 3919 1576 3978 sine

295 4029 377 4086 bono
410 4037 501 4102 tect0,
533 4037 654 4106 puteus,
685 4036 758 4106 post
789 4028 906 4108 aliquot
937 4048 1037 4088 annos
1060 4027 1214 4107 indigebit
1237 4028 1315 4103 alio;
1351 4028 1425 4086 item
1450 4044 1576 4086 camera

296 4135 450 4212 privativa
473 4135 561 4194 Pauli
585 4135 676 4195 bona

403 4240 431 4303 7.
455 4241 575 4302 Nobilis
599 4242 731 4302 loannes
755 4242 877 4322 Evang.
901 4243 1022 4304 Milloss
1053 4245 1163 4321 Stipan
1196 4243 1306 4314 dictus,
1329 4241 1425 4301 habet
1449 4241 1576 4300 domurn

298 4347 456 4428 antiquam
489 4350 519 4409 in
550 4351 633 4409 bono
665 4358 757 4425 statu,
785 4350 851 4410 sine
876 4359 959 4411 tecto
982 4351 1014 4411 in
1039 4351 1166 4426 ambitu,
1189 4352 1336 4410 borreum
1360 4349 1522 4428 antiquum
1547 4349 1578 4407 in

296 4457 411 4517 misero
446 4466 538 4532 statu,
573 4459 667 4517 haras
704 4458 884 4518 animalium
921 4459 1066 4539 antiquas
1096 4461 1135 4518 ad
1168 4458 1249 4518 duas
1286 4458 1465 4530 clausuras3
1506 4456 1579 4515 item

297 4565 455 4624 maialium
490 4567 583 4626 haras
619 4565 781 4644 antiquas;
816 4567 890 4626 item
923 4568 1016 4627 aliam
1047 4568 1191 4626 harulam
1223 4584 1280 4644 pro
1311 4564 1425 4641 vacciS,
1468 4583 1579 4624 omnes

298 4670 459 4749 praelatae
482 4673 578 4731 barae
603 4681 674 4732 stant
698 4673 765 4733 sine
789 4673 976 4751 pavimentis
1008 4673 1204 4733 interioribus
1226 4672 1327 4746 bonis,
1359 4682 1390 4730 et
1414 4670 1507 4731 etiam
1532 4689 1579 4730 re-

297 4777 459 4857 paratione
483 4797 601 4858 magna
625 4780 811 4860 indigentes,
834 4780 907 4858 quia
932 4788 1003 4838 sunt
1027 4781 1058 4838 iu
1081 4781 1196 4840 misero
1220 4788 1312 4852 statu,
1336 4779 1495 4838 lornaeem
1520 4797 1574 4838 an-

297 4886 425 4964 tiquam*
448 4885 541 4946 etiam
572 4887 601 4946 in
635 4887 747 4948 misero
779 4895 870 4960 statu,
902 4895 1015 4967 puteus
1046 4897 1117 4966 post
1147 4897 1211 4948 tres
1245 4905 1344 4946 annos
1379 4887 1576 4946 necessarius

298 5013 408 5054 novus.
