3934 5550
1488 457 1554 518 367

274 671 356 731 inlus
380 672 543 751 perpluum
569 681 683 731 tectum
709 672 813 746 habet,
837 673 963 732 domum
987 671 1129 731 fabrilem
1155 673 1313 751 antiquam
1337 673 1368 732 in
1392 681 1475 732 statu
1500 675 1554 732 mi·

276 799 366 853 sero;
390 780 463 839 item
489 781 610 859 losephi
635 799 760 839 camera
784 779 937 857 privativa
969 781 1052 838 bona
1088 801 1179 839 secus
1214 782 1254 839 ad
1289 782 1384 841 liliam
1417 782 1554 841 deiuncti

276 887 364 946 Pauli
389 887 564 946 Fabechich
589 895 743 966 spectans,
768 888 911 946 omnibus
935 888 1061 965 provisa
1093 889 1132 947 ad
1165 889 1244 948 duas
1267 890 1445 962 clausuras3
1480 887 1555 946 item

273 995 398 1053 harulas
423 995 558 1054 maialim
584 996 624 1053 ad
647 1013 742 1054 unam
766 1001 888 1078 portam
911 995 1036 1055 novitus
1060 1006 1208 1056 errectas.

384 1100 430 1165 14.
444 1102 563 1162 Nobilis
575 1103 732 1182 Georgius
745 1103 960 1162 Vercbkovich
983 1105 1110 1162 domum
1132 1103 1228 1163 habet
1240 1105 1412 1182 proximam
1434 1105 1554 1173 ruinae,

274 1212 417 1290 adeoque
434 1212 472 1270 de
489 1230 571 1270 novo
587 1211 680 1270 debet
697 1211 868 1284 ellaborari,
892 1213 1037 1271 horreum
1065 1211 1225 1291 antiquum
1248 1213 1377 1270 basibus
1400 1212 1553 1289 indigens,

272 1319 366 1377 haras
402 1317 581 1377 animalium
616 1319 656 1377 acl
688 1319 767 1377 duas
804 1318 964 1378 clausuras
987 1318 1018 1377 in
1043 1327 1125 1377 statu
1157 1317 1323 1391 mediocri;
1354 1319 1428 1378 item
1458 1318 1554 1378 haras

273 1425 431 1484 maialium
455 1426 495 1483 ad
519 1425 600 1484 duas
624 1425 785 1485 clausuras
811 1425 955 1504 antiquas
980 1425 1161 1503 pavimento
1178 1426 1313 1485 interiori
1337 1424 1551 1497 necessarias3

271 1533 344 1591 item
370 1551 527 1591 cameram
550 1532 695 1591 frumenti
716 1531 831 1591 bonam
848 1533 992 1591 omnibus
1008 1532 1195 1591 necessariis
1209 1531 1376 1610 provisam,
1391 1531 1552 1591 fornacem

271 1641 441 1718 pistoream
464 1639 589 1699 novitus
613 1647 765 1698 erreetam
790 1658 852 1698 non
876 1640 959 1698 bono
992 1648 1074 1698 tecto
1106 1640 1272 1716 provisam,
1305 1640 1431 1699 corbem
1462 1638 1550 1718 fago-

273 1747 430 1825 piraceam
454 1755 537 1808 tecto
562 1747 732 1806 stramineo
756 1766 813 1826 pro
837 1766 918 1806 nunc
942 1748 1110 1825 provisam.

382 1852 474 1915 1796.
498 1855 548 1914 die
577 1852 623 1917 13.
647 1855 802 1914 februarii.

379 1961 427 2022 15.
452 1962 604 2021 Providus
629 1961 764 2022 Mathias
788 1962 912 2036 Rebich‚
949 1963 1078 2021 colonus
1105 1961 1382 2020 excellentissimae
1406 1960 1553 2020 dominae

270 2068 447 2128 comitissae
471 2069 648 2142 Mallenicb,
672 2069 767 2129 habet
783 2070 910 2128 domum
936 2069 1095 2147 antiquam
1119 2070 1284 2129 comodam
1309 2069 1339 2127 in
1362 2069 1447 2127 bono
1466 2076 1550 2127 statu

271 2177 338 2235 sine
363 2176 489 2248 ambitu,
513 2178 659 2236 horreum
683 2176 844 2254 antiquum
860 2196 971 2254 parum
996 2177 1115 2249 valens,
1142 2177 1236 2235 lraras
1254 2176 1294 2235 ad
1310 2185 1373 2234 tres
1390 2176 1550 2235 clausuras

268 2286 386 2356 bonas;
410 2284 484 2344 item
516 2285 641 2344 barulas
674 2285 714 2343 ad
738 2284 817 2344 duas
841 2285 1003 2343 clausuras
1027 2283 1155 2343 basibus
1179 2284 1364 2362 indigentes,
1389 2282 1548 2341 fornacem

271 2390 440 2468 pistoream
466 2391 532 2450 sine
555 2391 638 2449 bono
663 2399 753 2452 tecto,
1279 2455 1285 2465 ,

380 2495 427 2559 16.
451 2499 485 2557 ln
509 2498 633 2557 deserta
666 2498 808 2577 Tbopich
841 2497 965 2557 Ioannis
998 2507 1045 2557 est
1076 2499 1187 2556 domus
1220 2497 1348 2575 antiqua
1379 2516 1436 2574 pro
1468 2496 1552 2554 nullo

270 2605 402 2684 amplius
425 2625 492 2679 usu,
516 2605 575 2665 nisi
598 2623 654 2684 pro
679 2606 752 2684 igne
776 2605 889 2664 robora
913 2604 1054 2663 converti
1076 2604 1221 2664 debeant.

381 2711 428 2772 17.
459 2713 614 2772 Providus
647 2713 792 2772 Andreas
825 2712 954 2786 Berzalr,
979 2710 1231 2770 reverendissimi
1264 2710 1381 2769 domini
1411 2709 1554 2769 canonici

270 2821 463 2900 loszipovich
488 2824 625 2897 colonuS,
641 2822 736 2881 habet
760 2822 885 2881 domum
903 2821 1071 2898 antiquam,
1094 2820 1151 2878 sed
1168 2838 1224 2897 pro
1240 2838 1323 2877 nunc
1337 2819 1413 2877 satis
1428 2820 1553 2891 bonam,

271 2929 414 2988 borreum
430 2929 590 3008 antiquum
607 2930 734 2988 basibus
749 2929 894 3007 indigens
918 2938 989 3006 post
1013 2929 1132 3005 aliquos
1162 2946 1279 2998 annos;
1303 2927 1377 2985 item
1401 2928 1495 2986 haras
1512 2926 1553 2984 ad

269 3037 347 3095 duas
371 3046 477 3114 portas
501 3037 600 3095 bonas
617 3036 760 3115 antiquas
785 3036 965 3114 pavimento
990 3034 1128 3094 inferiori
1149 3034 1343 3112 indigentes,
1367 3033 1439 3093 item
1456 3034 1550 3092 haras

270 3143 413 3221 antiquas
437 3144 477 3203 ad
502 3145 581 3203 duas
604 3144 765 3203 clausuras
789 3144 916 3203 basibus
933 3143 1126 3222 indigentes;
1151 3143 1226 3201 item
1246 3142 1360 3218 incepit
1383 3142 1478 3200 haras
1494 3159 1552 3218 pro

268 3249 369 3309 bobus
393 3252 564 3311 ellaborare
581 3270 619 3311 ex
635 3251 768 3329 antiquis
792 3251 963 3315 roboribus,
981 3250 1096 3310 ibidem
1111 3249 1230 3328 indiget
1246 3249 1439 3327 superiorem
1455 3257 1553 3306 totam

269 3366 399 3437 partem,
423 3368 453 3417 et
477 3359 603 3418 inferius
627 3358 815 3438 pavimento,
830 3358 992 3418 lomacem
1014 3357 1184 3436 pistoream
1201 3356 1401 3429 mediocrem,
1425 3356 1552 3415 domum

268 3464 409 3525 labrilem
432 3485 548 3525 novam
571 3467 715 3525 omnlbus
738 3466 907 3544 provisam.

380 3571 427 3633 18.
452 3573 548 3633 Curia
572 3575 655 3633 bona
678 3592 760 3633 novo
783 3582 867 3633 tecto
898 3572 1046 3632 assericlo
1078 3572 1205 3650 provisa
1235 3591 1317 3631 nunc
1341 3578 1487 3647 spectans
1511 3570 1553 3629 ad

271 3681 565 3740 reverendissimum
581 3682 739 3741 dominum
754 3680 939 3739 canonicum
953 3679 1159 3757 loszipovich;
1176 3680 1250 3737 item
1263 3678 1421 3738 stabulum
1438 3697 1554 3736 novum

271 3789 411 3865 pulcrum
435 3808 472 3848 cx
497 3789 602 3849 solidis
620 3789 782 3849 roboribus
802 3787 1006 3847 ellaboratum
1023 3805 1106 3845 novo
1122 3785 1269 3846 assericio
1285 3794 1368 3845 tecto
1384 3786 1556 3863 provisum,

272 3896 374 3955 culina
397 3896 429 3956 in
452 3898 534 3956 bono
558 3904 649 3969 statu,
672 3896 782 3955 iomax
798 3896 935 3973 pistorea
949 3901 1065 3953 tectum
1082 3894 1177 3952 babet
1198 3893 1364 3953 mediocre.
1389 3894 1553 3952 Stabulum
1587 3958 1591 3964 ¹

272 4003 431 4082 antiquum
455 4004 529 4063 nihil
554 4004 670 4063 valens.

380 4109 427 4170 19.
453 4110 571 4169 Nobilis
595 4110 800 4190 Margaretba
825 4110 919 4169 vidua
942 4108 1106 4169 Michaelis
1137 4107 1346 4181 Koszkoviclr,
1377 4126 1448 4167 curn
1485 4106 1549 4165 filio

270 4236 331 4275 uno
355 4217 450 4276 babet
473 4219 599 4277 domurn
624 4220 746 4290 bonam,
782 4216 893 4275 sedin
918 4216 1035 4274 ambitu
1058 4223 1141 4273 tecto
1173 4234 1236 4273 non
1267 4215 1426 4293 provisam
1459 4216 1554 4287 bonu,

272 4324 417 4385 borreum
441 4325 601 4403 antiquum
625 4325 752 4383 basibus
784 4323 929 4403 indigens
954 4330 984 4381 et
1009 4322 1216 4400 reparatione,
1248 4323 1374 4382 barulas
1408 4322 1552 4399 antiquas

274 4432 314 4491 ad
349 4429 370 4490 4
408 4433 568 4492 clausuras
605 4433 695 4492 valde
731 4439 883 4510 angustas
920 4430 1081 4489 roboribus
1113 4430 1248 4508 antiquis
1279 4430 1353 4490 nibil
1379 4428 1553 4488 valentibus

272 4541 424 4617 provisas,
447 4540 536 4599 novis
560 4540 711 4619 indigebit
735 4539 827 4599 baris.
852 4540 1025 4597 Fornacem
1056 4537 1226 4614 pistoream
1258 4558 1320 4599 non
1351 4546 1434 4597 tecto
1470 4537 1554 4596 bono

273 4648 440 4726 provisam.

382 4752 431 4812 20.
457 4754 575 4813 Nobilis
600 4755 715 4815 Paulus
748 4753 927 4814 Koskovicb
952 4754 1048 4813 babet
1071 4755 1198 4813 domum
1237 4753 1397 4831 antiquam
1421 4752 1452 4810 in
1470 4759 1552 4811 statu

276 4860 481 4939 reparationis
505 4862 725 4935 necessariam,
750 4863 800 4921 vel
824 4863 862 4921 de
887 4880 969 4921 novo
1001 4861 1209 4940 errigendam,
1242 4880 1280 4920 ex
1311 4860 1439 4938 antiqua
1470 4858 1554 4917 aliud

275 4970 487 5029 necessarium
509 4970 684 5029 aedificium
709 4970 767 5029 sibi
790 4978 894 5047 potest
916 4970 1097 5042 ellaborare,
1132 4977 1163 5028 et
1186 4967 1280 5028 etiam
1298 4968 1425 5048 antiqua
1440 4968 1554 5027 robora
