3934 5550
348 316 414 392 392

346 543 490 618 culinam,
522 551 552 602 et
583 560 681 621 penes
704 543 831 602 domum
863 541 1005 602 famulitii
1028 542 1086 602 sub
1110 561 1172 601 uno
1196 550 1279 602 tecto
1302 539 1334 601 in
1357 538 1440 601 bono
1464 549 1547 601 statu
1570 555 1628 620 pro

346 671 428 711 nune
453 650 600 710 assericio
631 658 714 709 tecto
746 649 894 709 mediocri
927 650 1095 728 provisam,
1125 648 1351 709 columbarium
1379 648 1540 726 antiquum
1564 666 1627 707 non

346 760 376 817 in
400 759 483 818 bono
507 765 598 834 statu,
626 759 789 819 columnae
814 765 887 817 sunt
909 765 1062 834 muratae,
1085 759 1181 818 harae
1206 757 1365 817 allatilium
1401 764 1474 817 sunt
1497 756 1627 817 dirutae.

451 867 550 926 Item
586 866 651 926 die
686 864 739 925 20.
773 866 983 927 februarii
1014 867 1056 926 in
1086 866 1200 926 dicta
1233 864 1509 943 possessione
1541 883 1626 924 con-

346 975 532 1053 scriptio.

452 1079 502 1140 28.
537 1081 658 1142 Nobilis
692 1081 825 1141 loannes
859 1081 981 1160 Evang.
1018 1079 1199 1140 Czekovich
1230 1081 1357 1141 domum
1391 1080 1486 1140 habet
1508 1079 1624 1138 bonam

346 1198 417 1267 post
440 1190 556 1268 aliquot
579 1209 679 1249 annos
706 1189 834 1248 basibus
865 1187 1026 1268 indigebit,
1049 1207 1106 1267 pro
1130 1207 1212 1247 nunc
1236 1197 1341 1248 autern
1365 1187 1482 1247 ambitu
1514 1195 1545 1247 et
1576 1206 1623 1245 se·

346 1315 437 1356 cassu
461 1305 555 1369 caret,
571 1297 673 1356 horrei
697 1297 793 1357 habet
816 1315 910 1356 unam
934 1304 1056 1374 partem
1079 1295 1161 1368 novi,
1178 1295 1260 1355 aliud
1283 1295 1429 1354 horreum
1461 1295 1625 1374 parvulum

347 1403 508 1482 antiquum
533 1403 668 1462 dirutum
692 1404 805 1463 nullius
829 1403 959 1477 valoris;
982 1403 1057 1462 item
1072 1403 1167 1462 habet
1190 1403 1285 1462 haras
1301 1403 1342 1461 ad
1365 1403 1444 1461 duas
1468 1409 1574 1480 portas
1594 1401 1626 1460 in

346 1512 429 1571 bono
454 1519 546 1585 statu,
570 1511 626 1569 sed
650 1511 733 1569 bono
756 1510 936 1589 pavimento
959 1529 1023 1569 una
1047 1529 1119 1569 cum
1142 1510 1264 1569 stabulo
1283 1527 1381 1587 penes
1405 1517 1528 1582 carent3
1551 1509 1626 1568 item

346 1618 487 1678 harulam
519 1617 678 1678 maialium
710 1617 880 1697 antiquam,
911 1636 995 1678 nova
1018 1617 1154 1699 indiget3
1177 1619 1337 1678 fornacem
1361 1617 1531 1696 pistoream
1562 1634 1624 1675 non

346 1726 429 1786 bono
461 1733 543 1786 tecto
578 1724 746 1805 provisam,
782 1727 865 1804 apud
897 1721 1033 1804 puteum'
1057 1727 1202 1785 columna
1234 1745 1304 1784 cum
1336 1743 1394 1784 sua
1425 1723 1516 1804 virga
1547 1722 1620 1782 nihil

347 1834 446 1907 valet;
470 1833 544 1892 item
570 1852 587 1893 a
611 1833 887 1894 Lukavczensibus
911 1841 1019 1894 mutuo
1041 1833 1162 1912 accepit
1189 1831 1281 1893 1795.
1304 1832 1406 1891 basim
1428 1830 1502 1891 tecti
1518 1848 1621 1901 unam,

347 1960 441 2020 quam
458 1961 513 2019 pro
529 1941 698 2019 parochiali
712 1943 824 2001 horreo
840 1941 947 2001 debuit
964 1941 1049 2015 dare,
1064 1941 1197 2000 eandem
1214 1960 1296 1999 nunc
1311 1940 1474 1999 restituere
1491 1936 1625 1997 debebit.

357 2083 361 2088 -
455 2046 506 2109 29.
525 2048 679 2108 Providus
690 2049 829 2108 Mathias
849 2048 1055 2121 Mathievecz‚
1068 2048 1197 2108 colonus
1213 2046 1396 2126 perillustris
1412 2045 1529 2106 domini
1541 2044 1625 2104 Petri

348 2155 476 2214 Modich
499 2155 657 2215 substituti
681 2155 802 2218 comitis
826 2154 989 2230 terrestris,
1005 2155 1101 2214 habet
1124 2154 1252 2213 domurn
1275 2154 1390 2213 bonam
1414 2171 1537 2226 novam,
1554 2152 1622 2210 lior·

347 2281 435 2322 reum
468 2263 638 2342 antiquum,
669 2282 752 2322 novo
782 2262 911 2343 indiget,
941 2280 998 2340 pro
1030 2281 1092 2341 quo
1123 2261 1290 2342 errigendo
1321 2260 1384 2321 iarn
1414 2256 1552 2319 habeto
1578 2278 1625 2318 ar-

347 2370 440 2429 bores
473 2369 660 2449 assignatas,
691 2370 786 2429 haras
818 2372 858 2430 ad
890 2369 910 2430 5
941 2370 1103 2429 clausuras
1130 2369 1258 2429 basibus
1289 2377 1320 2428 et
1352 2366 1531 2446 pavimento
1554 2375 1626 2444 post

348 2479 464 2556 aliquot
495 2497 594 2537 annos
635 2476 794 2558 indigebit,
829 2477 1030 2558 foenilegium
1061 2477 1093 2536 in
1125 2475 1147 2534 4
1172 2465 1329 2537 'columnis
1371 2476 1541 2555 antiquum,
1574 2495 1624 2535 ca·

347 2603 465 2645 meram
491 2584 531 2644 ad
554 2585 634 2644 duas
657 2592 772 2662 portas,
788 2585 984 2664 reparatione
1008 2593 1078 2663 post
1103 2583 1221 2663 aliquot
1243 2593 1366 2661 tempus
1386 2583 1546 2663 indigebit,
1569 2603 1624 2660 pu·

348 2702 417 2752 teus
441 2692 516 2752 nihil
540 2693 632 2768 valet,
656 2694 816 2753 tornacem
840 2693 1010 2771 pistoream
1033 2693 1064 2751 in
1088 2692 1171 2751 malo
1195 2700 1287 2752 statu.
1313 2734 1320 2740 -

456 2800 507 2861 30.
539 2801 637 2862 Curia
668 2802 753 2882 prius
784 2800 1032 2875 lellachichiana,
1063 2802 1156 2860 modo
1180 2800 1363 2879 perillustris
1386 2799 1503 2860 domini
1536 2799 1626 2860 Pauli

348 2910 496 2989 Spissich,
512 2910 607 2969 incliti
631 2909 795 2969 comitatus
819 2907 1043 2987 Zagrabiensis
1066 2908 1190 2982 fiscalis,
1213 2907 1315 2967 diruta
1328 2926 1384 2986 per
1399 2907 1626 2987 negligentiam

349 3019 486 3097 priorum
510 3035 735 3095 possessorum,
767 3015 969 3095 foenilegium
1001 3016 1032 3074 in
1064 3025 1135 3075 octo
1167 3016 1319 3074 columnis
1345 3016 1471 3088 bonurn,
1502 3016 1628 3075 harulas

350 3127 493 3205 antiquas
518 3126 558 3185 ad
581 3132 688 3203 portas
712 3121 733 3182 3
757 3122 885 3182 basibus
908 3121 1096 3203 indigentes,
1120 3122 1301 3201 granarium
1326 3122 1486 3201 antiquum
1511 3122 1629 3180 bonum

351 3232 417 3293 sine
441 3233 523 3292 bono
546 3240 630 3291 tecto
654 3230 810 3290 assericio.

458 3334 509 3396 31.
534 3336 653 3396 Nobilis
677 3338 809 3395 loannes
833 3336 954 3416 Evang.
979 3336 1115 3411 Modich,
1132 3335 1290 3410 vexillifer,
1314 3335 1409 3395 habet
1431 3337 1558 3395 domum
1576 3354 1624 3395 an·

356 3444 472 3521 tiquam
496 3444 611 3504 bonam
625 3451 793 3524 angustam
817 3442 848 3503 in
873 3444 990 3503 ambitu
1005 3444 1088 3503 bono
1103 3451 1186 3503 tecto
1210 3462 1272 3503 non
1296 3442 1464 3522 provisam,
1481 3444 1628 3503 horreum

354 3550 512 3610 mediocre
535 3550 663 3611 basibus
688 3550 842 3630 indigens,
870 3552 964 3611 haras
989 3551 1030 3611 ad
1053 3550 1075 3609 4
1098 3552 1261 3611 clausuras
1292 3552 1392 3611 bonas
1415 3561 1486 3630 post
1516 3552 1634 3630 aliquot

355 3677 454 3718 annos
485 3658 612 3717 basibus
644 3666 675 3717 et
706 3656 885 3735 pavimento
915 3658 1076 3738 indigebit,
1104 3677 1261 3718 cameram
1295 3660 1335 3718 ad
1359 3660 1438 3719 duas
1462 3660 1633 3732 clausuras,

353 3766 482 3825 basibus
506 3764 595 3825 bonis
618 3774 713 3840 caret,
737 3765 872 3825 culinam
906 3766 1065 3845 antiquam
1089 3786 1161 3826 curn
1184 3767 1311 3826 fornace
1334 3767 1472 3845 pistorea
1494 3766 1525 3825 in
1548 3775 1633 3826 tecto

354 3872 551 3950 reparatione
575 3872 735 3953 indigebit,
759 3891 815 3952 pro
839 3873 1005 3933 maialibus
1028 3874 1113 3933 haris
1137 3882 1231 3934 caret„

462 3976 512 4039 32.
549 3979 645 4040 Curia
679 3982 806 4059 antiqua
829 3981 1024 4061 biangularis
1047 3981 1230 4060 perillustris
1254 3981 1370 4041 domini
1403 3982 1559 4041 substituti
1582 4000 1633 4042 co·

353 4086 436 4146 mitis
460 4086 543 4146 Petri
566 4088 692 4147 Modich
717 4089 914 4167 reparatione
939 4089 1053 4170 egebit,
1073 4089 1175 4149 culina
1190 4088 1257 4149 sine
1273 4089 1356 4149 bono
1372 4096 1464 4164 tecto,
1482 4108 1634 4149 caseacea

355 4194 447 4253 corbs
471 4194 501 4252 in
524 4194 607 4254 bono
627 4203 722 4270 statu,
745 4196 854 4256 fornax
879 4196 1017 4275 pistorea
1041 4197 1108 4257 sine
1131 4197 1213 4256 bono
1237 4204 1328 4256 tecto.
1391 4228 1393 4230 ·

460 4300 509 4361 33.
534 4303 654 4363 Nobilis
685 4305 822 4365 Mathias
854 4304 1019 4385 Glagolich
1043 4305 1137 4364 habet
1170 4306 1296 4364 domum
1321 4304 1480 4383 antiquam
1504 4304 1632 4363 basibus

354 4407 444 4468 bonis
460 4418 627 4485 carentem,
639 4411 784 4471 horreum
802 4414 961 4491 antiquum
978 4412 1073 4470 etiarn
1096 4411 1224 4471 basibus
1240 4412 1394 4491 indigens,
1406 4413 1500 4472 haras
1514 4412 1632 4472 anima-

358 4517 433 4576 lium
453 4518 499 4575 ad
531 4518 611 4577 duas
638 4519 799 4578 clausuras
830 4519 1010 4598 pavimento
1033 4528 1066 4579 et
1089 4518 1217 4579 basibus
1247 4520 1337 4580 bonis
1368 4528 1528 4594 carentes3
1558 4519 1633 4579 item

357 4625 466 4683 harula
501 4625 629 4703 antiqua
662 4644 699 4684 ex
732 4600 794 4685 una
817 4636 905 4705 parte
928 4627 996 4687 basi
1020 4627 1103 4687 bona
1127 4647 1189 4686 non
1213 4628 1348 4707 provisa,
1381 4646 1472 4687 secus
1495 4626 1527 4687 in
1550 4635 1633 4686 statu

356 4731 515 4805 mediocri,
546 4750 703 4792 cameram
738 4734 776 4792 ad
814 4734 892 4793 duas
923 4736 1084 4794 clausuras
1115 4736 1274 4813 antiquam
1302 4735 1333 4795 in
1357 4744 1441 4795 statu
1474 4736 1632 4811 mediocri,

357 4839 466 4899 barula
491 4842 620 4919 antiqua
645 4849 692 4901 est
716 4840 810 4900 etiam
834 4842 864 4901 in
882 4850 964 4902 statu
988 4844 1147 4921 mediocri,
1169 4852 1241 4924 post
1264 4846 1380 4924 aliquot
1404 4864 1503 4905 annos
1526 4856 1632 4905 tamen
