3934 5550
1535 387 1556 451 9

275 603 419 664 sionibus
440 611 470 664 et
501 603 751 664 attestationibus
783 603 876 665 iidem
906 614 1099 683 exponentes
1131 614 1162 665 et
1195 607 1406 685 supplicantes
1435 626 1556 666 summe

274 710 408 770 luissent
424 711 603 784 necessarii,
620 712 831 772 confectarum
856 722 887 772 et
911 722 1170 787 emmanatarum,
1195 733 1232 773 ac
1255 715 1314 793 ipsi
1338 714 1473 793 capitulo
1496 716 1557 774 Za·

278 818 437 898 grabiensi
469 819 656 896 sonantium,
691 820 721 880 in
755 819 906 881 Crisiensi
931 829 962 881 et
985 821 1193 900 Zagrabiensi
1225 821 1424 882 comitatibus
1448 841 1555 900 proce·

278 927 397 1003 dentes,
421 926 670 1006 quadringentos
694 947 732 988 ac
755 928 921 1008 sexaginta
945 936 976 988 et
999 948 1113 988 novem
1130 928 1249 988 nobiles
1274 930 1313 988 ad
1337 929 1432 988 fidem
1448 947 1555 988 eorum

276 1035 335 1093 deo
360 1035 506 1108 debitam,
537 1036 780 1115 fidelitatemque
812 1037 902 1096 nobis
932 1045 963 1096 et
996 1056 1107 1097 sacrae
1140 1056 1275 1097 coronae
1300 1047 1426 1096 nostrae
1450 1038 1555 1097 obser·

279 1141 424 1219 vendam,
456 1162 550 1222 super
584 1163 630 1218 eo,
655 1143 756 1221 qualis
787 1144 906 1204 eisdem
939 1144 971 1203 in
1002 1144 1183 1222 praemissis
1214 1153 1373 1204 constaret
1404 1145 1556 1204 certitudo

277 1249 424 1320 veritatis,
457 1251 622 1330 requisitos
646 1259 677 1311 et
701 1252 895 1311 examinatos
928 1252 1120 1325 habuissent,
1152 1261 1224 1311 tunc
1256 1252 1351 1312 iidem
1382 1251 1501 1312 nobiles
1524 1253 1555 1311 in

278 1358 447 1436 praetactis
469 1359 566 1418 literis
590 1359 688 1440 ipsius
712 1360 838 1439 capituli
863 1360 1016 1420 ecclesiae
1043 1360 1267 1438 Zagrabiensis
1290 1361 1437 1439 specifice
1460 1362 1553 1421 deno·

277 1466 394 1540 minati,
418 1465 489 1527 licet
514 1467 608 1527 variis
633 1475 663 1526 et
686 1467 819 1527 diversis
842 1468 1011 1528 verborum
1034 1469 1092 1526 sub
1116 1468 1231 1542 formis,
1248 1468 1312 1528 fere
1329 1477 1436 1528 tamen
1459 1488 1552 1528 unam

276 1581 306 1632 et
341 1575 473 1634 eandem
510 1575 696 1634 sententiam
728 1574 1036 1653 repraesentantibus
1060 1582 1154 1653 atque
1184 1575 1395 1656 tangentibus,
1417 1575 1494 1635 sassi
1525 1584 1556 1636 et

276 1681 413 1741 attestati
437 1682 620 1758 extitissent,
644 1691 834 1742 memoratos
851 1683 1027 1760 praediales
1043 1684 1084 1742 ad
1101 1683 1284 1742 memoriam
1300 1702 1408 1744 eorum
1432 1703 1555 1761 semper

275 1789 395 1849 nobiles
419 1798 450 1850 et
473 1790 586 1850 liberos
610 1790 715 1866 luisse,
739 1799 770 1850 et
793 1792 954 1850 castellum
979 1810 1104 1869 quoque
1128 1792 1305 1851 Lukawecz
1328 1800 1555 1869 praenotatum,

276 1898 305 1956 in
330 1897 422 1964 terris
446 1917 554 1957 eorum
579 1898 711 1977 propriis
735 1906 820 1958 metu
845 1899 1040 1958 Thurcorum
1058 1897 1252 1973 aedificasse,
1276 1899 1332 1958 sed
1355 1916 1411 1976 per
1435 1899 1556 1979 magni·

276 2007 367 2064 licum
392 2006 550 2083 quondam
574 2007 722 2066 loannem
747 2006 845 2064 Thwz
870 2006 909 2064 de
932 2007 1008 2079 bak,
1032 2007 1160 2066 eosdem
1192 2005 1321 2080 nobiles,
1344 2006 1397 2084 qui
1421 2007 1555 2066 subven-

275 2113 368 2172 tionis
401 2121 432 2172 et
463 2113 592 2174 subsidii
625 2131 722 2172 causa
754 2132 830 2192 erga
864 2113 965 2190 ipsum
998 2111 1199 2192 confugisset,
1224 2122 1256 2173 et
1279 2112 1397 2173 eisdem
1422 2114 1555 2174 loannes

274 2221 341 2298 ipse
365 2222 455 2280 Thuz
479 2221 652 2280 duodecem
675 2221 810 2281 famulos
834 2239 908 2280 suos
940 2240 1011 2279 cum
1042 2220 1197 2299 pixidibus
1232 2239 1289 2299 pro
1324 2220 1477 2280 solutione
1513 2222 1555 2299 ip·

276 2347 381 2388 sorum
416 2328 564 2389 nobilium
597 2329 741 2405 misisset,
765 2335 835 2407 post
859 2329 1055 2388 Thurcorum
1087 2345 1249 2388 recessum.
1270 2329 1398 2387 castello
1422 2329 1462 2388 de
1486 2329 1555 2407 ipso

277 2437 421 2496 exclusos
445 2435 550 2510 luisse,
575 2454 634 2495 nec
658 2436 792 2494 eundem
825 2435 971 2494 loannem
1001 2435 1099 2493 Thwa
1124 2435 1256 2514 amplius
1280 2433 1401 2494 nobiles
1424 2455 1554 2514 praeno-

274 2552 357 2602 tatos
381 2543 412 2602 in
435 2544 597 2602 castellum
621 2543 722 2620 ipsum
738 2541 913 2615 immisisse,
938 2550 968 2601 et
993 2541 1032 2601 ab
1057 2562 1094 2602 eo
1118 2552 1258 2619 tempore
1282 2542 1412 2602 eosdem
1434 2543 1554 2602 nobiles

276 2650 316 2710 ad
340 2650 422 2710 idern
447 2651 608 2710 castellum
634 2651 810 2709 Lulrawecz
829 2660 860 2709 et
878 2658 1015 2710 castrum
1040 2650 1234 2709 Medwewar
1256 2649 1384 2709 servitia
1407 2651 1553 2710 exhibere

274 2758 451 2836 compulsos
483 2765 514 2818 et
545 2764 671 2818 coactos
703 2757 849 2819 extitisse.
882 2757 947 2818 Nos
971 2757 1065 2838 igitur
1088 2757 1249 2817 humilima
1278 2755 1375 2836 ipsius
1399 2757 1553 2817 Matthaei

274 2867 386 2927 literati
410 2868 606 2943 Zalathnoky
631 2866 864 2945 supplicatione,
889 2885 944 2944 per
961 2867 1095 2926 eundern
1112 2866 1288 2927 nominibus
1304 2884 1435 2945 quorum
1459 2885 1554 2944 supra

275 2974 430 3034 maiestati
461 2982 587 3034 nostrae
619 2982 772 3052 porrecta,
804 2973 891 3053 regia
924 2972 1117 3053 benignitate
1148 2974 1303 3048 exaudita,
1327 2974 1497 3033 clementer
1523 2983 1555 3033 et

278 3081 425 3155 admissa,
450 3076 660 3160 praescriptas
684 3081 789 3140 literas
813 3080 886 3139 dicti
902 3081 1029 3159 capituli
1053 3080 1205 3141 ecclesiae
1228 3079 1452 3161 Zagrabiensis
1476 3089 1553 3141 atte-

278 3190 433 3265 statoriaS,
470 3190 500 3249 in
532 3189 775 3267 praedeclaratis
811 3188 906 3249 literis
942 3188 1174 3249 adiudicatoriis
1209 3198 1241 3248 et
1275 3189 1552 3249 sententionalibus

277 3297 408 3375 praelati
440 3296 511 3356 olim
544 3296 661 3356 domini
696 3289 871 3355 Ludowici⁴
894 3296 978 3375 regis
1003 3295 1190 3373 descriptive
1214 3303 1245 3355 et
1268 3296 1457 3356 declarative
1481 3316 1553 3356 con-

274 3412 386 3477 tentas,
417 3423 480 3464 non
512 3404 651 3480 abrasas,
684 3423 746 3462 non
778 3404 976 3476 cancellatas
1000 3421 1103 3482 neque
1128 3402 1158 3461 in
1183 3403 1287 3481 aliqua
1318 3403 1366 3462 sui
1389 3412 1477 3481 parte
1502 3423 1552 3462 su·

275 3522 408 3591 spectas,
440 3513 497 3572 sed
532 3512 615 3571 omni
639 3530 767 3590 prorsus
791 3511 865 3571 vitio
890 3520 921 3571 et
944 3511 1121 3589 suspicione
1145 3520 1297 3585 carentes,
1321 3511 1552 3589 praesentibus-

276 3638 337 3698 que
360 3620 456 3681 literis
480 3619 594 3679 nostris
619 3619 657 3678 de
682 3619 778 3678 verbo
803 3619 842 3678 ad
867 3617 998 3679 verbum
1022 3618 1089 3677 sine
1110 3617 1313 3677 diminutione
1337 3626 1368 3677 et
1384 3629 1554 3699 augmento

277 3728 402 3806 aliquali
426 3727 561 3787 insertas
585 3734 616 3785 et
640 3726 814 3805 inscriptas,
839 3726 942 3804 quoad
967 3744 1078 3784 omnes
1102 3742 1211 3784 earum
1234 3724 1450 3800 continentias,
1470 3728 1554 3786 clau·

277 3836 362 3894 sulas
393 3842 424 3893 et
459 3833 615 3905 articulos
647 3842 786 3907 eatenuS,
818 3842 973 3912 quatenus
1005 3832 1139 3892 eaedem
1164 3830 1220 3891 rite
1256 3842 1286 3891 et
1321 3833 1459 3912 legitime
1491 3835 1554 3894 exi·

276 3950 359 4003 stunt
384 3951 557 4018 emanatas,
582 3940 760 4019 viribusque
785 3960 893 4000 earum
918 3941 1034 4002 veritas
1058 3941 1258 4019 suffragatur,
1281 3949 1375 4018 ratas,
1392 3950 1499 4021 gratas
1524 3954 1555 4002 et

279 4060 425 4129 acceptas
449 4050 610 4121 habentes
636 4049 887 4127 approbavimus,
919 4048 1152 4121 ratificavimus,
1177 4067 1213 4107 ac
1237 4048 1343 4108 omnia
1376 4056 1407 4108 et
1430 4049 1554 4129 singula

276 4158 306 4217 in
331 4157 449 4217 eisdem
472 4164 627 4228 contenta,
643 4175 699 4233 pro
723 4155 872 4234 praefatis
896 4156 1058 4215 Matthaeo
1074 4155 1197 4215 literato
1220 4155 1425 4232 Zalathnoky,
1441 4158 1553 4217 lacobo

275 4272 306 4323 et
330 4264 434 4323 Blasio
458 4264 650 4353 Pogledych,
684 4264 878 4341 coeterisque
903 4262 1089 4340 supradictis
1121 4262 1276 4321 nobilibus
1299 4262 1411 4341 Campi
1435 4265 1553 4344 Zagra·

274 4372 399 4447 biensis,
425 4372 676 4449 haeredibusque
700 4380 732 4430 et
763 4370 998 4449 posteritatibus
1023 4371 1192 4430 eorundem
1218 4370 1379 4443 universis,
1403 4382 1553 4450 perpetuo

276 4479 424 4539 valituras
448 4479 587 4558 gratiose
620 4478 882 4551 confirmavimus
906 4477 1002 4536 immo
1027 4487 1237 4554 acceptamus
1262 4480 1481 4555 approbamus,
1505 4501 1554 4540 ra·

277 4586 432 4645 tificamus
471 4595 502 4644 et
534 4584 755 4644 confirmamus
787 4584 875 4643 salvo
915 4584 980 4643 iure
1013 4584 1123 4658 alieno,
1154 4604 1190 4643 ac
1222 4584 1247 4643 si
1277 4592 1308 4643 et
1339 4585 1369 4644 in
1404 4596 1554 4665 quantum

275 4694 368 4755 iidem
399 4694 430 4753 in
462 4712 521 4753 usu
552 4692 673 4765 fuerint,
706 4692 815 4753 harum
847 4700 1034 4768 nostrarum,
1065 4711 1144 4770 quas
1169 4702 1290 4752 secreto
1314 4693 1415 4772 sigillo
1438 4704 1554 4771 nostro,

275 4821 336 4880 quo
368 4810 460 4880 prout
490 4820 544 4861 rex
575 4801 759 4881 Hungariae
784 4800 898 4860 utimur
926 4800 1117 4879 impendenti
1141 4801 1325 4861 communiri
1348 4803 1487 4878 fecimus,
1511 4806 1554 4863 vi-

276 4928 352 4989 gore
377 4918 408 4969 et
432 4908 610 4969 testimonio
635 4908 791 4967 literarum
818 4907 984 4971 mediante.
1018 4908 1131 4966 Datum
1159 4908 1307 4982 Viennae,
1331 4909 1453 4969 decimo
1484 4931 1554 4990 sep-
