3934 5550
1489 454 1554 516 465

276 670 390 753 genda,
414 680 507 751 atque
532 690 661 731 numero
685 682 845 749 portarum
868 668 1085 729 Croaticarum
1110 670 1191 728 intra
1213 669 1442 731 iurisdictiones
1465 672 1555 730 recti·

276 781 399 839 licando
431 790 552 858 agatur,
588 781 618 839 id
654 798 728 839 vero
754 780 873 859 absque
897 778 988 856 regni
1012 778 1266 857 congregationis
1289 780 1466 839 interventu
1489 780 1557 839 lieri

275 896 420 966 nequeat,
451 888 630 947 necessario
662 894 759 946 totum
793 886 891 946 isthoc
924 886 1069 945 meritum
1097 894 1169 945 ante
1193 886 1297 945 omnia
1321 888 1351 945 in
1375 888 1444 966 ipsa
1468 888 1555 967 regni

277 995 532 1076 congregatione,
566 995 617 1053 ubi
652 994 765 1072 Campi
789 993 959 1072 Turopolja
988 1001 1104 1053 statuta
1134 994 1285 1052 hactenus
1315 995 1410 1053 etiam
1434 1014 1557 1073 semper

277 1102 454 1162 confirmari
487 1103 639 1181 solebant,
674 1102 792 1160 assumi
825 1110 857 1161 et
888 1101 1081 1180 pertractari,
1112 1101 1321 1179 principaliter
1353 1121 1428 1162 vero
1460 1104 1557 1163 comi-

276 1218 361 1269 tatus
395 1208 636 1289 Zagrabiensis,
672 1209 711 1267 de
750 1208 847 1297 cuius
873 1208 1049 1268 territoriali
1083 1208 1262 1287 integritate
1298 1212 1488 1271 coarctanda
1527 1221 1557 1270 et

277 1317 496 1397 restringenda
529 1334 632 1375 sermo
667 1324 724 1392 est,
760 1316 860 1375 audiri
897 1316 1034 1388 deberet,
1069 1316 1216 1393 quoniam
1241 1335 1332 1375 secus
1356 1319 1556 1396 quaestiones

278 1426 371 1483 ductu
404 1423 523 1483 articuli
557 1420 607 1484 58.
640 1419 732 1484 1790.
756 1423 846 1481 unice
879 1422 919 1481 ad
951 1422 1039 1501 regni
1064 1422 1343 1501 congregationem
1367 1433 1554 1503 spectantes,

278 1532 321 1590 uti
345 1539 418 1590 sunt
440 1530 662 1589 correlationes
678 1529 793 1607 Campi
816 1528 988 1606 Turopolja
1012 1548 1082 1587 cum
1106 1529 1175 1607 ipsa
1200 1530 1288 1610 regni
1309 1532 1556 1611 congregatione

277 1640 408 1717 ipsaque
430 1638 522 1697 huius
546 1636 738 1696 coordinatio
762 1636 899 1695 indebite
920 1654 1048 1713 prorsus
1073 1635 1130 1694 sub
1155 1636 1321 1695 diaetalem
1346 1638 1556 1714 provisionem

277 1747 481 1819 traherentur,
514 1746 553 1804 de
588 1746 725 1803 antelato
757 1751 861 1802 autem
895 1743 1044 1801 comitatu
1075 1742 1142 1801 sine
1173 1743 1224 1802 illo
1260 1752 1369 1803 contra
1400 1746 1557 1805 cardinale

278 1851 536 1912 constitutionalis
569 1851 720 1910 libertatis
752 1850 936 1928 principium
971 1858 1125 1929 ageretur,
1157 1850 1265 1927 sicque
1298 1852 1365 1929 ipse
1388 1852 1439 1911 hic
1463 1854 1557 1911 comi-

276 1970 359 2019 tatus
393 1961 423 2019 in
456 1959 623 2018 obversum
657 1958 758 2017 omnis
785 1957 919 2016 iustitiae
944 1966 975 2016 et
1000 1957 1165 2035 aequitatis
1189 1957 1363 2017 indubitato
1387 1979 1445 2018 suo
1468 1961 1557 2019 terri·

277 2068 355 2126 torio
380 2067 542 2147 signanter
566 2084 641 2124 vero
665 2064 939 2124 communitatibus
965 2064 1080 2123 talibus
1111 2064 1305 2143 spoliaretur,
1338 2084 1470 2144 quarum
1502 2068 1557 2126 de-

278 2193 386 2233 cessus
411 2172 560 2252 spectatis
594 2172 779 2251 praesertim
804 2172 843 2230 ad
868 2180 1064 2248 transportus
1089 2171 1229 2248 publicos
1261 2172 1416 2250 requisitis
1441 2174 1558 2233 viribus

277 2282 421 2342 residuae
445 2299 612 2359 processus
636 2280 851 2340 Transsavani
875 2279 1082 2338 contribuenti
1106 2280 1188 2357 plebi
1212 2281 1407 2357 potissimum
1430 2301 1467 2340 ex
1482 2284 1557 2341 ban-

277 2388 441 2449 derialistis
457 2389 693 2466 praeiuncturas
709 2396 870 2465 praestare
895 2405 956 2445 non
970 2386 1116 2466 obligatis
1132 2387 1323 2464 consistenti,
1340 2407 1461 2448 summe
1486 2409 1554 2448 sen·

277 2497 372 2556 sibilis
397 2497 554 2558 evaderet.

384 2605 505 2663 Motiva
528 2604 607 2665 haec
630 2603 741 2663 intuitu
765 2603 928 2681 quaesitae
952 2601 1066 2680 Campi
1090 2602 1261 2680 Turopolja
1294 2604 1559 2681 excorporationis

277 2722 308 2772 ct
332 2713 372 2772 ad
396 2712 573 2771 distinctam
597 2711 782 2790 penitusque
806 2711 1070 2790 independentcm
1104 2710 1346 2770 iurisdictionem
1375 2712 1558 2772 elevationis

276 2821 427 2898 tantisper
451 2820 641 2879 differendae
674 2839 711 2878 eo
745 2820 814 2898 plus
845 2818 994 2878 momenti
1019 2818 1076 2876 sibi
1100 2818 1276 2891 vendicant,
1305 2819 1332 2877 si
1356 2821 1559 2896 expendatur,

278 2929 361 3006 quod
384 2947 448 2987 una
472 2947 488 2986 e
513 2927 690 3004 praecipuis
714 2927 754 2985 sit
776 2927 947 2985 modernae
978 2924 1184 3004 legislationis
1216 2925 1383 3000 tendentia,
1417 2935 1449 2984 ut
1473 2926 1559 2985 terri-

277 3036 394 3094 torialis
430 3033 609 3108 iurisdictio,
643 3035 818 3112 ubicunque
850 3035 930 3094 haec
963 3034 1208 3113 privilegialibus
1242 3052 1366 3112 quoque
1391 3035 1558 3111 exemptio·

279 3144 370 3202 nibus
394 3144 546 3202 hactenus
577 3143 687 3202 luisset
716 3142 874 3219 impedita,
899 3143 1026 3201 remotis
1049 3142 1097 3200 his
1122 3142 1291 3200 obstaculis
1316 3143 1355 3201 ad
1379 3142 1507 3219 quosvis
1530 3143 1561 3200 in

277 3251 398 3330 gremio
430 3251 581 3329 degentes
615 3249 731 3308 incolas
764 3247 1030 3307 indiscriminatim
1064 3249 1257 3322 extendatur,
1285 3249 1369 3327 quod
1393 3249 1425 3307 in
1448 3268 1555 3309 casum

278 3357 440 3416 distinctae
465 3357 495 3414 in
520 3356 687 3416 meditullio
705 3357 869 3415 comitatus
885 3355 1108 3434 Zagrabiensis
1133 3356 1303 3434 erigendae
1327 3355 1559 3430 iurisdictionis,

278 3483 358 3542 quae
383 3471 428 3522 tot
452 3464 609 3540 tantisque
634 3463 929 3522 iurisdictionalibus
949 3462 1153 3535 conflictibus,
1178 3471 1271 3540 atque
1296 3466 1340 3522 sic
1365 3463 1559 3522 administru-

279 3571 370 3630 tionis
394 3571 536 3648 publicae
561 3571 785 3648 perturbationi
809 3570 975 3648 praeberet
1000 3589 1118 3641 ansam,
1146 3569 1327 3648 neutiquam
1360 3571 1460 3628 locum
1495 3589 1560 3628 sor-

278 3680 394 3752 tiretur,
426 3687 460 3736 ut
491 3679 570 3738 adeo
601 3698 737 3758 magnae
771 3678 810 3736 sit
841 3677 1026 3755 questionis:
1059 3697 1100 3735 an
1123 3684 1266 3754 spectata
1289 3677 1362 3735 boni
1387 3678 1561 3737 communis

279 3787 408 3860 ratione,
433 3794 464 3844 et
488 3806 569 3864 quae
594 3806 665 3845 cum
689 3788 749 3844 hoc
773 3785 1057 3865 indispensabiliter
1085 3785 1190 3843 iuncta
1213 3794 1261 3843 est
1286 3784 1561 3845 administrationis

279 3894 422 3971 publicae
454 3893 663 3953 uniformitate
689 3913 726 3953 ac
742 3893 986 3974 promptitudine
1009 3892 1107 3952 multo
1130 3892 1301 3951 consultius
1324 3911 1387 3950 non
1405 3892 1492 3969 toret,
1516 3893 1561 3969 ip·

279 4002 352 4075 sius,
375 4020 457 4080 quae
492 4001 627 4079 alioquin
659 4021 698 4061 ex
729 4001 955 4079 compromisso
977 4019 1059 4060 anno
1088 3997 1180 4059 1560.
1204 3998 1279 4058 inito
1303 4007 1334 4057 et
1358 4017 1440 4058 anno
1469 3996 1561 4060 1582.

280 4107 513 4187 privilegialiter
538 4109 721 4168 confirmato
743 4110 784 4169 ad
799 4109 919 4168 nobiles
937 4109 1099 4170 dumtaxat
1115 4106 1283 4186 gremiales
1300 4107 1450 4185 restricta,
1467 4108 1560 4166 adeo-

281 4234 341 4293 que
366 4216 406 4273 ad
430 4215 584 4294 ignobiles
615 4216 801 4294 plebemque
825 4217 1075 4276 contribuentem
1107 4233 1178 4274 sese
1201 4215 1285 4273 haud
1317 4215 1475 4288 refferens,
1508 4217 1562 4274 ad·

280 4339 379 4398 usque
404 4322 497 4381 etiam
520 4323 707 4400 incomplete
732 4324 832 4382 solum
856 4324 888 4382 in
911 4323 1035 4400 Campo
1051 4321 1222 4399 Turopolja
1245 4321 1448 4399 praeexstitit,
1472 4321 1560 4379 iuris-

280 4427 422 4490 dictionis
446 4437 611 4506 separatae
628 4429 766 4508 speciem
781 4431 897 4504 tollere,
909 4430 1092 4508 nobilesque
1107 4429 1221 4506 Campi
1237 4428 1408 4505 Turopolja
1425 4428 1560 4504 (sublata

281 4536 435 4612 privativa
459 4537 629 4595 eorundem
662 4536 916 4615 municipalitate,
941 4557 977 4596 ac
1001 4538 1054 4597 tali
1079 4536 1320 4615 organisatione,
1345 4555 1442 4613 penes
1466 4556 1560 4615 quam

280 4643 430 4721 amphibii
452 4644 551 4703 instar
575 4664 593 4702 a
617 4645 782 4704 comitatus
814 4646 1038 4724 Zagrabiensis
1062 4645 1248 4723 magistratu
1279 4643 1405 4722 quidem
1438 4645 1561 4719 exemti,

280 4750 311 4808 in
335 4753 475 4810 eiusdem
501 4759 639 4811 attamen
673 4752 839 4812 comitatus
871 4752 1093 4831 congressibus
1117 4753 1165 4810 ius
1189 4750 1252 4809 voti
1276 4750 1334 4808 sibi
1360 4751 1561 4829 appropriare

281 4859 397 4934 volunt)
430 4878 501 4918 cum
526 4859 658 4918 caeteris
685 4861 850 4920 comitatus
874 4859 1098 4939 Zagrabiensis
1122 4859 1274 4920 nobilibus
1300 4859 1472 4936 aequaliter
1496 4878 1560 4917 ma-

280 4965 423 5044 gistratui
448 4966 642 5027 comitatensi
661 4968 828 5042 'subiicere
855 4967 1019 5044 taliterque
1044 4967 1198 5055 suffocare
1222 4984 1330 5024 semen
1354 4966 1427 5024 illud
1451 4986 1561 5043 perpe-

1457 5088 1491 5140 30
