3934 5550
356 366 425 430 556

356 583 523 643 maledicto
548 590 580 644 et
602 582 752 656 infernali,
787 582 840 663 qui
863 582 895 641 in
919 583 1054 662 genibus
1089 590 1260 643 torturatae
1293 591 1358 642 toto
1389 591 1528 642 torturae
1561 591 1638 643 tem·

356 711 440 768 pore,
465 691 508 750 uti
539 691 651 752 eadem
683 690 819 750 iustitiae
851 690 1009 750 executori
1041 691 1195 751 retulisset
1228 698 1259 752 et
1291 691 1471 766 revelasset,
1496 691 1635 765 sedebat,

356 798 439 877 loqui
473 799 557 858 haud
591 797 747 876 permissa
780 797 899 870 fuisset,
934 799 1077 876 adeoque
1108 799 1245 860 totaliter
1268 799 1403 859 tacendo
1426 799 1521 858 fidem
1545 817 1635 858 suam

356 906 467 980 eidem,
498 906 547 966 cui
577 906 745 978 iuraverat,
780 912 961 965 constanter
993 905 1200 968 conservavit.
1236 907 1344 982 Quare
1378 915 1485 966 tamen
1521 905 1634 966 virtute

355 1015 482 1091 praevie
514 1014 736 1092 productorum
767 1014 963 1073 torturalium
994 1014 1181 1087 examinum,
1217 1033 1311 1093 quam
1344 1023 1375 1074 et
1403 1013 1511 1074 ultimo
1535 1013 1634 1074 nomi·

355 1129 448 1182 natae
480 1130 650 1182 torturatae
683 1121 745 1194 bis,
776 1121 913 1200 nihilque
945 1121 1080 1196 fatentis,
1112 1122 1250 1201 quinimo
1281 1121 1312 1182 in
1345 1121 1406 1182 lide
1431 1121 1556 1181 diabolo
1580 1139 1637 1180 suo

357 1229 430 1288 data
461 1229 581 1289 fortiter
614 1229 854 1308 perseverantis,
886 1247 1020 1309 seseque
1053 1229 1251 1291 manifestam
1282 1249 1395 1309 sagam
1420 1227 1571 1304 facientis,
1595 1228 1636 1288 de

358 1335 469 1396 iisdem
492 1336 635 1396 omnibus
659 1337 691 1396 iu
714 1355 843 1396 causam
869 1337 1009 1397 attractis
1032 1338 1126 1398 finale
1150 1338 1326 1416 expostulat
1348 1336 1506 1398 iudicium.

466 1461 678 1522 Deliberatum
703 1470 759 1537 est,
781 1462 939 1540 productis
962 1461 1123 1542 premissis
1140 1463 1339 1523 torturalibus
1356 1462 1638 1540 suprascriptarum

360 1567 617 1644 confessionibus,
641 1570 874 1648 earundemque
909 1570 1067 1649 gravitate
1092 1570 1133 1630 ad
1156 1570 1291 1650 legalem
1317 1578 1348 1630 et
1371 1569 1534 1629 iuridicam
1568 1587 1640 1628 con-

360 1675 583 1736 siderationem
607 1677 736 1737 reducta
760 1685 791 1737 et
814 1679 1020 1739 accomodata
1043 1677 1210 1738 manifesta
1233 1677 1346 1738 delicta
1370 1677 1505 1758 magica,
1529 1684 1561 1736 et
1584 1677 1637 1736 ab·

362 1783 562 1861 negationem
586 1784 636 1844 dei
660 1784 881 1864 omnipotentis
904 1786 1072 1846 salvatoris
1095 1786 1194 1846 nostri
1223 1805 1278 1864 per
1308 1785 1436 1846 easdem
1468 1783 1638 1845 exercitam

361 1891 535 1970 comperiri,
569 1912 667 1972 quare
699 1901 745 1954 tot
779 1902 811 1953 et
839 1895 932 1954 tantis
965 1895 1136 1954 earundem
1168 1893 1338 1954 sceleribus
1371 1901 1402 1952 et
1433 1893 1553 1953 delictis
1576 1909 1639 1952 non

363 1999 447 2058 aliud
470 1999 677 2080 exigentibus,
701 2021 795 2080 quarn
820 2003 948 2062 easdem
973 2002 1066 2062 solita
1090 2021 1201 2081 poena,
1218 2020 1296 2081 rogo
1312 1999 1525 2082 (quantumvis
1549 2017 1639 2078 aspe-

363 2106 476 2167 riorem
500 2107 594 2167 etiam
618 2110 767 2170 nonnulla
790 2129 829 2170 ex
851 2109 963 2171 iisdem
988 2119 1079 2190 prout
1103 2131 1138 2171 ex
1165 2110 1307 2171 examine
1342 2118 1374 2170 et
1398 2109 1547 2169 relatione
1570 2125 1638 2186 per-

363 2223 433 2275 acta
457 2224 587 2293 pateret,
611 2236 746 2296 poenam
769 2219 958 2296 promeritae
975 2219 1159 2295 extitissent,
1183 2217 1380 2280 nihilominus
1404 2217 1548 2276 diuturno
1573 2235 1639 2275 car·

363 2340 469 2384 cerum
500 2325 655 2402 squalore,
686 2325 873 2406 frigorisque
902 2345 1054 2406 perpesso
1087 2327 1191 2406 rigore
1214 2326 1247 2386 in
1271 2326 1472 2386 reflexionem
1496 2323 1638 2402 sumptis)

362 2431 491 2509 praevia
514 2432 720 2494 suffocatione
743 2435 930 2495 cremandas
953 2435 1090 2497 decerni.

853 2579 915 2638 Per
937 2599 988 2640 me
1011 2578 1247 2659 sigismundum
1270 2578 1425 2650 Skerlecz,
1451 2576 1595 2636 comitem

823 2741 827 2751 ,
897 2695 1078 2748 terrestrem
1102 2707 1142 2748 m.
1167 2707 1195 2766 p.

470 2884 516 2942 in
554 2884 712 2942 dorso:
753 2885 924 2944 Processus
959 2883 1183 2944 Chelichianae
1219 2884 1384 2961 Quinticze
1421 2882 1576 2960 Krapicae
1613 2890 1644 2941 et

363 2987 549 3069 Gyurachk²
572 3012 642 3052 curn
666 2992 714 3051 sui
738 2993 922 3054 accessoriis
953 2993 1003 3052 die
1028 2991 1079 3057 24.
1096 2993 1211 3053 mensis
1236 2992 1415 3054 novembris
1439 3008 1522 3051 anno
1551 2985 1644 3051 1733.

364 3101 545 3165 ceiebratus.

469 3276 623 3347 Originale.
650 3280 680 3331 ln
708 3279 822 3333 archivo
848 3295 990 3333 commun.
1016 3280 1083 3332 nob.
1108 3278 1145 3333 de
1169 3277 1336 3348 Turopolje:
1355 3276 1511 3329 Processus
1531 3274 1599 3327 fasc.
1618 3272 1643 3326 8.

364 3368 433 3421 Nro.
451 3367 476 3421 9.

475 3533 484 3563 ¹
505 3532 581 3593 1733.
620 3534 630 3562 ²
648 3536 697 3595 sie.

934 3721 952 3761 tt
1065 3720 1084 3760 tr

1001 3768 1019 3805 rr

473 3923 566 3982 Anno
593 3920 685 3986 1733.
709 3920 738 3983 9.
764 3920 967 3982 octobris-
992 3920 1042 3981 22.
1068 3918 1252 3979 decembris.

370 4066 557 4129 Processus
580 4066 701 4128 contra
732 4060 993 4148 Margarethum
1018 4058 1202 4137 Korenika,
1233 4056 1403 4122 Matthaei
1427 4051 1648 4119 Bartolchich

366 4172 471 4237 aliter
486 4172 656 4257 Reposcja,
674 4170 868 4235 Barbarum
886 4168 1032 4233 Ioartnis
1048 4164 1273 4245 Rudinovich,
1293 4163 1489 4229 Barbarum
1506 4160 1649 4226 Ioannis

369 4279 524 4365 Bogdan,
548 4279 743 4343 Barbarum
769 4276 948 4355 l'ukovictr,
974 4275 1119 4357 Georgii
1142 4270 1333 4349 Ladissicb,
1362 4269 1553 4335 Barbarum
1581 4268 1648 4333 Mc·

368 4385 536 4451 hanovictt
559 4386 660 4449 aliter
683 4385 833 4464 Maidak,
858 4384 1002 4448 [oannis
1018 4383 1162 4469 Magyer
1185 4382 1368 4457 consortes,
1392 4376 1431 4442 ob
1454 4380 1554 4441 actus
1576 4396 1648 4439 ma·

769 4494 868 4579 gicos
891 4491 1072 4555 incusatos
1095 4490 1238 4575 (sagas).

476 4678 568 4738 Anno
603 4676 720 4736 domini
759 4672 853 4737 1733.
886 4676 936 4735 die
966 4672 996 4736 9.
1032 4671 1148 4732 mensis
1182 4669 1327 4743 octobris,
1357 4668 1386 4727 in
1420 4667 1513 4728 domo
1539 4662 1651 4724 nobilis

369 4786 458 4846 Pauli
482 4786 599 4863 Koosz‚
630 4785 736 4844 famuli
767 4782 999 4844 communitatis
1024 4780 1172 4841 nobilium
1197 4779 1236 4838 de
1260 4774 1427 4850 Verhovje,
1451 4771 1651 4853 possessione

368 4894 582 4972 Dragonoscz,
613 4891 822 4952 iurisdictione
854 4890 968 4969 Campi
998 4888 1178 4966 Turopolya
1210 4893 1241 4945 et
1273 4884 1420 4944 comitatu
1443 4877 1651 4960 Zagrabiensi
