3934 5550
1503 427 1564 495 153

284 654 328 709 ut.
341 646 373 709 in
396 646 509 727 Degoy
533 656 746 727 compareant,
770 658 801 709 et
824 666 881 726 pro
904 655 1038 725 quatuor
1062 656 1117 707 aut
1139 647 1277 727 quinque
1301 647 1412 708 diebus
1436 648 1476 707 de
1499 648 1562 707 vic·

283 754 419 815 tualibus
443 772 550 815 secum
575 754 726 817 adferant.
750 754 816 815 Nos
840 770 916 813 vero
939 752 1011 815 hinc
1035 760 1105 831 post
1128 753 1294 831 prandium
1318 754 1515 814 movebimus
1532 763 1565 814 et

283 861 315 921 in
338 862 537 923 Hrusseuecz
568 861 743 923 ultroneum
775 878 932 921 rumorem
961 860 1232 940 praestolabimur.
1256 860 1290 921 In
1313 860 1432 939 reliquo
1456 862 1563 921 valeat

281 967 490 1031 foelicissime.

387 1075 422 1139 P.
445 1074 476 1138 S.
499 1074 562 1135 Koi
585 1094 641 1135 szu
665 1074 756 1136 blisni
779 1077 861 1135 neka
885 1076 915 1137 bi
938 1075 1005 1135 taki
1027 1084 1113 1135 tamo
1137 1070 1295 1137 setuuali¹.

387 1183 536 1245 Eiusdem
562 1202 585 1263 g
616 1184 644 1246 d
668 1192 801 1246 vestrae.

387 1290 513 1367 Selliny‚
538 1289 567 1351 5.
592 1291 718 1371 augusti
746 1288 838 1352 1680.

386 1399 426 1458 ln
459 1398 600 1458 dorso:
634 1398 797 1458 Generoso
829 1398 955 1459 domino
986 1398 1148 1477 Stephano
1184 1400 1375 1480 Pogledych,
1410 1402 1561 1461 universi-

278 1506 353 1567 tatis
377 1504 526 1566 nobilium
550 1504 663 1583 Campi
688 1506 857 1583 Turopoiia
880 1506 984 1566 comiti
1008 1507 1147 1566 terrestri
1170 1516 1237 1580 etc,
1261 1508 1364 1569 amico
1391 1510 1561 1569 observan-

281 1614 418 1676 dissime

279 1735 431 1791 Citissime.

278 1808 431 1864 Citissime.

279 1878 446 1934 Citissime'.

383 1986 529 2058 Originale
554 1988 744 2053 chartaceum,
770 2004 786 2041 a
810 1995 896 2059 tergo
921 2000 1090 2057 appressum
1118 1990 1249 2060 sigillum,
1273 2007 1332 2060 quo
1359 1990 1440 2045 litera
1463 1990 1560 2045 clausa

277 2083 345 2131 erat.
370 2104 404 2115 —
429 2076 609 2145 Subscriptio
643 2076 749 2130 Nicolai
783 2078 907 2131 Erdeodi
936 2079 1027 2132 deest
1054 2079 1085 2131 In
1114 2079 1228 2134 archivo
1255 2095 1398 2135 commun.
1432 2082 1490 2134 nob
1522 2082 1559 2133 de

279 2166 441 2237 Turopolje.
1170 2176 1174 2181 '

388 2292 394 2321 ¹
413 2292 496 2347 Manu
516 2294 623 2348 Nicolai
641 2293 775 2365 Erdeody
794 2295 939 2362 scriptum.
978 2294 990 2324 '
1006 2293 1148 2348 Similiter.

882 2579 957 2655 00.

317 2736 321 2742 ’
385 2762 477 2821 Anno
506 2756 597 2823 1681.
621 2757 672 2824 28.
695 2759 851 2822 februarii.
875 2760 982 2825 iinon.

275 2937 466 3024 Leopotdus
490 2939 517 3008 Ι.
540 2939 748 3025 Huugariae
770 2942 828 3005 etc.
852 2959 918 3020 rac,
935 2939 1183 3004 communitati
1205 2938 1446 3025 Turopoliensi
1456 2947 1556 3026 praa·

275 3046 368 3133 cipit,
392 3050 432 3110 ut
454 3046 501 3111 ad
522 3046 674 3112 diaetam
698 3048 809 3132 regni,
840 3045 893 3113 28.
916 3046 1042 3132 aprilis
1072 3045 1240 3132 Sopronii
1264 3047 1445 3129 indictam,
1468 3047 1556 3114 duos

765 3153 916 3219 nuncios
938 3154 1064 3220 mittat.

382 3321 561 3400 Leopolclus
584 3321 636 3381 dei
658 3320 762 3401 gratia
786 3320 903 3380 electus
926 3321 1139 3380 Romanorum
1159 3319 1329 3400 imperator
1352 3339 1477 3400 semper
1501 3335 1554 3382 au·

276 3436 397 3508 gustus,
431 3447 468 3488 ac
501 3427 699 3496 Germaniae,
722 3427 915 3508 Hungariae‚
942 3427 1177 3506 Bohemiaeque
1200 3435 1258 3490 etc.
1282 3446 1346 3489 rex.
1369 3428 1501 3508 Egregii
1523 3439 1556 3490 et

277 3643 316 3702 ab
340 3643 409 3722 ipso
431 3643 529 3709 telicis
562 3642 809 3722 inaugurationis
843 3651 874 3703 et
905 3643 1042 3721 suscepti
1065 3643 1227 3723 regiminis
1249 3643 1348 3703 nostri
1371 3644 1499 3704 exordio
1523 3645 1555 3705 in

276 3750 357 3810 votis
387 3749 564 3826 hubuimus,
595 3767 689 3829 quarn
721 3759 754 3810 ut
784 3749 900 3828 inclyto
927 3769 1027 3830 regno
1051 3759 1158 3810 nostro
1182 3749 1366 3832 Hungariae
1390 3751 1553 3812 nobiscum

275 3857 382 3937 primis
406 3859 501 3918 charo
532 3857 686 3918 continuis
709 3857 824 3938 quippe
847 3865 912 3918 tum
935 3858 1125 3918 naturalium
1148 3857 1318 3918 Christiani
1340 3857 1475 3918 nominis
1497 3859 1552 3918 ho·

276 3965 369 4026 stium
403 3966 575 4025 Turcarum
615 3964 865 4026 mlestationibus
897 3983 934 4025 ac
965 3964 1188 4039 invasionibus,
1218 3973 1285 4026 tum
1324 3985 1399 4025 vero
1429 3974 1554 4044 praeter

275 4091 399 4135 omnem
424 4092 513 4152 spem
536 4082 568 4132 et
591 4073 856 4152 exspectationem
873 4071 1030 4133 suscitatis
1054 4073 1176 4133 circiter
1199 4081 1272 4132 ante
1289 4072 1474 4134 decennium
1497 4090 1553 4152 per

274 4181 438 4241 nonnullos
462 4181 626 4259 inquietos,
643 4181 812 4260 pacisquae
836 4180 979 4259 publicae
995 4180 1220 4242 convellendae
1234 4180 1399 4252 studiosos,
1416 4188 1448 4240 et
1462 4181 1553 4240 novis

274 4289 305 4348 in
330 4288 423 4348 rebus
447 4307 520 4366 spes
544 4307 618 4348 suas
635 4288 833 4367 collocantes
860 4287 1014 4348 intestinis
1037 4287 1115 4348 iisve
1139 4287 1322 4366 perniciosis
1346 4305 1384 4346 ac
1407 4285 1439 4346 in
1461 4306 1550 4365 prae·

274 4396 443 4456 sentiarum
468 4413 566 4474 nsque
590 4395 782 4470 durantibus,
806 4395 918 4474 quibus
942 4395 1086 4456 nimirum
1118 4394 1284 4455 viciniores
1308 4393 1402 4454 etiam
1425 4394 1548 4473 provin-

274 4506 342 4567 ciae
365 4512 491 4565 nostrae
526 4503 645 4564 iteratis
679 4503 800 4564 vicibus
835 4503 942 4584 impeti
975 4512 1008 4564 et
1039 4502 1152 4584 agitari
1186 4510 1297 4582 ceptae
1321 4502 1549 4579 perturbantur,

273 4612 526 4692 depredabantur
555 4631 592 4671 ac
623 4612 880 4686 devastabantur,
910 4611 1047 4672 motibus
1078 4619 1172 4691 atque
1199 4608 1380 4669 tumultibus
1403 4618 1495 4688 prout
1519 4617 1551 4670 et

273 4721 340 4780 aliis
371 4721 449 4780 varii
478 4720 604 4800 generis
639 4719 866 4781 calamitatibus
891 4729 941 4780 sat
964 4737 1120 4798 superque
1154 4736 1264 4797 presso
1289 4726 1320 4778 et
1344 4717 1469 4793 afflicto,
1493 4735 1550 4795 pro

271 4827 378 4887 innata
413 4837 520 4887 nostra
552 4827 668 4906 pietate
701 4837 732 4888 et
765 4827 929 4887 clementia
960 4835 1092 4906 patemo
1124 4824 1404 4886 commiserationis
1435 4825 1548 4885 aflectu

271 4937 444 5008 consulere,
468 4943 633 5012 motusque
656 4935 726 4994 illos
748 4933 915 4994 seditiosos
938 4933 1161 5013 placidioribus
1183 4933 1286 5011 potius
1310 4945 1404 5011 quam
1428 4931 1547 5015 rigoro-
