3934 5550
411 394 477 457 602

411 610 477 670 vari
499 611 621 682 soleret,
638 610 710 668 hinc
725 609 810 668 iuxta
826 607 1014 668 laudabilem
1033 608 1063 666 in
1081 607 1328 668 administranda
1347 608 1463 667 iustitia
1481 615 1513 667 et
1527 608 1692 687 puniendis

410 718 571 777 sceleratis
596 717 626 776 in
650 718 748 775 hocce
772 716 895 794 Campo
927 716 1128 774 observatam
1159 715 1279 793 praxim
1304 725 1335 775 et
1359 715 1615 775 consuetudinem
1641 734 1693 774 ex·

409 824 585 901 ceptionem
610 823 820 902 procuratoris
843 823 873 881 in
899 841 1028 881 causam
1052 829 1255 881 attractarum
1279 821 1364 882 reiici
1389 830 1420 881 et
1443 823 1474 880 in
1499 841 1596 882 causa
1613 823 1692 881 ultro

407 931 534 1009 procedi
559 931 644 1009 petit.

516 1039 703 1097 Procurator
736 1037 766 1096 in
800 1056 928 1097 causam
961 1045 1164 1096 attractarum
1189 1035 1349 1115 legitimae
1382 1045 1412 1094 et
1444 1036 1620 1096 rationabili
1644 1035 1687 1094 in·

407 1146 541 1206 stantiae
566 1164 642 1205 suae
665 1145 781 1204 deterri
804 1145 940 1222 petendo
964 1163 1133 1203 reservam.

514 1254 728 1313 Deliberatum
752 1261 815 1312 est:

515 1361 562 1420 Ex
594 1361 714 1419 ratione
749 1378 806 1437 per
837 1367 1071 1437 procuratorem
1103 1359 1217 1418 actoris
1250 1359 1394 1438 allegata,
1425 1365 1491 1417 tum
1523 1359 1617 1418 etiam
1649 1377 1686 1418 ex

405 1487 457 1543 e0,
488 1467 572 1545 quod
603 1467 740 1546 allegata
763 1485 819 1544 per
842 1475 1077 1543 procuratorem
1101 1465 1131 1524 in
1156 1485 1284 1524 causam
1318 1473 1520 1525 attractarum
1544 1465 1685 1543 exceptio

405 1574 431 1634 si
464 1575 565 1633 eidem
596 1574 812 1648 deterreretur,
844 1573 946 1652 potius
979 1572 1009 1631 in
1042 1572 1229 1652 aggravium
1260 1572 1290 1632 in
1322 1591 1450 1632 causam
1483 1581 1683 1632 attractarum

404 1700 610 1760 personarum
641 1699 697 1758 per
730 1681 937 1740 diuturniores
969 1697 1128 1738 carcerum
1162 1680 1334 1757 squallores
1367 1679 1495 1751 eisdem,
1524 1699 1617 1758 quam
1643 1679 1685 1738 fa-

405 1807 513 1848 vorem
537 1789 650 1848 cedere
674 1788 825 1860 videatur,
849 1787 920 1846 ideo
945 1785 1161 1864 exceptionem
1192 1786 1357 1846 formatam
1394 1785 1478 1846 reiici
1503 1793 1534 1845 et
1558 1787 1684 1846 ulterius

405 1895 532 1973 procedi
555 1894 670 1954 debere
695 1903 726 1954 et
749 1912 843 1973 posse
866 1893 1050 1953 iudicialiter
1074 1893 1212 1974 agnosci.

511 2002 698 2061 Procurator
722 2001 754 2060 in
778 2019 906 2059 causam
932 2008 1134 2061 attractarum
1160 2001 1384 2077 protestatione
1400 2019 1493 2079 super
1509 2001 1682 2078 praemissa

403 2108 635 2181 deliberatione,
669 2117 816 2185 respectu
850 2107 939 2166 cuius
974 2125 1135 2167 reservam
1171 2107 1396 2186 interponendo
1428 2108 1581 2186 siquidem
1614 2107 1681 2184 ipsa

403 2216 561 2275 mediante
594 2215 783 2294 stingeretur
817 2215 887 2274 licet
921 2234 959 2275 ex
983 2215 1103 2274 ratione
1136 2217 1291 2295 allegatae
1323 2225 1354 2274 et
1388 2225 1497 2274 contra
1530 2216 1609 2294 legis
1636 2224 1680 2274 te-

402 2342 510 2383 norem
534 2331 749 2400 praeattactae
781 2323 879 2401 partis
903 2323 933 2381 in
958 2340 1086 2382 causam
1111 2331 1262 2382 attractae
1287 2323 1540 2382 incarcerationis
1563 2342 1624 2382 non
1649 2322 1680 2380 in

401 2429 588 2510 aggravium
613 2430 814 2490 diuturnioris
837 2437 946 2507 utpote
970 2430 1234 2505 incarcerationis,
1259 2450 1367 2490 verum
1391 2431 1452 2490 fine
1477 2429 1619 2490 solvendi
1642 2449 1679 2488 ex

400 2537 604 2596 tundamento
636 2547 767 2597 eatenus
799 2556 817 2597 a
841 2557 875 2596 se
899 2537 1014 2596 citatae
1038 2538 1117 2617 legis
1142 2546 1172 2597 et
1196 2539 1301 2616 praxis
1330 2537 1496 2597 criminalis
1520 2537 1617 2615 partis
1645 2536 1679 2610 l.,

401 2653 457 2704 art.
475 2642 535 2718 36,
552 2645 685 2722 §.primi
704 2644 831 2704 indebiti
856 2646 975 2719 arresti,
1000 2663 1037 2704 ac
1061 2654 1172 2723 expost
1195 2647 1477 2724 conquirendarum
1500 2644 1678 2703 uberiorum

397 2751 607 2829 legitimarum
633 2752 843 2829 defensarum,
868 2760 959 2830 prout
971 2749 1199 2812 intentionatus
1216 2753 1342 2813 omnino
1365 2751 1476 2813 luisset
1495 2751 1675 2812 obtinereve

398 2859 457 2919 hoc
488 2859 589 2936 ipsum
613 2869 780 2937 sperasset,
815 2860 1071 2937 interpossuisset
1102 2860 1306 2937 praemissam
1339 2878 1429 2919 suam
1454 2860 1676 2938 exceptionem,

398 2967 487 3027 utin
511 2968 668 3046 praesenti
702 2976 868 3045 praetensa
903 2986 1000 3026 causa
1028 2966 1241 3039 deliberatum,
1265 2970 1405 3046 adeoque
1431 2968 1525 3027 modo
1548 2966 1676 3044 praevio

395 3076 590 3153 compulsum
614 3094 817 3155 progressum
841 3075 944 3147 faciat,
969 3075 1105 3134 confisus
1130 3094 1261 3151 syncere
1285 3076 1316 3134 in
1340 3074 1500 3153 praelatae
1525 3074 1621 3151 partis
1645 3074 1675 3132 in

395 3202 523 3243 causam
555 3190 707 3242 attractae
741 3183 920 3262 integritate
955 3191 985 3241 et
1017 3183 1191 3242 innocentia
1225 3163 1356 3262 quoque,
1382 3192 1413 3241 et
1435 3202 1497 3241 non
1522 3182 1580 3241 nisi
1605 3201 1674 3241 cum

395 3290 455 3367 piis
479 3298 510 3349 et
533 3290 639 3368 probis
664 3290 871 3349 conversandi
902 3291 997 3348 modo
1022 3290 1163 3369 adeoque
1198 3309 1347 3368 expressa
1370 3289 1568 3349 Christianae
1592 3289 1674 3348 vitae

395 3396 550 3474 probitate
575 3397 682 3456 notitia
715 3397 852 3456 omnium
876 3397 942 3456 tere
967 3404 1102 3456 attactae
1126 3398 1223 3475 partis
1246 3399 1277 3456 in
1302 3416 1430 3457 causam
1454 3404 1606 3457 attractae
1629 3395 1673 3453 vi·

397 3502 536 3562 cinorum
562 3512 746 3579 contestata,
770 3504 906 3581 petendo
930 3504 1050 3562 interea
1077 3514 1314 3581 praetensorum
1346 3505 1568 3582 productorum
1597 3502 1673 3562 citra

399 3612 448 3670 vel
472 3610 599 3670 nimium
625 3611 655 3669 in
680 3611 791 3670 eadem
815 3630 1002 3670 consensum
1027 3630 1133 3671 secum
1163 3612 1393 3686 communicari,
1424 3620 1566 3672 reservat
1598 3613 1672 3677 ulte·

394 3717 465 3775 rius.
480 3716 765 3779 Communicantur.
790 3718 912 3794 Quibus
935 3718 1170 3778 communicatis
1192 3719 1416 3778 solemnissime
1441 3737 1535 3796 super
1557 3717 1668 3778 iisdem

393 3825 596 3902 protestando
630 3826 798 3902 praemittit
837 3845 989 3904 apparere
1019 3846 1056 3885 ex
1090 3826 1200 3885 iisdem
1224 3826 1398 3903 praetensis
1421 3826 1579 3905 productis
1602 3846 1668 3887 cer·

393 3939 494 3989 tarum
529 3950 677 4010 sagarum
724 3941 832 3992 contra
869 3941 1063 4011 praetactam
1098 3940 1218 4010 partem
1261 3933 1292 3991 in
1327 3952 1455 3993 causam
1494 3941 1668 4008 attractam,

393 4038 547 4097 nonnulas
571 4038 601 4097 in
625 4041 766 4099 torturali
798 4042 968 4099 earundem
996 4040 1139 4099 examine
1163 4040 1318 4100 laesiones
1341 4040 1527 4120 illegitimas,
1552 4050 1582 4101 et
1606 4044 1669 4103 suis

393 4143 564 4203 defectibus
596 4164 723 4223 prorsus
747 4148 934 4223 laborantes,
964 4166 1077 4207 vanam
1102 4149 1269 4226 quandam,
1293 4149 1438 4226 nulloque
1462 4150 1528 4208 iure
1552 4150 1668 4209 subsis-

392 4260 458 4310 tere
482 4252 637 4311 valentem
662 4254 880 4331 suppeditasse
906 4255 1082 4332 praesentis
1099 4254 1256 4332 praetensi
1281 4274 1448 4333 processus
1472 4257 1669 4335 magistratui

393 4376 518 4431 ansam3
541 4360 614 4436 quia
637 4378 713 4418 vero
738 4361 890 4420 eiusmodi
915 4371 1102 4439 praetensae
1119 4362 1274 4421 tassiones
1298 4370 1330 4421 et
1353 4370 1502 4440 tanquam
1527 4362 1601 4423 iuris
1625 4364 1669 4423 in·

391 4465 486 4524 famia
510 4466 604 4524 etiam
629 4469 928 4527 commaculatarum
952 4487 1159 4547 personarum
1188 4488 1225 4527 ex
1250 4478 1337 4546 parte
1362 4469 1391 4528 2.
1415 4470 1458 4531 tit.
1483 4468 1534 4531 30.
1567 4472 1669 4549 operis

391 4573 473 4632 decr.
505 4572 646 4650 tripartiti
680 4576 774 4634 etiam
804 4575 1007 4635 fundamento
1039 4577 1178 4656 illegales
1211 4596 1338 4655 prorsus
1362 4586 1394 4637 et
1417 4579 1518 4638 nullae
1543 4588 1665 4657 reputa·

391 4689 504 4753 rentur,
529 4688 560 4739 et
583 4680 608 4739 si
631 4700 687 4760 per
711 4682 929 4743 inconcessum
954 4684 1070 4763 aliquid
1094 4685 1216 4762 operari
1239 4694 1376 4763 possent,
1393 4706 1456 4745 non
1474 4686 1555 4746 aliud
1572 4707 1667 4766 quam

389 4805 446 4863 pro
470 4786 636 4848 dictamine
661 4797 792 4848 usuatae
817 4790 848 4848 in
872 4790 1022 4849 similibus
1047 4791 1151 4867 praxis
1175 4791 1341 4852 criminalis
1365 4795 1462 4872 partis
1479 4792 1507 4854 2.
1532 4803 1587 4853 art.
1614 4792 1666 4854 60.

390 4896 408 4969 ς’
437 4893 461 4953 l.
486 4904 516 4952 et
541 4896 591 4954 lul.
617 4896 700 4956 Clar.
731 4897 795 4958 libr.
829 4898 856 4959 5.
890 4907 1009 4975 quaest.
1035 4896 1085 4955 21.
1120 4907 1174 4955 art.
1199 4900 1241 4973 Z,
1266 4900 1338 4962 Nr0.
1362 4898 1391 4959 4.
1424 4920 1494 4981 pag.
1524 4900 1597 4961 522.
1627 4904 1666 4963 ad
