<?xml version="1.0" encoding="UTF-8"?>
<!DOCTYPE html PUBLIC "-//W3C//DTD XHTML 1.0 Transitional//EN"
    "http://www.w3.org/TR/xhtml1/DTD/xhtml1-transitional.dtd">
<html xmlns="http://www.w3.org/1999/xhtml" xml:lang="en" lang="en">
 <head>
  <title>
</title>
<meta http-equiv="Content-Type" content="text/html;charset=utf-8" />
  <meta name='ocr-system' content='tesseract 3.04.00' />
  <meta name='ocr-capabilities' content='ocr_page ocr_carea ocr_par ocr_line ocrx_word'/>
</head>
<body>
  <div class='ocr_page' id='page_1' title='image "./povjesnispomeni00laszgoog_0461.png"; bbox 0 0 3934 5550; ppageno 0'>
   <div class='ocr_carea' id='block_1_1' title="bbox 402 428 520 521">
    <p class='ocr_par' dir='ltr' id='par_1_1' title="bbox 402 428 520 521">
     <span class='ocr_line' id='line_1_1' title="bbox 402 428 520 521; baseline -0.025 0"><span class='ocrx_word' id='word_1_1' title='bbox 402 428 407 439; x_wconf 89' lang='lat'>&#39;</span> <span class='ocrx_word' id='word_1_2' title='bbox 437 450 520 521; x_wconf 76' lang='lat' dir='ltr'><strong>rao.</strong></span> 
     </span>
    </p>
   </div>
   <div class='ocr_carea' id='block_1_2' title="bbox 333 672 1714 1829">
    <p class='ocr_par' dir='ltr' id='par_1_2' title="bbox 333 672 1714 1829">
     <span class='ocr_line' id='line_1_2' title="bbox 333 672 1713 752; baseline 0.001 -20"><span class='ocrx_word' id='word_1_3' title='bbox 333 749 334 752; x_wconf 7' lang='grc' dir='ltr'><strong>Ἴ</strong></span> <span class='ocrx_word' id='word_1_4' title='bbox 432 672 501 733; x_wconf 92' lang='lat' dir='ltr'><strong>simi</strong></span> <span class='ocrx_word' id='word_1_5' title='bbox 526 673 643 735; x_wconf 91' lang='lat' dir='ltr'><strong>domini</strong></span> <span class='ocrx_word' id='word_1_6' title='bbox 666 672 904 732; x_wconf 90' lang='lat' dir='ltr'><strong>locumtenentis</strong></span> <span class='ocrx_word' id='word_1_7' title='bbox 929 672 1176 751; x_wconf 83' lang='lat' dir='ltr'><strong>assignationem</strong></span> <span class='ocrx_word' id='word_1_8' title='bbox 1205 692 1300 751; x_wconf 91' lang='lat' dir='ltr'><strong>super</strong></span> <span class='ocrx_word' id='word_1_9' title='bbox 1318 672 1436 751; x_wconf 90' lang='lat' dir='ltr'><strong>sclopis</strong></span> <span class='ocrx_word' id='word_1_10' title='bbox 1460 672 1649 734; x_wconf 86' lang='lat' dir='ltr'><strong>Carlostadii</strong></span> <span class='ocrx_word' id='word_1_11' title='bbox 1674 694 1713 734; x_wconf 87' lang='lat' dir='ltr'><strong>ex</strong></span> 
     </span>
     <span class='ocr_line' id='line_1_3' title="bbox 432 778 1714 859; baseline -0.001 -19"><span class='ocrx_word' id='word_1_12' title='bbox 432 780 673 840; x_wconf 86' lang='lat' dir='ltr'><strong>armamentario</strong></span> <span class='ocrx_word' id='word_1_13' title='bbox 697 780 949 859; x_wconf 87' lang='lat' dir='ltr'><strong>caesareo-regio</strong></span> <span class='ocrx_word' id='word_1_14' title='bbox 973 778 1114 839; x_wconf 85' lang='lat' dir='ltr'><strong>levandis</strong></span> <span class='ocrx_word' id='word_1_15' title='bbox 1147 778 1340 840; x_wconf 85' lang='lat' dir='ltr'><strong>universitati</strong></span> <span class='ocrx_word' id='word_1_16' title='bbox 1365 780 1534 855; x_wconf 82' lang='lat' dir='ltr'><strong>submittat,</strong></span> <span class='ocrx_word' id='word_1_17' title='bbox 1564 781 1595 840; x_wconf 90' lang='lat' dir='ltr'><strong>in</strong></span> <span class='ocrx_word' id='word_1_18' title='bbox 1619 800 1714 841; x_wconf 92' lang='lat' dir='ltr'><strong>nexu</strong></span> 
     </span>
     <span class='ocr_line' id='line_1_4' title="bbox 431 884 1711 966; baseline -0.001 -18"><span class='ocrx_word' id='word_1_19' title='bbox 431 888 519 950; x_wconf 89' lang='lat' dir='ltr'><strong>euius</strong></span> <span class='ocrx_word' id='word_1_20' title='bbox 548 887 668 947; x_wconf 83' lang='lat' dir='ltr'><strong>litterae</strong></span> <span class='ocrx_word' id='word_1_21' title='bbox 700 894 731 946; x_wconf 88' lang='lat' dir='ltr'><strong>et</strong></span> <span class='ocrx_word' id='word_1_22' title='bbox 761 884 984 966; x_wconf 86' lang='lat' dir='ltr'><strong>assignationis</strong></span> <span class='ocrx_word' id='word_1_23' title='bbox 1016 885 1117 946; x_wconf 87' lang='lat' dir='ltr'><strong>laetae</strong></span> <span class='ocrx_word' id='word_1_24' title='bbox 1149 906 1205 966; x_wconf 91' lang='lat' dir='ltr'><strong>pro</strong></span> <span class='ocrx_word' id='word_1_25' title='bbox 1237 886 1424 948; x_wconf 85' lang='lat' dir='ltr'><strong>necessariis</strong></span> <span class='ocrx_word' id='word_1_26' title='bbox 1457 886 1572 966; x_wconf 90' lang='lat' dir='ltr'><strong>sclopis</strong></span> <span class='ocrx_word' id='word_1_27' title='bbox 1598 888 1637 947; x_wconf 91' lang='lat' dir='ltr'><strong>ad</strong></span> <span class='ocrx_word' id='word_1_28' title='bbox 1663 906 1711 947; x_wconf 91' lang='lat' dir='ltr'><strong>ra·</strong></span> 
     </span>
     <span class='ocr_line' id='line_1_5' title="bbox 429 992 1712 1076; baseline -0.002 -20"><span class='ocrx_word' id='word_1_29' title='bbox 429 996 546 1056; x_wconf 91' lang='lat' dir='ltr'><strong>tionem</strong></span> <span class='ocrx_word' id='word_1_30' title='bbox 570 992 729 1076; x_wconf 84' lang='lat' dir='ltr'><strong>gremialis</strong></span> <span class='ocrx_word' id='word_1_31' title='bbox 753 992 879 1053; x_wconf 86' lang='lat' dir='ltr'><strong>militiae</strong></span> <span class='ocrx_word' id='word_1_32' title='bbox 903 993 1122 1055; x_wconf 88' lang='lat' dir='ltr'><strong>Carolostadio</strong></span> <span class='ocrx_word' id='word_1_33' title='bbox 1144 994 1375 1071; x_wconf 91' lang='lat' dir='ltr'><strong>promovendis,</strong></span> <span class='ocrx_word' id='word_1_34' title='bbox 1398 994 1544 1055; x_wconf 90' lang='lat' dir='ltr'><strong>dominus</strong></span> <span class='ocrx_word' id='word_1_35' title='bbox 1568 994 1712 1073; x_wconf 85' lang='lat' dir='ltr'><strong>superior</strong></span> 
     </span>
     <span class='ocr_line' id='line_1_6' title="bbox 429 1100 1712 1181; baseline -0.001 -17"><span class='ocrx_word' id='word_1_36' title='bbox 429 1105 643 1164; x_wconf 89' lang='lat' dir='ltr'><strong>locumtenens</strong></span> <span class='ocrx_word' id='word_1_37' title='bbox 668 1100 887 1181; x_wconf 82' lang='lat' dir='ltr'><strong>Sigismundus</strong></span> <span class='ocrx_word' id='word_1_38' title='bbox 911 1101 1109 1161; x_wconf 89' lang='lat' dir='ltr'><strong>Hervachich</strong></span> <span class='ocrx_word' id='word_1_39' title='bbox 1132 1120 1189 1180; x_wconf 90' lang='lat' dir='ltr'><strong>per</strong></span> <span class='ocrx_word' id='word_1_40' title='bbox 1211 1102 1368 1181; x_wconf 89' lang='lat' dir='ltr'><strong>publicum</strong></span> <span class='ocrx_word' id='word_1_41' title='bbox 1392 1102 1557 1177; x_wconf 89' lang='lat' dir='ltr'><strong>exmititur,</strong></span> <span class='ocrx_word' id='word_1_42' title='bbox 1580 1122 1640 1163; x_wconf 90' lang='lat' dir='ltr'><strong>nec</strong></span> <span class='ocrx_word' id='word_1_43' title='bbox 1661 1120 1712 1163; x_wconf 85' lang='lat' dir='ltr'><strong>ee·</strong></span> 
     </span>
     <span class='ocr_line' id='line_1_7' title="bbox 430 1208 1712 1287; baseline -0.002 -16"><span class='ocrx_word' id='word_1_44' title='bbox 430 1231 486 1271; x_wconf 90' lang='lat' dir='ltr'><strong>cus</strong></span> <span class='ocrx_word' id='word_1_45' title='bbox 518 1211 602 1271; x_wconf 90' lang='lat' dir='ltr'><strong>idern</strong></span> <span class='ocrx_word' id='word_1_46' title='bbox 634 1208 778 1269; x_wconf 90' lang='lat' dir='ltr'><strong>dominus</strong></span> <span class='ocrx_word' id='word_1_47' title='bbox 809 1227 974 1287; x_wconf 89' lang='lat' dir='ltr'><strong>supremus</strong></span> <span class='ocrx_word' id='word_1_48' title='bbox 1008 1227 1114 1269; x_wconf 87' lang='lat' dir='ltr'><strong>comes</strong></span> <span class='ocrx_word' id='word_1_49' title='bbox 1138 1209 1234 1269; x_wconf 89' lang='lat' dir='ltr'><strong>relate</strong></span> <span class='ocrx_word' id='word_1_50' title='bbox 1268 1209 1308 1269; x_wconf 87' lang='lat' dir='ltr'><strong>ad</strong></span> <span class='ocrx_word' id='word_1_51' title='bbox 1332 1210 1638 1271; x_wconf 83' lang='lat' dir='ltr'><strong>Cavetkoviczenses</strong></span> <span class='ocrx_word' id='word_1_52' title='bbox 1667 1210 1712 1269; x_wconf 91' lang='lat' dir='ltr'><strong>in·</strong></span> 
     </span>
     <span class='ocr_line' id='line_1_8' title="bbox 429 1317 1709 1401; baseline 0.002 -23"><span class='ocrx_word' id='word_1_53' title='bbox 429 1326 604 1399; x_wconf 66' lang='lat' dir='ltr'><strong>surgentes</strong></span> <span class='ocrx_word' id='word_1_54' title='bbox 624 1337 704 1397; x_wconf 90' lang='lat' dir='ltr'><strong>quos</strong></span> <span class='ocrx_word' id='word_1_55' title='bbox 722 1318 929 1393; x_wconf 86' lang='lat' dir='ltr'><strong>communitas</strong></span> <span class='ocrx_word' id='word_1_56' title='bbox 951 1317 1161 1397; x_wconf 85' lang='lat' dir='ltr'><strong>compagniae</strong></span> <span class='ocrx_word' id='word_1_57' title='bbox 1183 1319 1394 1379; x_wconf 89' lang='lat' dir='ltr'><strong>universitatis</strong></span> <span class='ocrx_word' id='word_1_58' title='bbox 1418 1319 1591 1401; x_wconf 87' lang='lat' dir='ltr'><strong>aggregari</strong></span> <span class='ocrx_word' id='word_1_59' title='bbox 1605 1320 1709 1394; x_wconf 85' lang='lat' dir='ltr'><strong>instat,</strong></span> 
     </span>
     <span class='ocr_line' id='line_1_9' title="bbox 428 1419 1704 1506; baseline 0.001 -20"><span class='ocrx_word' id='word_1_60' title='bbox 428 1446 527 1506; x_wconf 91' lang='lat' dir='ltr'><strong>usque</strong></span> <span class='ocrx_word' id='word_1_61' title='bbox 552 1426 720 1485; x_wconf 89' lang='lat' dir='ltr'><strong>adventum</strong></span> <span class='ocrx_word' id='word_1_62' title='bbox 734 1419 998 1485; x_wconf 70' lang='lat' dir='ltr'><strong>¹excellentissimi</strong></span> <span class='ocrx_word' id='word_1_63' title='bbox 1021 1426 1138 1485; x_wconf 91' lang='lat' dir='ltr'><strong>domini</strong></span> <span class='ocrx_word' id='word_1_64' title='bbox 1156 1427 1395 1487; x_wconf 90' lang='lat' dir='ltr'><strong>locumtenentis</strong></span> <span class='ocrx_word' id='word_1_65' title='bbox 1419 1427 1495 1487; x_wconf 91' lang='lat' dir='ltr'><strong>nihil</strong></span> <span class='ocrx_word' id='word_1_66' title='bbox 1517 1436 1619 1488; x_wconf 87' lang='lat' dir='ltr'><strong>semet</strong></span> <span class='ocrx_word' id='word_1_67' title='bbox 1641 1428 1704 1487; x_wconf 92' lang='lat' dir='ltr'><strong>dis·</strong></span> 
     </span>
     <span class='ocr_line' id='line_1_10' title="bbox 427 1532 1706 1615; baseline 0.002 -22"><span class='ocrx_word' id='word_1_68' title='bbox 427 1552 544 1612; x_wconf 90' lang='lat' dir='ltr'><strong>ponere</strong></span> <span class='ocrx_word' id='word_1_69' title='bbox 567 1552 661 1612; x_wconf 88' lang='lat' dir='ltr'><strong>posse</strong></span> <span class='ocrx_word' id='word_1_70' title='bbox 686 1532 830 1605; x_wconf 86' lang='lat' dir='ltr'><strong>insinuat,</strong></span> <span class='ocrx_word' id='word_1_71' title='bbox 854 1533 914 1592; x_wconf 86' lang='lat' dir='ltr'><strong>hoc</strong></span> <span class='ocrx_word' id='word_1_72' title='bbox 937 1540 1044 1593; x_wconf 91' lang='lat' dir='ltr'><strong>tamen</strong></span> <span class='ocrx_word' id='word_1_73' title='bbox 1067 1553 1130 1594; x_wconf 90' lang='lat' dir='ltr'><strong>non</strong></span> <span class='ocrx_word' id='word_1_74' title='bbox 1154 1536 1299 1595; x_wconf 89' lang='lat' dir='ltr'><strong>obstante</strong></span> <span class='ocrx_word' id='word_1_75' title='bbox 1315 1553 1466 1613; x_wconf 85' lang='lat' dir='ltr'><strong>praesens</strong></span> <span class='ocrx_word' id='word_1_76' title='bbox 1490 1535 1652 1615; x_wconf 82' lang='lat' dir='ltr'><strong>negotium</strong></span> <span class='ocrx_word' id='word_1_77' title='bbox 1675 1534 1706 1595; x_wconf 91' lang='lat' dir='ltr'><strong>in</strong></span> 
     </span>
     <span class='ocr_line' id='line_1_11' title="bbox 427 1639 1709 1722; baseline 0 -21"><span class='ocrx_word' id='word_1_78' title='bbox 427 1640 618 1702; x_wconf 81' lang='lat' dir='ltr'><strong>conferentia</strong></span> <span class='ocrx_word' id='word_1_79' title='bbox 649 1639 678 1701; x_wconf 91' lang='grc'><strong>4.</strong></span> <span class='ocrx_word' id='word_1_80' title='bbox 712 1640 817 1719; x_wconf 90' lang='lat' dir='ltr'><strong>aprilis</strong></span> <span class='ocrx_word' id='word_1_81' title='bbox 849 1641 1007 1701; x_wconf 85' lang='lat' dir='ltr'><strong>servanda</strong></span> <span class='ocrx_word' id='word_1_82' title='bbox 1041 1650 1142 1702; x_wconf 89' lang='lat' dir='ltr'><strong>semet</strong></span> <span class='ocrx_word' id='word_1_83' title='bbox 1174 1643 1405 1721; x_wconf 89' lang='lat' dir='ltr'><strong>propositurum</strong></span> <span class='ocrx_word' id='word_1_84' title='bbox 1423 1644 1592 1722; x_wconf 83' lang='lat' dir='ltr'><strong>spondet,</strong></span> <span class='ocrx_word' id='word_1_85' title='bbox 1627 1661 1709 1722; x_wconf 88' lang='lat' dir='ltr'><strong>quae</strong></span> 
     </span>
     <span class='ocr_line' id='line_1_12' title="bbox 425 1744 1212 1829; baseline 0.001 -20"><span class='ocrx_word' id='word_1_86' title='bbox 425 1750 528 1811; x_wconf 91' lang='lat' dir='ltr'><strong>littera</strong></span> <span class='ocrx_word' id='word_1_87' title='bbox 550 1768 607 1828; x_wconf 91' lang='lat' dir='ltr'><strong>pro</strong></span> <span class='ocrx_word' id='word_1_88' title='bbox 632 1757 715 1809; x_wconf 89' lang='lat' dir='ltr'><strong>statu</strong></span> <span class='ocrx_word' id='word_1_89' title='bbox 739 1748 867 1809; x_wconf 89' lang='lat' dir='ltr'><strong>notitiae</strong></span> <span class='ocrx_word' id='word_1_90' title='bbox 892 1749 933 1807; x_wconf 88' lang='lat' dir='ltr'><strong>ad</strong></span> <span class='ocrx_word' id='word_1_91' title='bbox 957 1757 1029 1809; x_wconf 84' lang='lat' dir='ltr'><strong>acta</strong></span> <span class='ocrx_word' id='word_1_92' title='bbox 1052 1744 1212 1829; x_wconf 77' lang='lat' dir='ltr'><strong>excipitur.</strong></span> 
     </span>
    </p>
   </div>
   <div class='ocr_carea' id='block_1_3' title="bbox 822 1962 1315 2042">
    <p class='ocr_par' dir='ltr' id='par_1_3' title="bbox 822 1962 1315 2042">
     <span class='ocr_line' id='line_1_13' title="bbox 822 1962 1315 2042; baseline 0.01 -20"><span class='ocrx_word' id='word_1_93' title='bbox 822 1962 1070 2023; x_wconf 89' lang='lat' dir='ltr'><strong>Articulus</strong></span> <span class='ocrx_word' id='word_1_94' title='bbox 1105 1973 1315 2042; x_wconf 84' lang='lat' dir='ltr'><strong>quartus.</strong></span> 
     </span>
    </p>
   </div>
   <div class='ocr_carea' id='block_1_4' title="bbox 420 2125 1705 3066">
    <p class='ocr_par' dir='ltr' id='par_1_4' title="bbox 420 2125 1705 3066">
     <span class='ocr_line' id='line_1_14' title="bbox 534 2125 1701 2204; baseline 0 -17"><span class='ocrx_word' id='word_1_95' title='bbox 534 2127 685 2187; x_wconf 88' lang='lat' dir='ltr'><strong>Instantia</strong></span> <span class='ocrx_word' id='word_1_96' title='bbox 709 2126 825 2187; x_wconf 89' lang='lat' dir='ltr'><strong>domini</strong></span> <span class='ocrx_word' id='word_1_97' title='bbox 848 2126 972 2204; x_wconf 90' lang='lat' dir='ltr'><strong>losephi</strong></span> <span class='ocrx_word' id='word_1_98' title='bbox 995 2126 1171 2185; x_wconf 89' lang='lat' dir='ltr'><strong>Kussevich</strong></span> <span class='ocrx_word' id='word_1_99' title='bbox 1194 2127 1234 2187; x_wconf 84' lang='lat' dir='ltr'><strong>de</strong></span> <span class='ocrx_word' id='word_1_100' title='bbox 1258 2126 1333 2187; x_wconf 91' lang='lat' dir='ltr'><strong>dato</strong></span> <span class='ocrx_word' id='word_1_101' title='bbox 1357 2125 1408 2186; x_wconf 86' lang='lat'><strong>27.</strong></span> <span class='ocrx_word' id='word_1_102' title='bbox 1425 2127 1527 2187; x_wconf 89' lang='lat' dir='ltr'><strong>martii</strong></span> <span class='ocrx_word' id='word_1_103' title='bbox 1545 2127 1617 2187; x_wconf 88' lang='lat' dir='ltr'><strong>anni</strong></span> <span class='ocrx_word' id='word_1_104' title='bbox 1633 2146 1701 2187; x_wconf 90' lang='lat' dir='ltr'><strong>cur·</strong></span> 
     </span>
     <span class='ocr_line' id='line_1_15' title="bbox 425 2233 1705 2313; baseline -0.001 -18"><span class='ocrx_word' id='word_1_105' title='bbox 425 2237 522 2297; x_wconf 91' lang='lat' dir='ltr'><strong>rentis</strong></span> <span class='ocrx_word' id='word_1_106' title='bbox 546 2236 671 2296; x_wconf 91' lang='lat' dir='ltr'><strong>domino</strong></span> <span class='ocrx_word' id='word_1_107' title='bbox 695 2234 800 2295; x_wconf 91' lang='lat' dir='ltr'><strong>comiti</strong></span> <span class='ocrx_word' id='word_1_108' title='bbox 822 2234 962 2294; x_wconf 87' lang='lat' dir='ltr'><strong>terrestri</strong></span> <span class='ocrx_word' id='word_1_109' title='bbox 986 2233 1160 2313; x_wconf 88' lang='lat' dir='ltr'><strong>perscripta</strong></span> <span class='ocrx_word' id='word_1_110' title='bbox 1182 2234 1306 2313; x_wconf 90' lang='lat' dir='ltr'><strong>publice</strong></span> <span class='ocrx_word' id='word_1_111' title='bbox 1323 2242 1371 2294; x_wconf 93' lang='lat' dir='ltr'><strong>est</strong></span> <span class='ocrx_word' id='word_1_112' title='bbox 1386 2235 1476 2308; x_wconf 88' lang='lat' dir='ltr'><strong>lecta,</strong></span> <span class='ocrx_word' id='word_1_113' title='bbox 1492 2243 1601 2294; x_wconf 88' lang='lat' dir='ltr'><strong>tenore</strong></span> <span class='ocrx_word' id='word_1_114' title='bbox 1617 2233 1705 2294; x_wconf 91' lang='lat' dir='ltr'><strong>cuius</strong></span> 
     </span>
     <span class='ocr_line' id='line_1_16' title="bbox 424 2341 1705 2423; baseline -0.002 -20"><span class='ocrx_word' id='word_1_115' title='bbox 424 2362 480 2423; x_wconf 93' lang='lat' dir='ltr'><strong>pro</strong></span> <span class='ocrx_word' id='word_1_116' title='bbox 512 2362 588 2403; x_wconf 89' lang='lat' dir='ltr'><strong>casu</strong></span> <span class='ocrx_word' id='word_1_117' title='bbox 619 2342 650 2403; x_wconf 92' lang='lat' dir='ltr'><strong>in</strong></span> <span class='ocrx_word' id='word_1_118' title='bbox 681 2342 784 2403; x_wconf 87' lang='lat' dir='ltr'><strong>olficio</strong></span> <span class='ocrx_word' id='word_1_119' title='bbox 816 2341 971 2421; x_wconf 88' lang='lat' dir='ltr'><strong>capitanei</strong></span> <span class='ocrx_word' id='word_1_120' title='bbox 1008 2342 1205 2403; x_wconf 84' lang='lat' dir='ltr'><strong>enasciturae</strong></span> <span class='ocrx_word' id='word_1_121' title='bbox 1237 2342 1419 2408; x_wconf 74' lang='lat' dir='ltr'><strong>vaccaritiae</strong></span> <span class='ocrx_word' id='word_1_122' title='bbox 1456 2360 1548 2401; x_wconf 91' lang='lat' dir='ltr'><strong>suum</strong></span> <span class='ocrx_word' id='word_1_123' title='bbox 1578 2344 1705 2402; x_wconf 87' lang='lat' dir='ltr'><strong>lratrem</strong></span> 
     </span>
     <span class='ocr_line' id='line_1_17' title="bbox 423 2449 1703 2529; baseline -0.002 -18"><span class='ocrx_word' id='word_1_124' title='bbox 423 2451 625 2511; x_wconf 88' lang='lat' dir='ltr'><strong>Ladislauum</strong></span> <span class='ocrx_word' id='word_1_125' title='bbox 648 2450 680 2511; x_wconf 91' lang='lat' dir='ltr'><strong>in</strong></span> <span class='ocrx_word' id='word_1_126' title='bbox 703 2450 820 2527; x_wconf 88' lang='lat' dir='ltr'><strong>inclyta</strong></span> <span class='ocrx_word' id='word_1_127' title='bbox 843 2450 959 2509; x_wconf 87' lang='lat' dir='ltr'><strong>Ioanne</strong></span> <span class='ocrx_word' id='word_1_128' title='bbox 983 2449 1223 2510; x_wconf 86' lang='lat' dir='ltr'><strong>lellachichiaua</strong></span> <span class='ocrx_word' id='word_1_129' title='bbox 1245 2450 1370 2529; x_wconf 87' lang='lat' dir='ltr'><strong>legione</strong></span> <span class='ocrx_word' id='word_1_130' title='bbox 1386 2449 1588 2510; x_wconf 89' lang='lat' dir='ltr'><strong>constitutum</strong></span> <span class='ocrx_word' id='word_1_131' title='bbox 1611 2468 1703 2527; x_wconf 93' lang='lat' dir='ltr'><strong>supe-</strong></span> 
     </span>
     <span class='ocr_line' id='line_1_18' title="bbox 424 2556 1705 2638; baseline -0.003 -18"><span class='ocrx_word' id='word_1_132' title='bbox 424 2560 536 2621; x_wconf 85' lang='lat' dir='ltr'><strong>riorem</strong></span> <span class='ocrx_word' id='word_1_133' title='bbox 569 2561 841 2633; x_wconf 87' lang='lat' dir='ltr'><strong>locumtenentem,</strong></span> <span class='ocrx_word' id='word_1_134' title='bbox 871 2557 1098 2618; x_wconf 86' lang='lat' dir='ltr'><strong>sufficientibus</strong></span> <span class='ocrx_word' id='word_1_135' title='bbox 1121 2558 1322 2638; x_wconf 87' lang='lat' dir='ltr'><strong>qualitatibus</strong></span> <span class='ocrx_word' id='word_1_136' title='bbox 1354 2556 1537 2637; x_wconf 88' lang='lat' dir='ltr'><strong>perhibente</strong></span> <span class='ocrx_word' id='word_1_137' title='bbox 1568 2556 1705 2637; x_wconf 92' lang='lat' dir='ltr'><strong>proprie·</strong></span> 
     </span>
     <span class='ocr_line' id='line_1_19' title="bbox 424 2664 1704 2748; baseline -0.003 -21"><span class='ocrx_word' id='word_1_138' title='bbox 424 2668 492 2727; x_wconf 91' lang='lat' dir='ltr'><strong>tarii</strong></span> <span class='ocrx_word' id='word_1_139' title='bbox 516 2667 676 2748; x_wconf 90' lang='lat' dir='ltr'><strong>regiminis</strong></span> <span class='ocrx_word' id='word_1_140' title='bbox 694 2674 842 2726; x_wconf 86' lang='lat' dir='ltr'><strong>attestato</strong></span> <span class='ocrx_word' id='word_1_141' title='bbox 866 2665 1059 2739; x_wconf 89' lang='lat' dir='ltr'><strong>transmisso,</strong></span> <span class='ocrx_word' id='word_1_142' title='bbox 1077 2666 1250 2743; x_wconf 88' lang='lat' dir='ltr'><strong>praeditum</strong></span> <span class='ocrx_word' id='word_1_143' title='bbox 1266 2666 1298 2725; x_wconf 94' lang='lat' dir='ltr'><strong>in</strong></span> <span class='ocrx_word' id='word_1_144' title='bbox 1312 2665 1510 2745; x_wconf 88' lang='lat' dir='ltr'><strong>capitaneum</strong></span> <span class='ocrx_word' id='word_1_145' title='bbox 1525 2664 1704 2745; x_wconf 88' lang='lat' dir='ltr'><strong>eligendum</strong></span> 
     </span>
     <span class='ocr_line' id='line_1_20' title="bbox 424 2770 1704 2852; baseline -0.002 -17"><span class='ocrx_word' id='word_1_146' title='bbox 424 2776 701 2849; x_wconf 88' lang='lat' dir='ltr'><strong>recommendaret,</strong></span> <span class='ocrx_word' id='word_1_147' title='bbox 718 2772 893 2835; x_wconf 89' lang='lat' dir='ltr'><strong>cuiusmodi</strong></span> <span class='ocrx_word' id='word_1_148' title='bbox 917 2772 1014 2852; x_wconf 89' lang='lat' dir='ltr'><strong>petito</strong></span> <span class='ocrx_word' id='word_1_149' title='bbox 1038 2772 1186 2852; x_wconf 90' lang='lat' dir='ltr'><strong>spectatis</strong></span> <span class='ocrx_word' id='word_1_150' title='bbox 1211 2772 1351 2833; x_wconf 89' lang='lat' dir='ltr'><strong>eiusdem</strong></span> <span class='ocrx_word' id='word_1_151' title='bbox 1374 2771 1479 2833; x_wconf 86' lang='lat' dir='ltr'><strong>fratris</strong></span> <span class='ocrx_word' id='word_1_152' title='bbox 1502 2770 1704 2851; x_wconf 89' lang='lat' dir='ltr'><strong>qualitatibus</strong></span> 
     </span>
     <span class='ocr_line' id='line_1_21' title="bbox 420 2879 1704 2963; baseline -0.004 -20"><span class='ocrx_word' id='word_1_153' title='bbox 420 2891 453 2944; x_wconf 90' lang='lat' dir='ltr'><strong>et</strong></span> <span class='ocrx_word' id='word_1_154' title='bbox 486 2882 608 2963; x_wconf 88' lang='lat' dir='ltr'><strong>origine</strong></span> <span class='ocrx_word' id='word_1_155' title='bbox 643 2881 756 2960; x_wconf 86' lang='lat' dir='ltr'><strong>Campi</strong></span> <span class='ocrx_word' id='word_1_156' title='bbox 792 2880 952 2960; x_wconf 89' lang='lat' dir='ltr'><strong>Turopoly</strong></span> <span class='ocrx_word' id='word_1_157' title='bbox 985 2879 1199 2940; x_wconf 84' lang='lat' dir='ltr'><strong>defferendum</strong></span> <span class='ocrx_word' id='word_1_158' title='bbox 1232 2879 1361 2953; x_wconf 87' lang='lat' dir='ltr'><strong>censuit,</strong></span> <span class='ocrx_word' id='word_1_159' title='bbox 1393 2898 1474 2959; x_wconf 91' lang='lat' dir='ltr'><strong>quae</strong></span> <span class='ocrx_word' id='word_1_160' title='bbox 1510 2879 1612 2940; x_wconf 91' lang='lat' dir='ltr'><strong>littera</strong></span> <span class='ocrx_word' id='word_1_161' title='bbox 1647 2898 1704 2958; x_wconf 93' lang='lat' dir='ltr'><strong>pro</strong></span> 
     </span>
     <span class='ocr_line' id='line_1_22' title="bbox 420 2987 1003 3066; baseline -0.003 -16"><span class='ocrx_word' id='word_1_162' title='bbox 420 2999 506 3050; x_wconf 83' lang='lat' dir='ltr'><strong>statu</strong></span> <span class='ocrx_word' id='word_1_163' title='bbox 530 2988 657 3050; x_wconf 89' lang='lat' dir='ltr'><strong>notitiae</strong></span> <span class='ocrx_word' id='word_1_164' title='bbox 681 2989 722 3048; x_wconf 90' lang='lat' dir='ltr'><strong>ad</strong></span> <span class='ocrx_word' id='word_1_165' title='bbox 747 2998 818 3049; x_wconf 86' lang='lat' dir='ltr'><strong>acta</strong></span> <span class='ocrx_word' id='word_1_166' title='bbox 842 2987 1003 3066; x_wconf 85' lang='lat' dir='ltr'><strong>excipitur.</strong></span> 
     </span>
    </p>
   </div>
   <div class='ocr_carea' id='block_1_5' title="bbox 821 3184 1304 3262">
    <p class='ocr_par' dir='ltr' id='par_1_5' title="bbox 821 3184 1304 3262">
     <span class='ocr_line' id='line_1_23' title="bbox 821 3184 1304 3262; baseline 0.004 -18"><span class='ocrx_word' id='word_1_167' title='bbox 821 3185 1069 3245; x_wconf 88' lang='lat' dir='ltr'><strong>Articulus</strong></span> <span class='ocrx_word' id='word_1_168' title='bbox 1104 3184 1304 3262; x_wconf 91' lang='lat' dir='ltr'><strong>quintus.</strong></span> 
     </span>
    </p>
   </div>
   <div class='ocr_carea' id='block_1_6' title="bbox 418 3344 1706 3852">
    <p class='ocr_par' dir='ltr' id='par_1_6' title="bbox 418 3344 1706 3852">
     <span class='ocr_line' id='line_1_24' title="bbox 527 3344 1698 3427; baseline -0.004 -18"><span class='ocrx_word' id='word_1_169' title='bbox 527 3349 608 3409; x_wconf 85' lang='lat' dir='ltr'><strong>Acta</strong></span> <span class='ocrx_word' id='word_1_170' title='bbox 637 3347 847 3408; x_wconf 83' lang='lat' dir='ltr'><strong>conferentiae</strong></span> <span class='ocrx_word' id='word_1_171' title='bbox 880 3345 1083 3427; x_wconf 84' lang='lat' dir='ltr'><strong>regnicolaris</strong></span> <span class='ocrx_word' id='word_1_172' title='bbox 1106 3365 1163 3425; x_wconf 90' lang='lat' dir='ltr'><strong>pro</strong></span> <span class='ocrx_word' id='word_1_173' title='bbox 1190 3345 1375 3406; x_wconf 89' lang='lat' dir='ltr'><strong>definiendis</strong></span> <span class='ocrx_word' id='word_1_174' title='bbox 1412 3344 1609 3405; x_wconf 89' lang='lat' dir='ltr'><strong>ulterioribus</strong></span> <span class='ocrx_word' id='word_1_175' title='bbox 1644 3348 1698 3405; x_wconf 90' lang='lat' dir='ltr'><strong>de·</strong></span> 
     </span>
     <span class='ocr_line' id='line_1_25' title="bbox 418 3451 1694 3533; baseline -0.005 -15"><span class='ocrx_word' id='word_1_176' title='bbox 418 3457 567 3520; x_wconf 85' lang='lat' dir='ltr'><strong>lensionis</strong></span> <span class='ocrx_word' id='word_1_177' title='bbox 590 3455 700 3516; x_wconf 90' lang='lat' dir='ltr'><strong>mediis</strong></span> <span class='ocrx_word' id='word_1_178' title='bbox 724 3455 781 3514; x_wconf 90' lang='lat' dir='ltr'><strong>sub</strong></span> <span class='ocrx_word' id='word_1_179' title='bbox 806 3454 962 3533; x_wconf 89' lang='lat' dir='ltr'><strong>praesidio</strong></span> <span class='ocrx_word' id='word_1_180' title='bbox 987 3453 1238 3513; x_wconf 83' lang='lat' dir='ltr'><strong>excellentissimi</strong></span> <span class='ocrx_word' id='word_1_181' title='bbox 1262 3452 1379 3512; x_wconf 90' lang='lat' dir='ltr'><strong>domini</strong></span> <span class='ocrx_word' id='word_1_182' title='bbox 1396 3451 1599 3512; x_wconf 89' lang='lat' dir='ltr'><strong>Maximiliani</strong></span> <span class='ocrx_word' id='word_1_183' title='bbox 1618 3453 1694 3512; x_wconf 90' lang='lat' dir='ltr'><strong>Ver·</strong></span> 
     </span>
     <span class='ocr_line' id='line_1_26' title="bbox 418 3559 1706 3643; baseline -0.003 -19"><span class='ocrx_word' id='word_1_184' title='bbox 418 3566 546 3638; x_wconf 89' lang='lat' dir='ltr'><strong>hovacz,</strong></span> <span class='ocrx_word' id='word_1_185' title='bbox 571 3562 708 3643; x_wconf 91' lang='lat' dir='ltr'><strong>episcopi</strong></span> <span class='ocrx_word' id='word_1_186' title='bbox 732 3562 964 3642; x_wconf 87' lang='lat' dir='ltr'><strong>Zagrabiensis‚</strong></span> <span class='ocrx_word' id='word_1_187' title='bbox 993 3580 1056 3639; x_wconf 91' lang='lat' dir='ltr'><strong>qua</strong></span> <span class='ocrx_word' id='word_1_188' title='bbox 1088 3559 1333 3620; x_wconf 83' lang='lat' dir='ltr'><strong>banalis·officii</strong></span> <span class='ocrx_word' id='word_1_189' title='bbox 1374 3559 1622 3632; x_wconf 88' lang='lat' dir='ltr'><strong>locumtenentis,</strong></span> <span class='ocrx_word' id='word_1_190' title='bbox 1646 3559 1706 3620; x_wconf 91' lang='lat' dir='ltr'><strong>Za·</strong></span> 
     </span>
     <span class='ocr_line' id='line_1_27' title="bbox 419 3664 1705 3752; baseline -0.005 -21"><span class='ocrx_word' id='word_1_191' title='bbox 419 3671 550 3752; x_wconf 83' lang='lat' dir='ltr'><strong>grabiae</strong></span> <span class='ocrx_word' id='word_1_192' title='bbox 573 3670 604 3729; x_wconf 92' lang='lat' dir='ltr'><strong>in</strong></span> <span class='ocrx_word' id='word_1_193' title='bbox 629 3688 700 3729; x_wconf 89' lang='lat' dir='ltr'><strong>arce</strong></span> <span class='ocrx_word' id='word_1_194' title='bbox 732 3669 900 3747; x_wconf 88' lang='lat' dir='ltr'><strong>episcopali</strong></span> <span class='ocrx_word' id='word_1_195' title='bbox 925 3667 976 3728; x_wconf 89' lang='lat' dir='ltr'><strong>die</strong></span> <span class='ocrx_word' id='word_1_196' title='bbox 1006 3666 1053 3727; x_wconf 91' lang='lat' dir='ltr'><strong>ll.</strong></span> <span class='ocrx_word' id='word_1_197' title='bbox 1086 3667 1190 3728; x_wconf 89' lang='lat' dir='ltr'><strong>martii</strong></span> <span class='ocrx_word' id='word_1_198' title='bbox 1225 3664 1317 3730; x_wconf 82' lang='lat'>1809.</span> <span class='ocrx_word' id='word_1_199' title='bbox 1350 3667 1526 3726; x_wconf 89' lang='lat' dir='ltr'><strong>celebratae</strong></span> <span class='ocrx_word' id='word_1_200' title='bbox 1557 3666 1705 3726; x_wconf 89' lang='lat' dir='ltr'><strong>conclusa</strong></span> 
     </span>
     <span class='ocr_line' id='line_1_28' title="bbox 419 3773 1695 3852; baseline -0.004 -14"><span class='ocrx_word' id='word_1_201' title='bbox 419 3798 489 3839; x_wconf 92' lang='lat' dir='ltr'><strong>cum</strong></span> <span class='ocrx_word' id='word_1_202' title='bbox 514 3779 573 3838; x_wconf 91' lang='lat' dir='ltr'><strong>hac</strong></span> <span class='ocrx_word' id='word_1_203' title='bbox 597 3777 800 3838; x_wconf 88' lang='lat' dir='ltr'><strong>universitate</strong></span> <span class='ocrx_word' id='word_1_204' title='bbox 822 3775 1064 3848; x_wconf 83' lang='lat' dir='ltr'><strong>communicata,</strong></span> <span class='ocrx_word' id='word_1_205' title='bbox 1088 3794 1145 3852; x_wconf 93' lang='lat' dir='ltr'><strong>pro</strong></span> <span class='ocrx_word' id='word_1_206' title='bbox 1158 3782 1241 3834; x_wconf 87' lang='lat' dir='ltr'><strong>statu</strong></span> <span class='ocrx_word' id='word_1_207' title='bbox 1264 3773 1392 3834; x_wconf 84' lang='lat' dir='ltr'><strong>notitiae</strong></span> <span class='ocrx_word' id='word_1_208' title='bbox 1417 3774 1457 3834; x_wconf 92' lang='lat' dir='ltr'><strong>ad</strong></span> <span class='ocrx_word' id='word_1_209' title='bbox 1482 3783 1553 3834; x_wconf 86' lang='lat' dir='ltr'><strong>acta</strong></span> <span class='ocrx_word' id='word_1_210' title='bbox 1576 3774 1695 3834; x_wconf 81' lang='lat' dir='ltr'><strong>univer·</strong></span> 
     </span>
    </p>
   </div>
   <div class='ocr_carea' id='block_1_7' title="bbox 417 3885 1228 4160">
    <p class='ocr_par' dir='ltr' id='par_1_7' title="bbox 417 3885 1228 4160">
     <span class='ocr_line' id='line_1_29' title="bbox 417 3885 858 3963; baseline -0.009 -16"><span class='ocrx_word' id='word_1_211' title='bbox 417 3886 518 3948; x_wconf 87' lang='lat' dir='ltr'><strong>sitatis</strong></span> <span class='ocrx_word' id='word_1_212' title='bbox 541 3885 632 3946; x_wconf 90' lang='lat' dir='ltr'><strong>huius</strong></span> <span class='ocrx_word' id='word_1_213' title='bbox 658 3892 858 3963; x_wconf 88' lang='lat' dir='ltr'><strong>reponuntur.</strong></span> 
     </span>
     <span class='ocr_line' id='line_1_30' title="bbox 893 4075 1228 4160; baseline 0 -20"><span class='ocrx_word' id='word_1_214' title='bbox 893 4075 1042 4160; x_wconf 83' lang='lat' dir='ltr'><strong>(Ceteris</strong></span> <span class='ocrx_word' id='word_1_215' title='bbox 1064 4075 1228 4156; x_wconf 84' lang='lat' dir='ltr'><strong>emissis.)</strong></span> 
     </span>
    </p>
   </div>
   <div class='ocr_carea' id='block_1_8' title="bbox 758 4275 1357 4336">
    <p class='ocr_par' dir='ltr' id='par_1_8' title="bbox 758 4275 1357 4336">
     <span class='ocr_line' id='line_1_31' title="bbox 758 4275 1357 4336; baseline 0 0"><span class='ocrx_word' id='word_1_216' title='bbox 758 4275 1011 4336; x_wconf 85' lang='lat' dir='ltr'><strong>Articulus</strong></span> <span class='ocrx_word' id='word_1_217' title='bbox 1044 4275 1357 4336; x_wconf 90' lang='lat' dir='ltr'><strong>duodecimus.</strong></span> 
     </span>
    </p>
   </div>
   <div class='ocr_carea' id='block_1_9' title="bbox 415 4434 1697 5055">
    <p class='ocr_par' dir='ltr' id='par_1_9' title="bbox 415 4434 1697 5055">
     <span class='ocr_line' id='line_1_32' title="bbox 521 4434 1695 4516; baseline -0.004 -18"><span class='ocrx_word' id='word_1_218' title='bbox 521 4439 631 4500; x_wconf 88' lang='lat' dir='ltr'><strong>Relata</strong></span> <span class='ocrx_word' id='word_1_219' title='bbox 667 4446 739 4498; x_wconf 91' lang='lat' dir='ltr'><strong>sunt</strong></span> <span class='ocrx_word' id='word_1_220' title='bbox 774 4447 843 4498; x_wconf 86' lang='lat' dir='ltr'><strong>acta</strong></span> <span class='ocrx_word' id='word_1_221' title='bbox 879 4437 1090 4516; x_wconf 88' lang='lat' dir='ltr'><strong>deputationis</strong></span> <span class='ocrx_word' id='word_1_222' title='bbox 1126 4437 1156 4496; x_wconf 92' lang='lat' dir='ltr'><strong>in</strong></span> <span class='ocrx_word' id='word_1_223' title='bbox 1192 4435 1302 4496; x_wconf 88' lang='lat' dir='ltr'><strong>merito</strong></span> <span class='ocrx_word' id='word_1_224' title='bbox 1337 4434 1495 4496; x_wconf 90' lang='lat' dir='ltr'><strong>honorarii</strong></span> <span class='ocrx_word' id='word_1_225' title='bbox 1529 4434 1695 4514; x_wconf 87' lang='lat' dir='ltr'><strong>postremis</strong></span> 
     </span>
     <span class='ocr_line' id='line_1_33' title="bbox 415 4541 1696 4626; baseline -0.005 -20"><span class='ocrx_word' id='word_1_226' title='bbox 415 4546 548 4607; x_wconf 89' lang='lat' dir='ltr'><strong>comitiis</strong></span> <span class='ocrx_word' id='word_1_227' title='bbox 578 4546 668 4626; x_wconf 87' lang='lat' dir='ltr'><strong>regni</strong></span> <span class='ocrx_word' id='word_1_228' title='bbox 700 4543 883 4625; x_wconf 90' lang='lat' dir='ltr'><strong>Hungariae</strong></span> <span class='ocrx_word' id='word_1_229' title='bbox 915 4544 1113 4624; x_wconf 87' lang='lat' dir='ltr'><strong>partiumque</strong></span> <span class='ocrx_word' id='word_1_230' title='bbox 1141 4544 1342 4620; x_wconf 88' lang='lat' dir='ltr'><strong>adnexarum,</strong></span> <span class='ocrx_word' id='word_1_231' title='bbox 1366 4562 1443 4602; x_wconf 89' lang='lat' dir='ltr'><strong>suae</strong></span> <span class='ocrx_word' id='word_1_232' title='bbox 1467 4541 1623 4602; x_wconf 88' lang='lat' dir='ltr'><strong>maiestati</strong></span> <span class='ocrx_word' id='word_1_233' title='bbox 1648 4561 1696 4600; x_wconf 92' lang='lat' dir='ltr'><strong>re·</strong></span> 
     </span>
     <span class='ocr_line' id='line_1_34' title="bbox 416 4650 1696 4735; baseline -0.005 -20"><span class='ocrx_word' id='word_1_234' title='bbox 416 4655 511 4735; x_wconf 89' lang='lat' dir='ltr'><strong>ginae</strong></span> <span class='ocrx_word' id='word_1_235' title='bbox 541 4654 721 4714; x_wconf 90' lang='lat' dir='ltr'><strong>Ludovicae</strong></span> <span class='ocrx_word' id='word_1_236' title='bbox 745 4653 776 4712; x_wconf 93' lang='lat' dir='ltr'><strong>in</strong></span> <span class='ocrx_word' id='word_1_237' title='bbox 801 4650 944 4714; x_wconf 84' lang='lat'><strong>500.000</strong></span> <span class='ocrx_word' id='word_1_238' title='bbox 965 4652 1093 4712; x_wconf 89' lang='lat' dir='ltr'><strong>florenis</strong></span> <span class='ocrx_word' id='word_1_239' title='bbox 1116 4651 1212 4711; x_wconf 87' lang='lat' dir='ltr'><strong>oblati</strong></span> <span class='ocrx_word' id='word_1_240' title='bbox 1235 4651 1421 4724; x_wconf 87' lang='lat' dir='ltr'><strong>celebratae,</strong></span> <span class='ocrx_word' id='word_1_241' title='bbox 1444 4669 1507 4730; x_wconf 88' lang='lat' dir='ltr'><strong>qua</strong></span> <span class='ocrx_word' id='word_1_242' title='bbox 1530 4650 1696 4709; x_wconf 90' lang='lat' dir='ltr'><strong>occasione</strong></span> 
     </span>
     <span class='ocr_line' id='line_1_35' title="bbox 416 4755 1693 4841; baseline -0.005 -19"><span class='ocrx_word' id='word_1_243' title='bbox 416 4763 495 4822; x_wconf 88' lang='lat' dir='ltr'><strong>eruit</strong></span> <span class='ocrx_word' id='word_1_244' title='bbox 518 4761 687 4841; x_wconf 70' lang='lat' dir='ltr'><strong>deputatio</strong></span> <span class='ocrx_word' id='word_1_245' title='bbox 714 4761 798 4840; x_wconf 92' lang='lat' dir='ltr'><strong>quod</strong></span> <span class='ocrx_word' id='word_1_246' title='bbox 822 4759 941 4820; x_wconf 90' lang='lat' dir='ltr'><strong>nobiles</strong></span> <span class='ocrx_word' id='word_1_247' title='bbox 966 4759 1134 4838; x_wconf 88' lang='lat' dir='ltr'><strong>gremiales</strong></span> <span class='ocrx_word' id='word_1_248' title='bbox 1157 4758 1246 4818; x_wconf 92' lang='lat' dir='ltr'><strong>titulo</strong></span> <span class='ocrx_word' id='word_1_249' title='bbox 1269 4758 1444 4838; x_wconf 89' lang='lat' dir='ltr'><strong>praemisso</strong></span> <span class='ocrx_word' id='word_1_250' title='bbox 1473 4755 1533 4816; x_wconf 83' lang='lat'><strong>102</strong></span> <span class='ocrx_word' id='word_1_251' title='bbox 1557 4757 1693 4816; x_wconf 89' lang='lat' dir='ltr'><strong>florenos</strong></span> 
     </span>
     <span class='ocr_line' id='line_1_36' title="bbox 416 4863 1697 4944; baseline -0.004 -15"><span class='ocrx_word' id='word_1_252' title='bbox 416 4869 648 4930; x_wconf 86' lang='lat' dir='ltr'><strong>individualiter</strong></span> <span class='ocrx_word' id='word_1_253' title='bbox 671 4869 793 4928; x_wconf 91' lang='lat' dir='ltr'><strong>solvere</strong></span> <span class='ocrx_word' id='word_1_254' title='bbox 813 4875 988 4941; x_wconf 86' lang='lat' dir='ltr'><strong>teneantur,</strong></span> <span class='ocrx_word' id='word_1_255' title='bbox 1012 4867 1052 4926; x_wconf 90' lang='lat' dir='ltr'><strong>ad</strong></span> <span class='ocrx_word' id='word_1_256' title='bbox 1065 4865 1237 4926; x_wconf 89' lang='lat' dir='ltr'><strong>cuiusmodi</strong></span> <span class='ocrx_word' id='word_1_257' title='bbox 1261 4865 1441 4944; x_wconf 85' lang='lat' dir='ltr'><strong>adrepartiti</strong></span> <span class='ocrx_word' id='word_1_258' title='bbox 1466 4864 1623 4924; x_wconf 85' lang='lat' dir='ltr'><strong>honorarii</strong></span> <span class='ocrx_word' id='word_1_259' title='bbox 1646 4863 1697 4924; x_wconf 90' lang='lat' dir='ltr'><strong>iu·</strong></span> 
     </span>
     <span class='ocr_line' id='line_1_37' title="bbox 415 4974 1694 5055; baseline -0.006 -17"><span class='ocrx_word' id='word_1_260' title='bbox 415 4977 623 5038; x_wconf 86' lang='lat' dir='ltr'><strong>cassationem</strong></span> <span class='ocrx_word' id='word_1_261' title='bbox 656 4995 717 5055; x_wconf 89' lang='lat' dir='ltr'><strong>quo</strong></span> <span class='ocrx_word' id='word_1_262' title='bbox 741 4994 838 5052; x_wconf 90' lang='lat' dir='ltr'><strong>ocyus</strong></span> <span class='ocrx_word' id='word_1_263' title='bbox 869 4975 1100 5046; x_wconf 86' lang='lat' dir='ltr'><strong>instituendam,</strong></span> <span class='ocrx_word' id='word_1_264' title='bbox 1128 4974 1271 5032; x_wconf 90' lang='lat' dir='ltr'><strong>dorninus</strong></span> <span class='ocrx_word' id='word_1_265' title='bbox 1296 4974 1427 5032; x_wconf 90' lang='lat' dir='ltr'><strong>actualis</strong></span> <span class='ocrx_word' id='word_1_266' title='bbox 1451 4980 1615 5050; x_wconf 91' lang='lat' dir='ltr'><strong>perceptor</strong></span> <span class='ocrx_word' id='word_1_267' title='bbox 1639 4991 1694 5030; x_wconf 93' lang='lat' dir='ltr'><strong>au·</strong></span> 
     </span>
    </p>
   </div>
   <div class='ocr_carea' id='block_1_10' title="bbox 0 0 1972 5550">
    <p class='ocr_par' dir='ltr' id='par_1_10' title="bbox 0 0 1972 5550">
     <span class='ocr_line' id='line_1_38' title="bbox 0 0 1972 5550; baseline 0 7"><span class='ocrx_word' id='word_1_268' title='bbox 0 0 1972 5550; x_wconf 95' lang='lat' dir='ltr'><strong> </strong></span> 
     </span>
    </p>
   </div>
  </div>
 </body>
</html>
