3934 5550
524 638 567 697 In
591 638 778 697 secundo
808 636 930 695 lolio:
955 633 1131 693 Reverendi
1155 634 1272 693 domini
1297 634 1474 712 capitulum,
1500 653 1537 692 ex
1562 653 1609 709 eo,
1626 634 1698 711 quia

415 756 517 807 testes
548 744 751 823 suprascripti
784 745 824 803 ad
856 744 950 803 fidem
982 762 1090 803 eorum
1115 743 1175 801 deo
1199 742 1338 802 debitam
1371 760 1477 801 coram
1502 742 1620 801 eisdem
1645 742 1698 800 do-

416 854 510 914 minis
533 854 713 914 retulissent
736 850 975 931 dispositionem
999 852 1081 909 hanc
1105 869 1212 910 veram
1230 858 1261 909 et
1277 826 1481 909 indubitatam
1507 867 1577 909 esse
1608 850 1699 908 huius

418 961 586 1031 testatoris,
621 978 755 1038 eamque
784 960 860 1037 ipsis
892 957 1091 1036 presentibus
1115 958 1146 1016 in
1170 957 1278 1017 mortis
1310 958 1439 1017 articulo
1471 956 1585 1016 iactam
1610 974 1699 1025 esse;

417 1069 456 1127 ob
484 1069 517 1128 id
540 1068 572 1127 in
595 1076 726 1141 tantum,
750 1066 781 1125 in
805 1077 957 1144 quantum
980 1065 1099 1124 scilicet
1122 1083 1193 1125 eam
1218 1064 1274 1123 rite
1301 1075 1333 1124 et
1357 1064 1494 1144 legitime
1517 1064 1622 1124 lacere
1645 1083 1698 1142 po-

417 1176 485 1252 tuit,
511 1175 704 1248 auctoritate,
728 1192 790 1253 qua
814 1172 959 1232 inbonis
983 1173 1048 1231 suis
1072 1172 1187 1250 ubique
1202 1180 1330 1231 utuntur
1353 1172 1547 1241 confirmare,
1565 1171 1699 1250 sigillum

417 1302 508 1342 suum
542 1282 651 1341 usuale
682 1281 785 1341 minus
817 1300 888 1339 cum
920 1279 1149 1358 subscriptione
1182 1298 1293 1339 manus
1325 1272 1449 1339 lec'toris
1482 1278 1615 1357 imprimi
1647 1298 1699 1338 cu·

419 1398 533 1449 rantes.
558 1390 674 1449 Datum
698 1388 749 1448 die
774 1386 826 1450 20.
851 1387 956 1466 aprilis
985 1384 1076 1449 1581.

904 1532 1149 1611 Christophnrus
1173 1532 1331 1608 Grannya
1348 1533 1453 1605 lector,
1476 1532 1516 1591 de
1541 1531 1699 1591 voluntate

989 1641 1184 1700 dominorum
1208 1639 1334 1719 capituli
1358 1660 1453 1699 manu
1476 1640 1602 1718 propria

1245 1750 1290 1824 (L
1313 1748 1356 1823 S.)

532 1876 672 1935 Aureum
695 1896 752 1953 pro
776 1875 1012 1935 confirmatione
1044 1875 1161 1945 datum,
1185 1874 1301 1934 domini
1334 1874 1372 1933 ad
1396 1871 1547 1933 fabricam
1572 1873 1703 1932 ecclesie

418 1985 599 2045 beatissime
624 1982 754 2063 virginis
786 1983 943 2061 deputent.
967 1983 1007 2042 Et
1033 1982 1124 2041 datus
1148 1981 1245 2042 estin
1269 2000 1380 2041 manus
1405 1980 1548 2061 magistri
1572 1980 1702 2040 Mikatii

419 2092 569 2171 prepositi
595 2092 663 2151 eius
687 2090 849 2151 ecclesiae.

526 2214 673 2285 Originale
691 2214 881 2278 chartaceum,
900 2230 1068 2280 appressum
1088 2220 1133 2265 cst
1152 2211 1273 2283 sigillum
1288 2212 1381 2266 minus
1394 2212 1557 2279 capitulare.
1578 2214 1607 2265 ln
1628 2211 1702 2265 arch.

419 2306 516 2360 accad.
535 2305 635 2357 scient.
654 2302 754 2356 Slavor
781 2302 880 2354 merid.
900 2301 1061 2371 Zagrabiae.

421 2396 633 2404 -μ

530 2428 537 2457 ¹
557 2429 588 2482 ln
606 2429 705 2482 coaevi
723 2427 807 2495 copia
824 2428 966 2495 sequitur:
984 2428 1190 2494 sepeliendum.
1230 2427 1239 2454 ¹
1259 2428 1399 2496 sequitur:
1419 2430 1447 2479 in
1470 2444 1536 2481 arca
1549 2427 1697 2494 capitulari

420 2527 558 2575 extructa.
597 2518 766 2586 ’sequiturz
785 2518 812 2568 in
832 2516 911 2587 Nagy
923 2516 1153 2570 Mlakaomnino.
1190 2516 1354 2586 ‘sequiturt
1375 2518 1527 2571 existentia
1546 2526 1575 2570 et
1592 2518 1700 2583 habita,

419 2626 494 2680 quae
513 2625 569 2679 ego
587 2607 709 2675 propriis
735 2607 896 2673 sumptibus
922 2614 951 2658 et
977 2606 1072 2675 latigis
1092 2623 1127 2659 ex
1147 2608 1277 2661 manibus
1297 2608 1395 2660 alienis
1416 2608 1592 2675 recuperavi.
1611 2607 1699 2675 (Quid

421 2715 507 2767 supra
530 2696 659 2766 sequitur
686 2696 721 2748 ab
753 2696 851 2747 ›mihi‹
879 2712 970 2764 usque
999 2697 1034 2749 ad
1065 2704 1274 2765 »sequestrata«
1303 2712 1360 2749 non
1384 2697 1524 2764 reperitur
1553 2697 1580 2748 in
1601 2694 1702 2763 copia.)

424 2790 515 2842 'Hoc
534 2788 652 2840 verbum
672 2803 729 2840 non
749 2794 827 2839 extat
847 2787 873 2838 in
893 2787 983 2853 copia.
1023 2785 1191 2854 '‘sequitur:
1208 2788 1387 2854 pertinentiis
1406 2786 1588 2855 quibuslibet.
1629 2787 1702 2838 'se-

420 2880 529 2948 quitur:
555 2877 701 2944 Stephano
726 2876 761 2942 (si
786 2882 889 2940 autem,
913 2876 992 2944 quod
1018 2876 1089 2928 deus
1115 2876 1214 2943 procul
1242 2884 1359 2942 avertat,
1379 2877 1434 2929 iarn
1463 2877 1540 2930 dicto
1559 2876 1616 2929 lilio
1636 2891 1702 2929 meo

421 2968 567 3035 Stephano
586 2982 622 3019 er
641 2966 695 3019 hoc
714 2965 828 3018 sacculo
856 2966 1016 3034 demigrare
1042 2966 1221 3034 contingerit,
1248 2974 1352 3019 extunc
1376 2966 1541 3033 saepedicta
1566 2967 1642 3018 bona
1667 2965 1703 3018 ad

422 3073 539 3111 uxorem
560 3071 653 3108 meam
672 3055 905 3108 condescendere
924 3054 1057 3120 debeant,
1079 3054 1180 3107 iratres
1200 3061 1293 3108 autern
1321 3057 1385 3120 mei,
1411 3056 1455 3108 vel
1475 3055 1520 3108 alii
1539 3054 1702 3122 propinqui,

421 3148 594 3216 quicumque
613 3146 718 3197 dictam
737 3161 855 3198 uxorem
875 3161 968 3197 meam
987 3154 1054 3212 post
1073 3146 1224 3198 decessum
1244 3145 1291 3198 filii
1311 3147 1366 3198 mci
1386 3145 1413 3198 in
1433 3146 1517 3198 bonis
1538 3145 1622 3197 dictis
1645 3161 1704 3196 mo·

422 3235 525 3289 lestare
544 3233 589 3286 vel
607 3233 746 3300 impedire
765 3233 923 3298 voluerunt,
947 3241 1053 3287 extunc
1073 3235 1153 3287 uxori
1174 3250 1255 3287 meae
1274 3235 1406 3301 deposita
1426 3235 1504 3302 prius
1524 3251 1646 3298 summa,
1664 3233 1704 3285 vi-

422 3325 526 3378 delicet
545 3323 660 3376 florenis
678 3322 915 3393 Hungaricalibus
928 3323 1080 3388 trecentis,
1099 3325 1174 3376 bona
1195 3323 1359 3390 saepedicta
1378 3339 1518 3390 occupare
1539 3323 1650 3376 valeant
1672 3338 1704 3375 ac

421 3413 542 3480 possint
567 3411 650 3464 huius
676 3414 840 3465 testamenti
866 3414 922 3465 mei
951 3430 1003 3480 per
1026 3414 1163 3483 vigorem.
1204 3413 1295 3465 'Hoc
1315 3413 1432 3465 verbum
1451 3414 1480 3464 in
1499 3413 1582 3479 copia
1611 3412 1702 3464 deest.

424 3503 598 3572 ’sequitur2
624 3508 653 3553 et
671 3503 776 3554 caeteri
806 3519 891 3570 quarn
916 3502 1037 3570 plurimi.
1064 3501 1197 3556 Ceterum
1225 3503 1252 3554 in
1277 3504 1361 3569 copia
1386 3503 1475 3556 deest.
1498 3531 1529 3538 -
1550 3503 1602 3555 NB.
1623 3501 1702 3556 Haec

422 3607 524 3646 omnes
543 3589 742 3645 annotationes
761 3592 865 3644 dictam
885 3593 997 3660 copiam
1016 3591 1145 3645 attinent.

1029 3877 1100 3949 24.

532 4079 623 4136 Anno
653 4074 743 4136 1581.
774 4075 820 4138 ll.
844 4076 926 4139 iunii.

532 4273 591 4331 Die
615 4272 779 4348 dominico,
803 4271 937 4330 infesto
968 4273 1052 4332 beati
1084 4273 1228 4332 Barnabe
1262 4275 1401 4352 apostoli,
1427 4273 1537 4332 nobilis
1561 4275 1705 4333 Andreas

425 4381 613 4459 Krysanych
644 4381 684 4439 de
709 4380 878 4456 Mraezlyn,
903 4380 1050 4440 oneribus
1075 4429 1082 4442 .
1107 4431 1112 4444 .
1139 4427 1144 4438 .
1169 4427 1175 4440 .
1201 4390 1311 4458 sponte
1335 4381 1438 4440 lassus
1469 4392 1516 4440 est
1539 4381 1702 4459 providum

427 4490 587 4549 Simonem
610 4487 733 4547 labrum
761 4488 1006 4566 Modrwscbyalr
1036 4501 1181 4550 vocaturn
1207 4491 1245 4549 de
1270 4491 1421 4566 szthylr
1446 4490 1476 4549 in
1501 4491 1704 4566 Krawarzlra,

428 4595 637 4673 assumpsisse
671 4596 701 4654 in
731 4595 857 4656 fratrem
890 4615 982 4655 suurn
1015 4597 1209 4674 legittimum,
1241 4617 1278 4656 ex
1311 4615 1411 4675 eoque
1435 4597 1466 4656 in
1491 4598 1641 4657 directam
1673 4606 1704 4656 et

430 4703 573 4783 equalem
597 4703 797 4763 medietatem
821 4711 885 4763 tam
909 4704 994 4763 curie
1022 4704 1201 4778 nobilitatis,
1226 4723 1320 4782 quam
1345 4705 1443 4763 eciam
1467 4704 1623 4782 porcionis
1647 4723 1703 4764 sue

430 4811 677 4891 possessionarie
701 4811 732 4869 in
757 4812 956 4889 possessione
972 4812 1134 4888 Mraczlyn
1159 4832 1196 4872 ac
1220 4811 1343 4890 Campo
1367 4821 1397 4871 et
1421 4813 1569 4872 comitatu
1585 4813 1703 4892 Zagra·

430 4919 529 4980 biensi
555 4919 714 4978 existentis
738 4919 852 4994 habite,
877 4930 907 4980 et
931 4930 1112 4980 cunctarum
1136 4921 1397 5000 pertinencinrum
1414 4941 1550 4994 suarum,
1570 4921 1628 4980 sub
1646 4921 1704 4982 liae
