3934 5550
1491 424 1548 485 141

269 646 405 723 propria,
430 654 483 703 aut
507 665 588 723 quae
613 646 783 705 malueritis
808 646 876 705 loca
900 646 1045 719 redeatis,
1069 644 1165 704 salvis
1189 663 1314 723 semper
1348 641 1490 720 personis
1522 640 1553 697 et

270 751 365 811 rebus
389 753 501 811 vestris
525 752 582 811 sub
606 760 714 813 nostra
738 752 931 830 protectione
955 759 987 812 et
1009 753 1107 812 tutela
1131 751 1259 830 speciali
1282 748 1546 829 permanentibus.

271 860 310 918 Et
335 860 413 919 haec
438 860 582 919 volumus
604 858 635 918 in
659 858 735 918 foris
760 868 789 919 et
815 858 883 918 aliis
905 858 982 918 locis
1006 858 1137 937 publicis
1161 858 1276 937 ubique
1310 858 1415 935 palam
1447 855 1553 914 iacere

268 966 464 1046 proclamari.
488 968 676 1027 Praesentes
701 985 785 1040 vero,
810 986 888 1045 quas
913 975 1035 1027 secreto
1059 966 1161 1045 sigillo
1185 975 1300 1040 nostr0,
1333 984 1396 1043 quo
1429 972 1463 1021 ut
1493 980 1547 1020 rex

269 1074 453 1153 Hungariae
476 1074 591 1133 utimur
616 1074 809 1152 impendenti
831 1074 1016 1134 communiri
1039 1073 1180 1149 fecimus,
1212 1083 1283 1151 post
1315 1090 1422 1131 earum
1454 1071 1548 1129 lectu·

268 1201 336 1241 ram
360 1200 485 1259 semper
508 1181 594 1241 reddi
620 1182 762 1241 volumus
788 1201 824 1241 ac
848 1182 991 1241 iubemus
1023 1181 1246 1259 praesentanti.
1279 1181 1394 1238 Datum
1419 1178 1450 1235 in
1474 1177 1548 1236 civi·

268 1298 333 1349 tate
364 1298 470 1349 nostra
494 1288 616 1348 Vienna
640 1288 796 1363 Austriae,
821 1289 870 1348 die
903 1289 1027 1347 decima
1057 1297 1171 1347 octava
1201 1287 1318 1347 mensis
1350 1284 1435 1360 iunii,
1469 1302 1551 1342 anno

268 1396 384 1456 domini
422 1394 586 1455 millesimo
618 1396 846 1456 sexcentesimo
879 1395 1124 1475 quadragesimo
1160 1414 1260 1468 nono;
1293 1411 1461 1472 regnorum
1495 1410 1548 1449 no-

268 1514 401 1565 strornm
432 1504 565 1564 Romani
598 1504 721 1563 decimo
752 1505 857 1577 terti0,
889 1504 1074 1583 Hungariae
1108 1511 1140 1562 et
1174 1503 1363 1581 reliquorum
1397 1498 1553 1578 vigesimo

270 1620 390 1691 quartu,
415 1611 586 1671 bohemiae
611 1630 686 1671 vero
711 1631 793 1671 anno
819 1611 974 1691 vigesimo
997 1612 1146 1670 secundo

318 1756 535 1815 Ferdinandus
558 1776 598 1817 m.
622 1776 651 1834 p.

779 1881 936 1960 Georgius
960 1880 1185 1958 Szelepcheny,
1201 1882 1319 1939 electus
1344 1880 1510 1959 episcopus

992 1987 1157 2047 Nitriensis
1182 2006 1221 2046 m.
1245 2007 1273 2065 p.

936 2095 1094 2175 Georgius
1117 2095 1222 2169 Orosy
1245 2114 1285 2154 m.
1309 2114 1339 2172 p.

375 2235 520 2306 Originale
540 2238 764 2301 membraneum,
784 2252 800 2289 a
818 2252 890 2289 zona
908 2236 1018 2289 sericea
1036 2235 1122 2301 rubri,
1140 2235 1274 2291 coerulei.
1293 2233 1349 2287 albi
1369 2241 1399 2286 et
1418 2233 1481 2287 flavi
1506 2249 1553 2287 co-

274 2325 336 2379 oris
355 2325 464 2393 pendet
483 2324 605 2395 sigillum
625 2326 656 2377 ln
675 2326 790 2379 archivo
809 2341 951 2379 commun.
972 2324 1058 2379 nobil.
1078 2325 1115 2377 de
1130 2324 1292 2393 TuropolJc.

877 2626 950 2699 81.

377 2829 468 2887 Αο00
497 2825 588 2888 1650.
617 2825 666 2892 13.
690 2829 873 2890 decembris:
898 2831 931 2888 ln
956 2830 1084 2888 castello
1109 2829 1292 2892 kaauecz.

375 3026 409 3085 ln
433 3025 680 3105 congregatione
710 3025 850 3105 generali
891 3025 1039 3085 nobilium
1072 3025 1185 3103 Campi
1216 3025 1450 3105 Zagrabiensis,
1481 3025 1549 3084 Ste-

266 3133 388 3210 phanus
419 3133 575 3206 Skerlecz,
607 3151 646 3191 ex
670 3151 826 3192 consensu
861 3143 892 3193 et
923 3135 1084 3194 voluntate
1113 3135 1208 3193 totius
1237 3132 1449 3194 universitatis
1478 3132 1550 3193 nob.

266 3237 379 3316 Campi
402 3239 625 3319 Zagrabiensis
649 3241 680 3300 in
696 3241 885 3300 confratrem
909 3242 1050 3302 eiusdem
1069 3241 1279 3301 universitatis
1304 3251 1469 3319 susceptus
1494 3247 1550 3313 est,

266 3354 296 3405 et
319 3347 473 3424 praestitit
496 3348 636 3408 solemne
661 3349 875 3408 iuramentum.
902 3350 1004 3408 Datae
1027 3367 1120 3426 porro
1145 3357 1217 3407 sunt
1241 3349 1342 3408 eidem
1367 3356 1472 3407 certae
1496 3366 1548 3405 ex-

266 3453 437 3532 tirpaturae
461 3455 597 3514 Kussich
623 3455 738 3514 Kerchi
762 3455 864 3515 dictae
897 3457 938 3516 ad
969 3463 1103 3535 quatuor
1133 3456 1246 3535 iugera
1277 3476 1312 3515 se
1344 3463 1548 3528 extententes,

272 3562 336 3621 vita
360 3563 500 3621 eiusdem
524 3563 666 3624 durante.

370 3701 574 3755 Protocollum:
593 3703 665 3755 Acta
684 3704 762 3770 polit.
783 3704 864 3758 iurid.
884 3721 981 3758 annor.
1003 3702 1200 3757 issu-1702.
1221 3721 1284 3772 pag.
1304 3703 1346 3757 68.
1374 3705 1403 3755 ln
1430 3703 1545 3756 archivo

264 3807 408 3846 commun.
428 3792 493 3844 nob.
514 3792 551 3844 de
571 3791 736 3861 Turopoljc.

375 4335 467 4393 Anno
495 4331 588 4395 1651.
613 4331 664 4392 22.
689 4333 824 4411 augusti.
851 4333 886 4392 ln
912 4333 1082 4392 Nouiduor.

271 4527 367 4614 Grof
377 4527 491 4593 Mirko
504 4525 644 4610 Erdddy
661 4523 782 4588 nalode
797 4523 972 4610 kupelanu
989 4525 1271 4610 turopoljskomu,
1288 4525 1333 4588 da
1355 4547 1396 4590 sa
1419 4526 1550 4611 svojom

441 4637 547 4699 detom
571 4633 674 4697 krene
697 4652 722 4695 u
740 4633 868 4717 pomod
880 4632 976 4717 proti
1003 4633 1034 4696 T
1030 4631 1143 4696 uraka
1166 4632 1187 4695 k
1210 4633 1371 4715 Pctrinji.

372 4833 511 4913 Egregie
535 4833 660 4894 domine
685 4834 785 4893 amice
810 4833 899 4892 nobis
919 4835 1112 4900 honorande,
1131 4834 1263 4893 salutem
1289 4843 1320 4894 et
1343 4835 1437 4894 officii
1452 4834 1549 4893 nostri

267 4941 581 5004 commendationem.
