<?xml version="1.0" encoding="UTF-8"?>
<!DOCTYPE html PUBLIC "-//W3C//DTD XHTML 1.0 Transitional//EN"
    "http://www.w3.org/TR/xhtml1/DTD/xhtml1-transitional.dtd">
<html xmlns="http://www.w3.org/1999/xhtml" xml:lang="en" lang="en">
 <head>
  <title>
</title>
<meta http-equiv="Content-Type" content="text/html;charset=utf-8" />
  <meta name='ocr-system' content='tesseract 3.04.00' />
  <meta name='ocr-capabilities' content='ocr_page ocr_carea ocr_par ocr_line ocrx_word'/>
</head>
<body>
  <div class='ocr_page' id='page_1' title='image "./povjesnispomeni00laszgoog_0582.png"; bbox 0 0 3934 5550; ppageno 0'>
   <div class='ocr_carea' id='block_1_1' title="bbox 1550 408 1608 469">
    <p class='ocr_par' dir='ltr' id='par_1_1' title="bbox 1550 408 1608 469">
     <span class='ocr_line' id='line_1_1' title="bbox 1550 408 1608 469; baseline -0.034 0"><span class='ocrx_word' id='word_1_1' title='bbox 1550 408 1608 469; x_wconf 88' lang='grc'>551</span> 
     </span>
    </p>
   </div>
   <div class='ocr_carea' id='block_1_2' title="bbox 325 621 1613 1654">
    <p class='ocr_par' dir='ltr' id='par_1_2' title="bbox 325 621 1613 1654">
     <span class='ocr_line' id='line_1_2' title="bbox 330 621 1611 704; baseline 0.002 -23"><span class='ocrx_word' id='word_1_2' title='bbox 330 621 516 682; x_wconf 88' lang='lat' dir='ltr'>necessariis</span> <span class='ocrx_word' id='word_1_3' title='bbox 550 621 634 682; x_wconf 88' lang='lat' dir='ltr'>vitae</span> <span class='ocrx_word' id='word_1_4' title='bbox 666 621 778 682; x_wconf 92' lang='lat' dir='ltr'>mediis</span> <span class='ocrx_word' id='word_1_5' title='bbox 812 622 982 701; x_wconf 84' lang='lat' dir='ltr'>privasset,</span> <span class='ocrx_word' id='word_1_6' title='bbox 1014 622 1179 696; x_wconf 88' lang='lat' dir='ltr'>consortia,</span> <span class='ocrx_word' id='word_1_7' title='bbox 1211 623 1310 696; x_wconf 91' lang='lat' dir='ltr'>ludos,</span> <span class='ocrx_word' id='word_1_8' title='bbox 1345 622 1611 704; x_wconf 84' lang='lat' dir='ltr'>congregationes</span> 
     </span>
     <span class='ocr_line' id='line_1_3' title="bbox 329 729 1610 812; baseline 0.002 -22"><span class='ocrx_word' id='word_1_9' title='bbox 329 729 509 804; x_wconf 88' lang='lat' dir='ltr'>diabolicas,</span> <span class='ocrx_word' id='word_1_10' title='bbox 534 730 728 810; x_wconf 90' lang='lat' dir='ltr'>aliarumque</span> <span class='ocrx_word' id='word_1_11' title='bbox 755 749 906 812; x_wconf 88' lang='lat' dir='ltr'>sagarum</span> <span class='ocrx_word' id='word_1_12' title='bbox 935 730 1175 810; x_wconf 78' lang='lat' dir='ltr'><strong>frequentasset,</strong></span> <span class='ocrx_word' id='word_1_13' title='bbox 1195 739 1362 809; x_wconf 87' lang='lat' dir='ltr'>praeterea</span> <span class='ocrx_word' id='word_1_14' title='bbox 1393 731 1533 810; x_wconf 90' lang='lat' dir='ltr'>pluribus</span> <span class='ocrx_word' id='word_1_15' title='bbox 1557 733 1610 793; x_wconf 94' lang='lat' dir='ltr'>ho-</span> 
     </span>
     <span class='ocr_line' id='line_1_4' title="bbox 329 837 1613 917; baseline 0.002 -19"><span class='ocrx_word' id='word_1_16' title='bbox 329 838 473 912; x_wconf 90' lang='lat' dir='ltr'>minibus,</span> <span class='ocrx_word' id='word_1_17' title='bbox 496 839 617 899; x_wconf 72' lang='lat' dir='ltr'>tenellis</span> <span class='ocrx_word' id='word_1_18' title='bbox 641 839 780 917; x_wconf 90' lang='lat' dir='ltr'>prolibus</span> <span class='ocrx_word' id='word_1_19' title='bbox 803 847 835 898; x_wconf 91' lang='lat' dir='ltr'>et</span> <span class='ocrx_word' id='word_1_20' title='bbox 857 837 1043 917; x_wconf 87' lang='lat' dir='ltr'>peccoribus</span> <span class='ocrx_word' id='word_1_21' title='bbox 1058 858 1115 916; x_wconf 91' lang='lat' dir='ltr'>per</span> <span class='ocrx_word' id='word_1_22' title='bbox 1131 839 1285 901; x_wconf 89' lang='lat' dir='ltr'>eiusmodi</span> <span class='ocrx_word' id='word_1_23' title='bbox 1309 839 1495 900; x_wconf 87' lang='lat' dir='ltr'>diabolicam</span> <span class='ocrx_word' id='word_1_24' title='bbox 1512 848 1613 900; x_wconf 86' lang='lat' dir='ltr'>artem</span> 
     </span>
     <span class='ocr_line' id='line_1_5' title="bbox 330 947 1611 1026; baseline 0.001 -18"><span class='ocrx_word' id='word_1_25' title='bbox 330 954 362 1008; x_wconf 88' lang='lat' dir='ltr'>et</span> <span class='ocrx_word' id='word_1_26' title='bbox 384 947 639 1008; x_wconf 77' lang='lat' dir='ltr'>infascinationes</span> <span class='ocrx_word' id='word_1_27' title='bbox 666 948 833 1020; x_wconf 82' lang='lat' dir='ltr'>nocuisset,</span> <span class='ocrx_word' id='word_1_28' title='bbox 857 947 995 1026; x_wconf 88' lang='lat' dir='ltr'>quinimo</span> <span class='ocrx_word' id='word_1_29' title='bbox 1019 947 1113 1008; x_wconf 85' lang='lat' dir='ltr'>ctiam</span> <span class='ocrx_word' id='word_1_30' title='bbox 1146 967 1163 1008; x_wconf 90' lang='lat' dir='ltr'>e</span> <span class='ocrx_word' id='word_1_31' title='bbox 1194 947 1274 1007; x_wconf 91' lang='lat' dir='ltr'>vivis</span> <span class='ocrx_word' id='word_1_32' title='bbox 1307 947 1491 1022; x_wconf 80' lang='lat' dir='ltr'>sustulisset,</span> <span class='ocrx_word' id='word_1_33' title='bbox 1517 956 1548 1007; x_wconf 91' lang='lat' dir='ltr'>et</span> <span class='ocrx_word' id='word_1_34' title='bbox 1571 967 1611 1009; x_wconf 91' lang='lat' dir='ltr'>ne</span> 
     </span>
     <span class='ocr_line' id='line_1_6' title="bbox 327 1041 1608 1136; baseline 0.002 -21"><span class='ocrx_word' id='word_1_35' title='bbox 327 1056 392 1116; x_wconf 84' lang='lat' dir='ltr'>fors</span> <span class='ocrx_word' id='word_1_36' title='bbox 415 1056 520 1133; x_wconf 89' lang='lat' dir='ltr'>plures</span> <span class='ocrx_word' id='word_1_37' title='bbox 543 1055 712 1134; x_wconf 86' lang='lat' dir='ltr'>complices</span> <span class='ocrx_word' id='word_1_38' title='bbox 735 1075 811 1116; x_wconf 87' lang='lat' dir='ltr'>suas</span> <span class='ocrx_word' id='word_1_39' title='bbox 828 1075 925 1136; x_wconf 85' lang='lat' dir='ltr'>sagas</span> <span class='ocrx_word' id='word_1_40' title='bbox 943 1056 983 1116; x_wconf 95' lang='lat' dir='ltr'>ad</span> <span class='ocrx_word' id='word_1_41' title='bbox 997 1056 1131 1116; x_wconf 89' lang='lat' dir='ltr'>eandem</span> <span class='ocrx_word' id='word_1_42' title='bbox 1148 1041 1356 1116; x_wconf 71' lang='lat' dir='ltr'>exercendam</span> <span class='ocrx_word' id='word_1_43' title='bbox 1379 1055 1608 1133; x_wconf 74' lang='lat' dir='ltr'>professionem</span> 
     </span>
     <span class='ocr_line' id='line_1_7' title="bbox 329 1161 1608 1244; baseline 0.001 -23"><span class='ocrx_word' id='word_1_44' title='bbox 329 1171 361 1222; x_wconf 88' lang='lat' dir='ltr'>et</span> <span class='ocrx_word' id='word_1_45' title='bbox 383 1163 485 1222; x_wconf 89' lang='lat' dir='ltr'>scelus</span> <span class='ocrx_word' id='word_1_46' title='bbox 509 1163 744 1239; x_wconf 87' lang='lat' dir='ltr'>practicandum</span> <span class='ocrx_word' id='word_1_47' title='bbox 776 1163 944 1244; x_wconf 79' lang='lat' dir='ltr'>adegisset,</span> <span class='ocrx_word' id='word_1_48' title='bbox 975 1163 1186 1241; x_wconf 76' lang='lat' dir='ltr'>compulisset,</span> <span class='ocrx_word' id='word_1_49' title='bbox 1224 1162 1441 1241; x_wconf 84' lang='lat' dir='ltr'>persvasisset,</span> <span class='ocrx_word' id='word_1_50' title='bbox 1472 1161 1608 1222; x_wconf 87' lang='lat' dir='ltr'>induxis·</span> 
     </span>
     <span class='ocr_line' id='line_1_8' title="bbox 326 1269 1607 1350; baseline 0.001 -21"><span class='ocrx_word' id='word_1_51' title='bbox 326 1279 453 1348; x_wconf 82' lang='lat' dir='ltr'>setque3</span> <span class='ocrx_word' id='word_1_52' title='bbox 476 1270 611 1349; x_wconf 89' lang='lat' dir='ltr'>denique</span> <span class='ocrx_word' id='word_1_53' title='bbox 636 1272 772 1331; x_wconf 90' lang='lat' dir='ltr'>animam</span> <span class='ocrx_word' id='word_1_54' title='bbox 796 1280 828 1331; x_wconf 93' lang='lat' dir='ltr'>et</span> <span class='ocrx_word' id='word_1_55' title='bbox 851 1289 965 1350; x_wconf 90' lang='lat' dir='ltr'>corpus</span> <span class='ocrx_word' id='word_1_56' title='bbox 989 1270 1199 1330; x_wconf 84' lang='lat' dir='ltr'>infensissimo</span> <span class='ocrx_word' id='word_1_57' title='bbox 1222 1269 1352 1330; x_wconf 87' lang='lat' dir='ltr'>humani</span> <span class='ocrx_word' id='word_1_58' title='bbox 1375 1270 1502 1350; x_wconf 83' lang='lat' dir='ltr'>generis</span> <span class='ocrx_word' id='word_1_59' title='bbox 1525 1271 1607 1340; x_wconf 88' lang='lat' dir='ltr'>hosti</span> 
     </span>
     <span class='ocr_line' id='line_1_9' title="bbox 328 1376 1608 1458; baseline 0 -22"><span class='ocrx_word' id='word_1_60' title='bbox 328 1377 453 1437; x_wconf 92' lang='lat' dir='ltr'>diabolo</span> <span class='ocrx_word' id='word_1_61' title='bbox 476 1377 676 1452; x_wconf 82' lang='lat' dir='ltr'>immolasset,</span> <span class='ocrx_word' id='word_1_62' title='bbox 700 1378 865 1458; x_wconf 83' lang='lat' dir='ltr'>taliterque</span> <span class='ocrx_word' id='word_1_63' title='bbox 889 1397 924 1438; x_wconf 89' lang='lat' dir='ltr'>se</span> <span class='ocrx_word' id='word_1_64' title='bbox 948 1396 1057 1438; x_wconf 89' lang='lat' dir='ltr'>veram</span> <span class='ocrx_word' id='word_1_65' title='bbox 1082 1385 1113 1436; x_wconf 92' lang='lat' dir='ltr'>et</span> <span class='ocrx_word' id='word_1_66' title='bbox 1137 1376 1335 1438; x_wconf 78' lang='lat' dir='ltr'>manifestam</span> <span class='ocrx_word' id='word_1_67' title='bbox 1359 1393 1472 1456; x_wconf 86' lang='lat' dir='ltr'>sagam</span> <span class='ocrx_word' id='word_1_68' title='bbox 1496 1377 1608 1438; x_wconf 75' lang='lat' dir='ltr'>eadem</span> 
     </span>
     <span class='ocr_line' id='line_1_10' title="bbox 325 1483 1608 1565; baseline 0.001 -22"><span class='ocrx_word' id='word_1_69' title='bbox 325 1484 357 1543; x_wconf 91' lang='lat' dir='ltr'>in</span> <span class='ocrx_word' id='word_1_70' title='bbox 381 1503 510 1545; x_wconf 89' lang='lat' dir='ltr'>causam</span> <span class='ocrx_word' id='word_1_71' title='bbox 535 1494 667 1547; x_wconf 87' lang='lat' dir='ltr'>attracta</span> <span class='ocrx_word' id='word_1_72' title='bbox 691 1486 855 1560; x_wconf 75' lang='lat' dir='ltr'>effecisset,</span> <span class='ocrx_word' id='word_1_73' title='bbox 883 1504 1020 1564; x_wconf 91' lang='lat' dir='ltr'>poenam</span> <span class='ocrx_word' id='word_1_74' title='bbox 1043 1485 1114 1565; x_wconf 92' lang='lat' dir='ltr'>lege</span> <span class='ocrx_word' id='word_1_75' title='bbox 1138 1483 1244 1545; x_wconf 89' lang='lat' dir='ltr'>divina</span> <span class='ocrx_word' id='word_1_76' title='bbox 1276 1491 1307 1544; x_wconf 92' lang='lat' dir='ltr'>et</span> <span class='ocrx_word' id='word_1_77' title='bbox 1337 1484 1476 1544; x_wconf 89' lang='lat' dir='ltr'>humana</span> <span class='ocrx_word' id='word_1_78' title='bbox 1500 1503 1608 1564; x_wconf 90' lang='lat' dir='ltr'>super-</span> 
     </span>
     <span class='ocr_line' id='line_1_11' title="bbox 328 1592 1095 1654; baseline 0 -3"><span class='ocrx_word' id='word_1_79' title='bbox 328 1592 399 1652; x_wconf 88' lang='lat' dir='ltr'>inde</span> <span class='ocrx_word' id='word_1_80' title='bbox 422 1592 574 1652; x_wconf 82' lang='lat' dir='ltr'>sancitam</span> <span class='ocrx_word' id='word_1_81' title='bbox 598 1593 756 1654; x_wconf 90' lang='lat' dir='ltr'>incurrere</span> <span class='ocrx_word' id='word_1_82' title='bbox 780 1593 865 1652; x_wconf 87' lang='lat' dir='ltr'>haud</span> <span class='ocrx_word' id='word_1_83' title='bbox 887 1592 1095 1654; x_wconf 78' lang='lat' dir='ltr'>formidando.</span> 
     </span>
    </p>
   </div>
   <div class='ocr_carea' id='block_1_3' title="bbox 328 1718 1609 2873">
    <p class='ocr_par' dir='ltr' id='par_1_3' title="bbox 328 1718 1609 2873">
     <span class='ocr_line' id='line_1_12' title="bbox 434 1718 1608 1798; baseline 0.001 -21"><span class='ocrx_word' id='word_1_84' title='bbox 434 1719 603 1779; x_wconf 87' lang='lat' dir='ltr'>Praeterea</span> <span class='ocrx_word' id='word_1_85' title='bbox 625 1720 756 1798; x_wconf 86' lang='lat' dir='ltr'>proinde</span> <span class='ocrx_word' id='word_1_86' title='bbox 780 1727 972 1780; x_wconf 89' lang='lat' dir='ltr'>memoratus</span> <span class='ocrx_word' id='word_1_87' title='bbox 995 1718 1111 1778; x_wconf 89' lang='lat' dir='ltr'>fiscalis</span> <span class='ocrx_word' id='word_1_88' title='bbox 1137 1726 1169 1779; x_wconf 93' lang='lat' dir='ltr'>et</span> <span class='ocrx_word' id='word_1_89' title='bbox 1192 1726 1289 1788; x_wconf 85' lang='lat' dir='ltr'>actor,</span> <span class='ocrx_word' id='word_1_90' title='bbox 1315 1718 1426 1798; x_wconf 86' lang='lat' dir='ltr'>vigore</span> <span class='ocrx_word' id='word_1_91' title='bbox 1449 1718 1608 1798; x_wconf 90' lang='lat' dir='ltr'>generalis</span> 
     </span>
     <span class='ocr_line' id='line_1_13' title="bbox 328 1824 1608 1906; baseline 0.001 -22"><span class='ocrx_word' id='word_1_92' title='bbox 328 1825 418 1906; x_wconf 87' lang='lat' dir='ltr'>regni</span> <span class='ocrx_word' id='word_1_93' title='bbox 453 1825 578 1899; x_wconf 88' lang='lat' dir='ltr'>decreti,</span> <span class='ocrx_word' id='word_1_94' title='bbox 622 1826 815 1905; x_wconf 85' lang='lat' dir='ltr'>aliammque</span> <span class='ocrx_word' id='word_1_95' title='bbox 845 1828 952 1906; x_wconf 87' lang='lat' dir='ltr'>legum</span> <span class='ocrx_word' id='word_1_96' title='bbox 981 1844 1077 1904; x_wconf 89' lang='lat' dir='ltr'>super</span> <span class='ocrx_word' id='word_1_97' title='bbox 1115 1825 1269 1886; x_wconf 88' lang='lat' dir='ltr'>eiusmodi</span> <span class='ocrx_word' id='word_1_98' title='bbox 1301 1825 1458 1886; x_wconf 83' lang='lat' dir='ltr'>atrocibus</span> <span class='ocrx_word' id='word_1_99' title='bbox 1489 1824 1608 1886; x_wconf 88' lang='lat' dir='ltr'>delictis</span> 
     </span>
     <span class='ocr_line' id='line_1_14' title="bbox 328 1934 1607 2015; baseline 0 -21"><span class='ocrx_word' id='word_1_100' title='bbox 328 1941 522 2010; x_wconf 88' lang='lat' dir='ltr'>statutarum,</span> <span class='ocrx_word' id='word_1_101' title='bbox 546 1935 620 2012; x_wconf 90' lang='lat' dir='ltr'>quia</span> <span class='ocrx_word' id='word_1_102' title='bbox 638 1935 778 2015; x_wconf 87' lang='lat' dir='ltr'>legitima</span> <span class='ocrx_word' id='word_1_103' title='bbox 794 1934 1016 1995; x_wconf 86' lang='lat' dir='ltr'>certificatione</span> <span class='ocrx_word' id='word_1_104' title='bbox 1033 1934 1126 1995; x_wconf 89' lang='lat' dir='ltr'>toties</span> <span class='ocrx_word' id='word_1_105' title='bbox 1140 1934 1239 1996; x_wconf 86' lang='lat' dir='ltr'>iatam</span> <span class='ocrx_word' id='word_1_106' title='bbox 1252 1935 1283 1994; x_wconf 93' lang='lat' dir='ltr'>in</span> <span class='ocrx_word' id='word_1_107' title='bbox 1299 1953 1429 1994; x_wconf 89' lang='lat' dir='ltr'>causam</span> <span class='ocrx_word' id='word_1_108' title='bbox 1443 1941 1607 1994; x_wconf 86' lang='lat' dir='ltr'>attractam</span> 
     </span>
     <span class='ocr_line' id='line_1_15' title="bbox 329 2040 1609 2119; baseline 0.001 -19"><span class='ocrx_word' id='word_1_109' title='bbox 329 2040 360 2100; x_wconf 91' lang='lat' dir='ltr'>in</span> <span class='ocrx_word' id='word_1_110' title='bbox 383 2041 431 2101; x_wconf 89' lang='lat' dir='ltr'>ius</span> <span class='ocrx_word' id='word_1_111' title='bbox 456 2050 488 2101; x_wconf 88' lang='lat' dir='ltr'>et</span> <span class='ocrx_word' id='word_1_112' title='bbox 510 2061 639 2102; x_wconf 86' lang='lat' dir='ltr'>causam</span> <span class='ocrx_word' id='word_1_113' title='bbox 674 2043 852 2119; x_wconf 91' lang='lat' dir='ltr'>convenire,</span> <span class='ocrx_word' id='word_1_114' title='bbox 876 2061 914 2103; x_wconf 90' lang='lat' dir='ltr'>ac</span> <span class='ocrx_word' id='word_1_115' title='bbox 936 2043 977 2102; x_wconf 91' lang='lat' dir='ltr'>de</span> <span class='ocrx_word' id='word_1_116' title='bbox 1001 2041 1113 2102; x_wconf 91' lang='lat' dir='ltr'>eadem</span> <span class='ocrx_word' id='word_1_117' title='bbox 1144 2041 1292 2102; x_wconf 86' lang='lat' dir='ltr'>iudicium</span> <span class='ocrx_word' id='word_1_118' title='bbox 1316 2049 1347 2102; x_wconf 89' lang='lat' dir='ltr'>et</span> <span class='ocrx_word' id='word_1_119' title='bbox 1369 2040 1518 2101; x_wconf 89' lang='lat' dir='ltr'>iustitiam</span> <span class='ocrx_word' id='word_1_120' title='bbox 1550 2040 1609 2101; x_wconf 90' lang='lat' dir='ltr'>sibi</span> 
     </span>
     <span class='ocr_line' id='line_1_16' title="bbox 328 2148 1608 2229; baseline 0 -22"><span class='ocrx_word' id='word_1_121' title='bbox 328 2148 476 2226; x_wconf 91' lang='lat' dir='ltr'>impendi,</span> <span class='ocrx_word' id='word_1_122' title='bbox 500 2149 633 2210; x_wconf 89' lang='lat' dir='ltr'>eandem</span> <span class='ocrx_word' id='word_1_123' title='bbox 662 2149 806 2212; x_wconf 90' lang='lat' dir='ltr'>videlicet</span> <span class='ocrx_word' id='word_1_124' title='bbox 828 2150 859 2210; x_wconf 94' lang='lat' dir='ltr'>in</span> <span class='ocrx_word' id='word_1_125' title='bbox 884 2169 1014 2210; x_wconf 90' lang='lat' dir='ltr'>causum</span> <span class='ocrx_word' id='word_1_126' title='bbox 1040 2156 1204 2210; x_wconf 87' lang='lat' dir='ltr'>attractam</span> <span class='ocrx_word' id='word_1_127' title='bbox 1239 2150 1280 2209; x_wconf 93' lang='lat' dir='ltr'>ad</span> <span class='ocrx_word' id='word_1_128' title='bbox 1310 2149 1490 2229; x_wconf 89' lang='lat' dir='ltr'>detegenda</span> <span class='ocrx_word' id='word_1_129' title='bbox 1520 2149 1608 2228; x_wconf 91' lang='lat' dir='ltr'>plura</span> 
     </span>
     <span class='ocr_line' id='line_1_17' title="bbox 329 2255 1606 2338; baseline 0 -22"><span class='ocrx_word' id='word_1_130' title='bbox 329 2255 441 2316; x_wconf 91' lang='lat' dir='ltr'>similia</span> <span class='ocrx_word' id='word_1_131' title='bbox 473 2257 533 2317; x_wconf 89' lang='lat' dir='ltr'>alia</span> <span class='ocrx_word' id='word_1_132' title='bbox 564 2276 621 2335; x_wconf 91' lang='lat' dir='ltr'>per</span> <span class='ocrx_word' id='word_1_133' title='bbox 651 2259 786 2318; x_wconf 87' lang='lat' dir='ltr'>eandem</span> <span class='ocrx_word' id='word_1_134' title='bbox 817 2266 998 2338; x_wconf 84' lang='lat' dir='ltr'>perpetrata</span> <span class='ocrx_word' id='word_1_135' title='bbox 1029 2265 1061 2318; x_wconf 89' lang='lat' dir='ltr'>et</span> <span class='ocrx_word' id='word_1_136' title='bbox 1093 2257 1261 2318; x_wconf 90' lang='lat' dir='ltr'>commissa</span> <span class='ocrx_word' id='word_1_137' title='bbox 1288 2257 1418 2332; x_wconf 87' lang='lat' dir='ltr'>scelera,</span> <span class='ocrx_word' id='word_1_138' title='bbox 1440 2256 1606 2335; x_wconf 87' lang='lat' dir='ltr'>pluresque</span> 
     </span>
     <span class='ocr_line' id='line_1_18' title="bbox 328 2363 1606 2445; baseline 0 -23"><span class='ocrx_word' id='word_1_139' title='bbox 328 2364 502 2442; x_wconf 89' lang='lat' dir='ltr'>complices</span> <span class='ocrx_word' id='word_1_140' title='bbox 532 2366 727 2442; x_wconf 88' lang='lat' dir='ltr'>revelandos,</span> <span class='ocrx_word' id='word_1_141' title='bbox 759 2366 887 2445; x_wconf 88' lang='lat' dir='ltr'>praevie</span> <span class='ocrx_word' id='word_1_142' title='bbox 919 2373 1057 2426; x_wconf 77' lang='lat' dir='ltr'>torturae</span> <span class='ocrx_word' id='word_1_143' title='bbox 1089 2365 1207 2439; x_wconf 91' lang='lat' dir='ltr'>subiici,</span> <span class='ocrx_word' id='word_1_144' title='bbox 1243 2371 1353 2444; x_wconf 89' lang='lat' dir='ltr'>expost</span> <span class='ocrx_word' id='word_1_145' title='bbox 1387 2382 1463 2424; x_wconf 91' lang='lat' dir='ltr'>vero</span> <span class='ocrx_word' id='word_1_146' title='bbox 1493 2363 1552 2442; x_wconf 91' lang='lat' dir='ltr'>ipsi</span> <span class='ocrx_word' id='word_1_147' title='bbox 1575 2363 1606 2423; x_wconf 93' lang='lat' dir='ltr'>in</span> 
     </span>
     <span class='ocr_line' id='line_1_19' title="bbox 328 2469 1604 2552; baseline 0 -22"><span class='ocrx_word' id='word_1_148' title='bbox 328 2472 529 2549; x_wconf 89' lang='lat' dir='ltr'>promeritam</span> <span class='ocrx_word' id='word_1_149' title='bbox 545 2473 671 2552; x_wconf 91' lang='lat' dir='ltr'>quidem</span> <span class='ocrx_word' id='word_1_150' title='bbox 688 2493 832 2552; x_wconf 91' lang='lat' dir='ltr'>poenam,</span> <span class='ocrx_word' id='word_1_151' title='bbox 857 2473 987 2552; x_wconf 88' lang='lat' dir='ltr'>aliisque</span> <span class='ocrx_word' id='word_1_152' title='bbox 1003 2492 1080 2536; x_wconf 86' lang='lat' dir='ltr'>¹vero</span> <span class='ocrx_word' id='word_1_153' title='bbox 1100 2471 1245 2535; x_wconf 89' lang='lat' dir='ltr'>horribile</span> <span class='ocrx_word' id='word_1_154' title='bbox 1261 2471 1292 2532; x_wconf 93' lang='lat' dir='ltr'>in</span> <span class='ocrx_word' id='word_1_155' title='bbox 1308 2471 1484 2550; x_wconf 83' lang='lat' dir='ltr'>exemplum</span> <span class='ocrx_word' id='word_1_156' title='bbox 1500 2469 1604 2530; x_wconf 90' lang='lat' dir='ltr'>vivam</span> 
     </span>
     <span class='ocr_line' id='line_1_20' title="bbox 329 2578 1605 2660; baseline 0 -22"><span class='ocrx_word' id='word_1_157' title='bbox 329 2597 408 2658; x_wconf 89' lang='lat' dir='ltr'>rogo</span> <span class='ocrx_word' id='word_1_158' title='bbox 432 2581 704 2655; x_wconf 90' lang='lat' dir='ltr'>concremandam,</span> <span class='ocrx_word' id='word_1_159' title='bbox 728 2583 779 2642; x_wconf 93' lang='lat' dir='ltr'>vel</span> <span class='ocrx_word' id='word_1_160' title='bbox 803 2590 894 2660; x_wconf 93' lang='lat' dir='ltr'>prout</span> <span class='ocrx_word' id='word_1_161' title='bbox 909 2581 967 2640; x_wconf 92' lang='lat' dir='ltr'>iuri</span> <span class='ocrx_word' id='word_1_162' title='bbox 983 2579 1084 2642; x_wconf 92' lang='lat' dir='ltr'>visum</span> <span class='ocrx_word' id='word_1_163' title='bbox 1110 2580 1201 2648; x_wconf 79' lang='lat' dir='ltr'>luerit</span> <span class='ocrx_word' id='word_1_164' title='bbox 1223 2580 1314 2651; x_wconf 86' lang='lat' dir='ltr'>morti</span> <span class='ocrx_word' id='word_1_165' title='bbox 1338 2578 1517 2653; x_wconf 83' lang='lat' dir='ltr'>adiudicari,</span> <span class='ocrx_word' id='word_1_166' title='bbox 1533 2578 1605 2659; x_wconf 87' lang='lat' dir='ltr'>lege</span> 
     </span>
     <span class='ocr_line' id='line_1_21' title="bbox 330 2685 1604 2770; baseline -0.001 -24"><span class='ocrx_word' id='word_1_167' title='bbox 330 2687 420 2765; x_wconf 89' lang='lat' dir='ltr'>regni</span> <span class='ocrx_word' id='word_1_168' title='bbox 444 2695 475 2747; x_wconf 88' lang='lat' dir='ltr'>et</span> <span class='ocrx_word' id='word_1_169' title='bbox 487 2687 645 2749; x_wconf 89' lang='lat' dir='ltr'>communi</span> <span class='ocrx_word' id='word_1_170' title='bbox 661 2689 777 2750; x_wconf 87' lang='lat' dir='ltr'>iustitia</span> <span class='ocrx_word' id='word_1_171' title='bbox 791 2690 837 2750; x_wconf 90' lang='lat' dir='ltr'>sic</span> <span class='ocrx_word' id='word_1_172' title='bbox 848 2689 1121 2770; x_wconf 79' lang='lat' dir='ltr'>praecipientibus.</span> <span class='ocrx_word' id='word_1_173' title='bbox 1145 2689 1261 2748; x_wconf 87' lang='lat' dir='ltr'>Datum</span> <span class='ocrx_word' id='word_1_174' title='bbox 1274 2687 1349 2748; x_wconf 87' lang='lat' dir='ltr'>Also</span> <span class='ocrx_word' id='word_1_175' title='bbox 1362 2687 1538 2763; x_wconf 88' lang='lat' dir='ltr'>Lukauecz‚</span> <span class='ocrx_word' id='word_1_176' title='bbox 1555 2685 1604 2747; x_wconf 89' lang='lat' dir='ltr'>die</span> 
     </span>
     <span class='ocr_line' id='line_1_22' title="bbox 328 2794 1007 2873; baseline 0.007 -19"><span class='ocrx_word' id='word_1_177' title='bbox 328 2794 435 2873; x_wconf 88' lang='lat' dir='ltr'>quinta</span> <span class='ocrx_word' id='word_1_178' title='bbox 459 2797 576 2856; x_wconf 92' lang='lat' dir='ltr'>mensis</span> <span class='ocrx_word' id='word_1_179' title='bbox 598 2798 777 2859; x_wconf 89' lang='lat' dir='ltr'>novembris</span> <span class='ocrx_word' id='word_1_180' title='bbox 802 2818 884 2859; x_wconf 92' lang='lat' dir='ltr'>anno</span> <span class='ocrx_word' id='word_1_181' title='bbox 913 2795 1007 2860; x_wconf 85' lang='grc'><strong>1733.</strong></span> 
     </span>
    </p>
   </div>
   <div class='ocr_carea' id='block_1_4' title="bbox 754 2940 1569 3017">
    <p class='ocr_par' dir='ltr' id='par_1_4' title="bbox 754 2940 1569 3017">
     <span class='ocr_line' id='line_1_23' title="bbox 754 2940 1569 3017; baseline -0.002 -14"><span class='ocrx_word' id='word_1_182' title='bbox 754 2944 814 3003; x_wconf 90' lang='lat' dir='ltr'>Per</span> <span class='ocrx_word' id='word_1_183' title='bbox 837 2962 887 3003; x_wconf 90' lang='lat' dir='ltr'>me</span> <span class='ocrx_word' id='word_1_184' title='bbox 911 2942 1077 3002; x_wconf 87' lang='lat' dir='ltr'>Matthiam</span> <span class='ocrx_word' id='word_1_185' title='bbox 1102 2940 1227 3013; x_wconf 87' lang='lat' dir='ltr'>Mixich,</span> <span class='ocrx_word' id='word_1_186' title='bbox 1251 2940 1452 2999; x_wconf 85' lang='lat' dir='ltr'>substitutum</span> <span class='ocrx_word' id='word_1_187' title='bbox 1476 2959 1515 2998; x_wconf 93' lang='lat' dir='ltr'>m.</span> <span class='ocrx_word' id='word_1_188' title='bbox 1539 2959 1569 3017; x_wconf 91' lang='lat' dir='ltr'>p.</span> 
     </span>
    </p>
   </div>
   <div class='ocr_carea' id='block_1_5' title="bbox 326 3119 1615 3627">
    <p class='ocr_par' dir='ltr' id='par_1_5' title="bbox 326 3119 1615 3627">
     <span class='ocr_line' id='line_1_24' title="bbox 443 3119 1615 3201; baseline 0.003 -23"><span class='ocrx_word' id='word_1_189' title='bbox 443 3119 488 3178; x_wconf 94' lang='lat' dir='ltr'>ln</span> <span class='ocrx_word' id='word_1_190' title='bbox 522 3120 679 3181; x_wconf 88' lang='lat' dir='ltr'>dorso:</span> <span class='ocrx_word' id='word_1_191' title='bbox 704 3153 739 3166; x_wconf 91' lang='lat'>-</span> <span class='ocrx_word' id='word_1_192' title='bbox 770 3123 813 3185; x_wconf 89' lang='lat' dir='ltr'>M.</span> <span class='ocrx_word' id='word_1_193' title='bbox 838 3156 879 3167; x_wconf 90' lang='lat'>-</span> <span class='ocrx_word' id='word_1_194' title='bbox 903 3120 1067 3201; x_wconf 89' lang='lat' dir='ltr'>Originale</span> <span class='ocrx_word' id='word_1_195' title='bbox 1092 3120 1222 3182; x_wconf 89' lang='lat' dir='ltr'>actionis</span> <span class='ocrx_word' id='word_1_196' title='bbox 1246 3119 1477 3181; x_wconf 91' lang='lat' dir='ltr'>intronominati</span> <span class='ocrx_word' id='word_1_197' title='bbox 1500 3120 1615 3181; x_wconf 86' lang='lat' dir='ltr'>fiscalis</span> 
     </span>
     <span class='ocr_line' id='line_1_25' title="bbox 326 3222 1612 3306; baseline 0.003 -22"><span class='ocrx_word' id='word_1_198' title='bbox 326 3232 358 3284; x_wconf 90' lang='lat' dir='ltr'>et</span> <span class='ocrx_word' id='word_1_199' title='bbox 391 3227 514 3300; x_wconf 88' lang='lat' dir='ltr'>actoris,</span> <span class='ocrx_word' id='word_1_200' title='bbox 551 3236 660 3287; x_wconf 88' lang='lat' dir='ltr'>contra</span> <span class='ocrx_word' id='word_1_201' title='bbox 694 3237 727 3288; x_wconf 91' lang='lat' dir='ltr'>et</span> <span class='ocrx_word' id='word_1_202' title='bbox 758 3230 911 3290; x_wconf 89' lang='lat' dir='ltr'>adversus</span> <span class='ocrx_word' id='word_1_203' title='bbox 934 3229 1108 3289; x_wconf 88' lang='lat' dir='ltr'>Barbaram</span> <span class='ocrx_word' id='word_1_204' title='bbox 1142 3228 1303 3290; x_wconf 88' lang='lat' dir='ltr'>Chumbcr</span> <span class='ocrx_word' id='word_1_205' title='bbox 1334 3226 1422 3287; x_wconf 87' lang='lat' dir='ltr'>aliter</span> <span class='ocrx_word' id='word_1_206' title='bbox 1445 3222 1612 3306; x_wconf 84' lang='lat' dir='ltr'>szetko,¹</span> 
     </span>
     <span class='ocr_line' id='line_1_26' title="bbox 327 3332 1612 3413; baseline 0.003 -22"><span class='ocrx_word' id='word_1_207' title='bbox 327 3332 457 3411; x_wconf 88' lang='lat' dir='ltr'>Georgii</span> <span class='ocrx_word' id='word_1_208' title='bbox 482 3334 673 3395; x_wconf 86' lang='lat' dir='ltr'>Andrieuicb</span> <span class='ocrx_word' id='word_1_209' title='bbox 702 3335 791 3396; x_wconf 88' lang='lat' dir='ltr'>aliter</span> <span class='ocrx_word' id='word_1_210' title='bbox 814 3336 932 3413; x_wconf 85' lang='lat' dir='ltr'>Quinta</span> <span class='ocrx_word' id='word_1_211' title='bbox 956 3337 1178 3410; x_wconf 88' lang='lat' dir='ltr'>conthoralem‚</span> <span class='ocrx_word' id='word_1_212' title='bbox 1195 3334 1291 3396; x_wconf 86' lang='lat' dir='ltr'>veluti</span> <span class='ocrx_word' id='word_1_213' title='bbox 1314 3335 1408 3395; x_wconf 92' lang='lat' dir='ltr'>modo</span> <span class='ocrx_word' id='word_1_214' title='bbox 1432 3334 1612 3398; x_wconf 88' lang='lat' dir='ltr'>intronomi-</span> 
     </span>
     <span class='ocr_line' id='line_1_27' title="bbox 328 3441 1614 3521; baseline 0.003 -22"><span class='ocrx_word' id='word_1_215' title='bbox 328 3447 402 3499; x_wconf 91' lang='lat' dir='ltr'>nato</span> <span class='ocrx_word' id='word_1_216' title='bbox 429 3458 541 3519; x_wconf 90' lang='lat' dir='ltr'>sagam</span> <span class='ocrx_word' id='word_1_217' title='bbox 574 3441 660 3501; x_wconf 91' lang='lat' dir='ltr'>etin</span> <span class='ocrx_word' id='word_1_218' title='bbox 684 3462 815 3503; x_wconf 89' lang='lat' dir='ltr'>causam</span> <span class='ocrx_word' id='word_1_219' title='bbox 839 3450 1012 3504; x_wconf 89' lang='lat' dir='ltr'>attractam.</span> <span class='ocrx_word' id='word_1_220' title='bbox 1052 3442 1219 3503; x_wconf 88' lang='lat' dir='ltr'>Terminus</span> <span class='ocrx_word' id='word_1_221' title='bbox 1249 3442 1407 3521; x_wconf 84' lang='lat' dir='ltr'>praefixus</span> <span class='ocrx_word' id='word_1_222' title='bbox 1430 3442 1461 3501; x_wconf 91' lang='lat' dir='ltr'>in</span> <span class='ocrx_word' id='word_1_223' title='bbox 1485 3443 1614 3503; x_wconf 90' lang='lat' dir='ltr'>castello</span> 
     </span>
     <span class='ocr_line' id='line_1_28' title="bbox 328 3546 1488 3627; baseline 0.005 -22"><span class='ocrx_word' id='word_1_224' title='bbox 328 3548 494 3608; x_wconf 85' lang='lat' dir='ltr'>Lukauecz</span> <span class='ocrx_word' id='word_1_225' title='bbox 519 3568 576 3627; x_wconf 92' lang='lat' dir='ltr'>pro</span> <span class='ocrx_word' id='word_1_226' title='bbox 600 3549 651 3610; x_wconf 91' lang='lat' dir='ltr'>die</span> <span class='ocrx_word' id='word_1_227' title='bbox 677 3548 727 3611; x_wconf 85' lang='lat'>23.</span> <span class='ocrx_word' id='word_1_228' title='bbox 752 3552 846 3611; x_wconf 91' lang='lat' dir='ltr'>modo</span> <span class='ocrx_word' id='word_1_229' title='bbox 870 3552 1023 3611; x_wconf 89' lang='lat' dir='ltr'>currentis</span> <span class='ocrx_word' id='word_1_230' title='bbox 1047 3550 1164 3612; x_wconf 90' lang='lat' dir='ltr'>mensis</span> <span class='ocrx_word' id='word_1_231' title='bbox 1187 3549 1367 3610; x_wconf 90' lang='lat' dir='ltr'>novembris</span> <span class='ocrx_word' id='word_1_232' title='bbox 1395 3546 1488 3611; x_wconf 81' lang='lat'>1733.</span> 
     </span>
    </p>
   </div>
   <div class='ocr_carea' id='block_1_6' title="bbox 1001 3692 1563 3771">
    <p class='ocr_par' dir='ltr' id='par_1_6' title="bbox 1001 3692 1563 3771">
     <span class='ocr_line' id='line_1_29' title="bbox 1001 3692 1563 3771; baseline 0 -19"><span class='ocrx_word' id='word_1_233' title='bbox 1001 3694 1062 3753; x_wconf 91' lang='lat' dir='ltr'>Per</span> <span class='ocrx_word' id='word_1_234' title='bbox 1086 3694 1220 3753; x_wconf 90' lang='lat' dir='ltr'>eundem</span> <span class='ocrx_word' id='word_1_235' title='bbox 1244 3692 1445 3753; x_wconf 89' lang='lat' dir='ltr'>substitutum</span> <span class='ocrx_word' id='word_1_236' title='bbox 1469 3712 1509 3753; x_wconf 92' lang='lat' dir='ltr'>m.</span> <span class='ocrx_word' id='word_1_237' title='bbox 1533 3712 1563 3771; x_wconf 91' lang='lat' dir='ltr'>p.</span> 
     </span>
    </p>
   </div>
   <div class='ocr_carea' id='block_1_7' title="bbox 436 3811 513 3867">
    <p class='ocr_par' dir='ltr' id='par_1_7' title="bbox 436 3811 513 3867">
     <span class='ocr_line' id='line_1_30' title="bbox 436 3811 513 3867; baseline 0.026 -2"><span class='ocrx_word' id='word_1_238' title='bbox 436 3811 445 3842; x_wconf 90' lang='lat'><strong>¹</strong></span> <span class='ocrx_word' id='word_1_239' title='bbox 463 3815 513 3867; x_wconf 88' lang='lat' dir='ltr'>sic.</span> 
     </span>
    </p>
   </div>
   <div class='ocr_carea' id='block_1_8' title="bbox 899 3922 1040 4005">
    <p class='ocr_par' dir='ltr' id='par_1_8' title="bbox 899 3922 1040 4005">
     <span class='ocr_line' id='line_1_31' title="bbox 899 3922 1040 3959; baseline 0.021 -3"><span class='ocrx_word' id='word_1_240' title='bbox 899 3922 915 3956; x_wconf 52' lang='grc' dir='ltr'><em>ἢ</em></span> <span class='ocrx_word' id='word_1_241' title='bbox 1025 3926 1040 3959; x_wconf 75' lang='grc'>*</span> 
     </span>
     <span class='ocr_line' id='line_1_32' title="bbox 961 3972 977 4005; baseline 0 0"><span class='ocrx_word' id='word_1_242' title='bbox 961 3972 977 4005; x_wconf 72' lang='grc'><strong><em>*</em></strong></span> 
     </span>
    </p>
   </div>
   <div class='ocr_carea' id='block_1_9' title="bbox 317 4151 1612 4985">
    <p class='ocr_par' dir='ltr' id='par_1_9' title="bbox 317 4151 1612 4766">
     <span class='ocr_line' id='line_1_33' title="bbox 434 4151 1612 4236; baseline 0.007 -27"><span class='ocrx_word' id='word_1_243' title='bbox 434 4151 525 4211; x_wconf 86' lang='lat' dir='ltr'>Actio</span> <span class='ocrx_word' id='word_1_244' title='bbox 540 4153 692 4232; x_wconf 87' lang='lat' dir='ltr'>generosi</span> <span class='ocrx_word' id='word_1_245' title='bbox 709 4152 862 4213; x_wconf 88' lang='lat' dir='ltr'>Matthiae</span> <span class='ocrx_word' id='word_1_246' title='bbox 880 4153 1018 4229; x_wconf 90' lang='lat' dir='ltr'>Mudich,</span> <span class='ocrx_word' id='word_1_247' title='bbox 1035 4172 1097 4233; x_wconf 85' lang='lat' dir='ltr'>qua</span> <span class='ocrx_word' id='word_1_248' title='bbox 1114 4154 1325 4215; x_wconf 89' lang='lat' dir='ltr'>universitatis</span> <span class='ocrx_word' id='word_1_249' title='bbox 1339 4156 1487 4216; x_wconf 92' lang='lat' dir='ltr'>nobilium</span> <span class='ocrx_word' id='word_1_250' title='bbox 1499 4156 1612 4236; x_wconf 91' lang='lat' dir='ltr'>Campi</span> 
     </span>
     <span class='ocr_line' id='line_1_34' title="bbox 326 4258 1611 4338; baseline 0.007 -23"><span class='ocrx_word' id='word_1_251' title='bbox 326 4258 506 4335; x_wconf 85' lang='lat' dir='ltr'>Turopolya</span> <span class='ocrx_word' id='word_1_252' title='bbox 539 4259 656 4319; x_wconf 90' lang='lat' dir='ltr'>fiscalis</span> <span class='ocrx_word' id='word_1_253' title='bbox 692 4268 724 4319; x_wconf 92' lang='lat' dir='ltr'>et</span> <span class='ocrx_word' id='word_1_254' title='bbox 750 4259 874 4334; x_wconf 87' lang='lat' dir='ltr'>actoris,</span> <span class='ocrx_word' id='word_1_255' title='bbox 910 4268 1021 4320; x_wconf 89' lang='lat' dir='ltr'>contra</span> <span class='ocrx_word' id='word_1_256' title='bbox 1053 4268 1084 4321; x_wconf 91' lang='lat' dir='ltr'>et</span> <span class='ocrx_word' id='word_1_257' title='bbox 1116 4260 1269 4321; x_wconf 88' lang='lat' dir='ltr'>adversus</span> <span class='ocrx_word' id='word_1_258' title='bbox 1293 4261 1467 4324; x_wconf 87' lang='lat' dir='ltr'>Barbaram</span> <span class='ocrx_word' id='word_1_259' title='bbox 1490 4264 1611 4338; x_wconf 87' lang='lat' dir='ltr'>Musek,</span> 
     </span>
     <span class='ocr_line' id='line_1_35' title="bbox 326 4364 1612 4449; baseline 0.006 -26"><span class='ocrx_word' id='word_1_260' title='bbox 326 4364 485 4425; x_wconf 89' lang='lat' dir='ltr'>Laurentii</span> <span class='ocrx_word' id='word_1_261' title='bbox 508 4366 583 4426; x_wconf 88' lang='lat' dir='ltr'>olim</span> <span class='ocrx_word' id='word_1_262' title='bbox 607 4366 751 4444; x_wconf 88' lang='lat' dir='ltr'>Krapecz</span> <span class='ocrx_word' id='word_1_263' title='bbox 775 4367 914 4427; x_wconf 88' lang='lat' dir='ltr'>relictam</span> <span class='ocrx_word' id='word_1_264' title='bbox 940 4367 1075 4442; x_wconf 89' lang='lat' dir='ltr'>viduam,</span> <span class='ocrx_word' id='word_1_265' title='bbox 1091 4368 1187 4428; x_wconf 86' lang='lat' dir='ltr'>veluti</span> <span class='ocrx_word' id='word_1_266' title='bbox 1211 4369 1392 4430; x_wconf 88' lang='lat' dir='ltr'>modalitate</span> <span class='ocrx_word' id='word_1_267' title='bbox 1415 4369 1612 4449; x_wconf 72' lang='lat' dir='ltr'>infrascripta</span> 
     </span>
     <span class='ocr_line' id='line_1_36' title="bbox 317 4474 1612 4554; baseline 0.006 -23"><span class='ocrx_word' id='word_1_268' title='bbox 317 4488 435 4549; x_wconf 81' lang='lat' dir='ltr'>sagam</span> <span class='ocrx_word' id='word_1_269' title='bbox 467 4481 498 4532; x_wconf 90' lang='lat' dir='ltr'>et</span> <span class='ocrx_word' id='word_1_270' title='bbox 525 4474 557 4533; x_wconf 92' lang='lat' dir='ltr'>in</span> <span class='ocrx_word' id='word_1_271' title='bbox 590 4492 719 4534; x_wconf 88' lang='lat' dir='ltr'>causam</span> <span class='ocrx_word' id='word_1_272' title='bbox 751 4482 925 4550; x_wconf 86' lang='lat' dir='ltr'>attractam,</span> <span class='ocrx_word' id='word_1_273' title='bbox 958 4474 1125 4535; x_wconf 89' lang='lat' dir='ltr'>occasione</span> <span class='ocrx_word' id='word_1_274' title='bbox 1158 4485 1201 4535; x_wconf 89' lang='lat' dir='ltr'>et&#39;</span> <span class='ocrx_word' id='word_1_275' title='bbox 1223 4484 1387 4554; x_wconf 90' lang='lat' dir='ltr'>praetextu</span> <span class='ocrx_word' id='word_1_276' title='bbox 1416 4476 1612 4539; x_wconf 77' lang='lat' dir='ltr'>diversorum</span> 
     </span>
     <span class='ocr_line' id='line_1_37' title="bbox 328 4580 1608 4663; baseline 0.01 -26"><span class='ocrx_word' id='word_1_277' title='bbox 328 4586 453 4638; x_wconf 88' lang='lat' dir='ltr'>actuum</span> <span class='ocrx_word' id='word_1_278' title='bbox 476 4580 673 4659; x_wconf 86' lang='lat' dir='ltr'>magicorum</span> <span class='ocrx_word' id='word_1_279' title='bbox 696 4600 752 4660; x_wconf 95' lang='lat' dir='ltr'>per</span> <span class='ocrx_word' id='word_1_280' title='bbox 776 4582 910 4641; x_wconf 87' lang='lat' dir='ltr'>eandem</span> <span class='ocrx_word' id='word_1_281' title='bbox 943 4600 1018 4641; x_wconf 92' lang='lat' dir='ltr'>vero</span> <span class='ocrx_word' id='word_1_282' title='bbox 1042 4582 1073 4641; x_wconf 93' lang='lat' dir='ltr'>in</span> <span class='ocrx_word' id='word_1_283' title='bbox 1097 4601 1226 4643; x_wconf 86' lang='lat' dir='ltr'>causam</span> <span class='ocrx_word' id='word_1_284' title='bbox 1259 4591 1425 4645; x_wconf 86' lang='lat' dir='ltr'>attractam</span> <span class='ocrx_word' id='word_1_285' title='bbox 1449 4592 1608 4663; x_wconf 83' lang='lat' dir='ltr'>perpetra·</span> 
     </span>
     <span class='ocr_line' id='line_1_38' title="bbox 328 4686 1341 4766; baseline 0.006 -21"><span class='ocrx_word' id='word_1_286' title='bbox 328 4695 430 4746; x_wconf 89' lang='lat' dir='ltr'>torum</span> <span class='ocrx_word' id='word_1_287' title='bbox 454 4696 486 4745; x_wconf 90' lang='lat' dir='ltr'>et</span> <span class='ocrx_word' id='word_1_288' title='bbox 508 4686 588 4747; x_wconf 84' lang='lat' dir='ltr'>inira</span> <span class='ocrx_word' id='word_1_289' title='bbox 612 4687 741 4747; x_wconf 88' lang='lat' dir='ltr'>uberius</span> <span class='ocrx_word' id='word_1_290' title='bbox 765 4688 1040 4766; x_wconf 85' lang='lat' dir='ltr'>exprimendorum</span> <span class='ocrx_word' id='word_1_291' title='bbox 1064 4696 1149 4749; x_wconf 89' lang='lat' dir='ltr'>mota</span> <span class='ocrx_word' id='word_1_292' title='bbox 1173 4698 1204 4749; x_wconf 88' lang='lat' dir='ltr'>et</span> <span class='ocrx_word' id='word_1_293' title='bbox 1228 4698 1341 4751; x_wconf 88' lang='lat' dir='ltr'>erecta.</span> 
     </span>
    </p>

    <p class='ocr_par' dir='ltr' id='par_1_10' title="bbox 329 4780 1611 4985">
     <span class='ocr_line' id='line_1_39' title="bbox 437 4780 1611 4873; baseline 0.006 -22"><span class='ocrx_word' id='word_1_294' title='bbox 437 4792 579 4867; x_wconf 86' lang='lat' dir='ltr'>Qualiter</span> <span class='ocrx_word' id='word_1_295' title='bbox 612 4793 756 4854; x_wconf 92' lang='lat' dir='ltr'>nimirum</span> <span class='ocrx_word' id='word_1_296' title='bbox 788 4796 879 4855; x_wconf 92' lang='lat' dir='ltr'>annis</span> <span class='ocrx_word' id='word_1_297' title='bbox 902 4804 934 4855; x_wconf 91' lang='lat' dir='ltr'>et</span> <span class='ocrx_word' id='word_1_298' title='bbox 956 4794 1151 4873; x_wconf 91' lang='lat' dir='ltr'>temporibus</span> <span class='ocrx_word' id='word_1_299' title='bbox 1175 4795 1288 4856; x_wconf 88' lang='lat' dir='ltr'>abhinc</span> <span class='ocrx_word' id='word_1_300' title='bbox 1313 4780 1475 4858; x_wconf 79' lang='lat' dir='ltr'>retroactis</span> <span class='ocrx_word' id='word_1_301' title='bbox 1499 4799 1611 4859; x_wconf 88' lang='lat' dir='ltr'>eadem</span> 
     </span>
     <span class='ocr_line' id='line_1_40' title="bbox 329 4900 1609 4985; baseline 0.007 -27"><span class='ocrx_word' id='word_1_302' title='bbox 329 4900 361 4959; x_wconf 90' lang='lat' dir='ltr'>in</span> <span class='ocrx_word' id='word_1_303' title='bbox 385 4918 515 4961; x_wconf 90' lang='lat' dir='ltr'>causam</span> <span class='ocrx_word' id='word_1_304' title='bbox 546 4910 687 4976; x_wconf 87' lang='lat' dir='ltr'>attracta,</span> <span class='ocrx_word' id='word_1_305' title='bbox 711 4902 848 4963; x_wconf 88' lang='lat' dir='ltr'>nescitur</span> <span class='ocrx_word' id='word_1_306' title='bbox 872 4921 934 4983; x_wconf 91' lang='lat' dir='ltr'>quo</span> <span class='ocrx_word' id='word_1_307' title='bbox 954 4902 1107 4964; x_wconf 77' lang='lat' dir='ltr'>discolico</span> <span class='ocrx_word' id='word_1_308' title='bbox 1129 4903 1341 4965; x_wconf 87' lang='lat' dir='ltr'>circumventa</span> <span class='ocrx_word' id='word_1_309' title='bbox 1365 4904 1482 4985; x_wconf 90' lang='lat' dir='ltr'>spiritu,</span> <span class='ocrx_word' id='word_1_310' title='bbox 1506 4904 1609 4967; x_wconf 88' lang='lat' dir='ltr'>simul·</span> 
     </span>
    </p>
   </div>
   <div class='ocr_carea' id='block_1_10' title="bbox 0 0 1972 5550">
    <p class='ocr_par' dir='ltr' id='par_1_11' title="bbox 0 0 1972 5550">
     <span class='ocr_line' id='line_1_41' title="bbox 0 0 1972 5550; baseline 0 2"><span class='ocrx_word' id='word_1_311' title='bbox 0 0 1972 5550; x_wconf 95' lang='lat' dir='ltr'> </span> 
     </span>
    </p>
   </div>
  </div>
 </body>
</html>
