3934 5550
409 398 453 461 to

410 623 443 675 ut
478 623 602 676 actores
637 616 676 675 ab
711 635 783 689 una,
816 624 904 695 parte
937 635 1014 676 vero
1046 618 1086 677 ab
1119 618 1217 677 altera
1241 618 1391 678 illustrem
1423 628 1454 678 et
1485 617 1686 699 magnificum

409 723 567 800 quondam
591 722 751 783 dominum
775 723 949 803 Georgium
972 724 1186 785 marchionem
1210 725 1560 806 Brandenburgensem,
1592 726 1689 785 veluti

410 829 441 889 in
473 850 602 891 causam
636 839 811 903 attractum,
835 831 955 891 ratione
980 840 1012 891 et
1033 838 1199 911 praetextu
1233 842 1388 893 certorum
1422 842 1548 893 actuum
1582 841 1690 911 poten-

409 939 569 999 tiariorum
601 959 656 1018 per
687 940 830 999 homines
854 947 885 999 et
907 939 1077 1000 familiares
1108 940 1248 1000 eiusdem
1282 942 1439 1019 quondam
1470 940 1587 1001 domini
1611 960 1691 1000 mar-

409 1048 530 1107 chionis
553 1056 662 1107 contra
685 1048 844 1126 praelatos
876 1048 996 1108 nobiles
1028 1048 1213 1127 praediales,
1237 1058 1272 1109 ut
1294 1049 1353 1127 ipsi
1377 1049 1562 1109 asserebant
1585 1058 1688 1127 patra·

408 1166 520 1232 torum,
550 1174 656 1217 coram
686 1157 861 1217 reverendo
892 1157 1051 1236 quondam
1079 1157 1172 1217 Petro
1196 1158 1337 1234 Beryzlo,
1362 1157 1511 1235 episcopo
1535 1156 1688 1217 ecclesiae

408 1264 673 1343 Wesprimiensis,
698 1284 735 1323 ac
758 1265 990 1342 praedictorum
1013 1284 1184 1345 regnorum
1202 1264 1387 1341 Dalmatiae,
1411 1264 1541 1325 Croatie
1555 1272 1586 1324 et
1601 1264 1687 1325 Scla-

408 1372 520 1433 uoniae
552 1372 645 1449 bano,
678 1381 764 1432 mota
786 1371 898 1433 fuisset
927 1373 1085 1451 quaedam
1116 1391 1222 1447 causa,
1246 1390 1328 1452 quae
1360 1372 1487 1433 tandem
1517 1392 1573 1452 per
1605 1372 1687 1433 viam

408 1479 625 1559 appellationis
655 1481 687 1539 in
719 1481 838 1540 curiam
870 1480 999 1560 regiam,
1023 1480 1121 1559 ipsius
1152 1479 1269 1540 scilicet
1292 1480 1450 1558 quondam
1487 1479 1603 1540 domini
1627 1481 1687 1540 Lu-

410 1587 513 1649 douici
536 1587 621 1667 regis
652 1587 684 1647 in
715 1587 926 1666 praesentiam
949 1588 1085 1648 deducta
1110 1588 1270 1662 extitisset,
1294 1587 1323 1647 in
1358 1606 1420 1667 qua
1443 1587 1570 1667 quidem
1594 1606 1691 1648 causa

409 1695 591 1775 peripsum
615 1695 774 1774 quondam
798 1695 957 1755 dominum
979 1694 1176 1755 Ludouicum
1192 1714 1301 1775 regem
1318 1694 1502 1755 iudicialiter
1530 1695 1690 1755 decretum

409 1811 441 1863 et
471 1803 674 1863 deliberatum
708 1803 827 1879 luisset,
858 1804 943 1883 quod
974 1803 1106 1881 praefati
1138 1803 1258 1863 nobiles
1288 1802 1472 1881 praediales,
1506 1803 1690 1882 praedeces·

411 1929 499 1971 sores
523 1910 642 1971 scilicet
665 1910 817 1970 dictorum
841 1912 872 1970 in
897 1928 1027 1970 causam
1043 1919 1255 1987 attractorum,
1279 1910 1513 1991 eorundemque
1537 1912 1689 1971 haeredes

409 2019 451 2077 ad
475 2017 697 2091 obedientiam,
721 2018 981 2097 servitiorumque
1005 2018 1235 2096 exhibitionem,
1268 2019 1453 2100 iobagiones
1484 2039 1561 2081 vero
1585 2031 1616 2081 et
1640 2040 1689 2081 co·

408 2126 471 2185 loni
496 2124 670 2185 eonmdem
695 2127 735 2185 ad
759 2126 939 2186 censualem
963 2135 995 2186 et
1017 2144 1183 2204 porcorum
1208 2127 1393 2187 decimalem
1417 2128 1611 2201 solutionem,
1635 2147 1691 2207 per

409 2234 537 2294 eosdem
561 2234 757 2312 temporibus
779 2234 1059 2312 praedecessorum
1083 2234 1216 2313 praefati
1239 2235 1398 2314 quondam
1417 2235 1535 2295 domini
1559 2236 1689 2316 Georgii

408 2340 605 2415 marchionis,
630 2350 661 2402 et
684 2342 846 2421 signanter
862 2341 1090 2422 praenominati
1113 2343 1272 2421 quondam
1288 2342 1413 2403 Ioannis
1437 2341 1575 2416 Coruini,
1592 2342 1688 2417 ducis,

409 2456 440 2507 et
464 2449 609 2509 dominae
642 2448 804 2522 Beatricis,
836 2448 914 2509 alias
945 2450 1071 2509 relictae
1103 2449 1176 2509 dicti
1204 2449 1328 2509 loannis
1351 2449 1490 2527 Coruini,
1513 2458 1587 2510 tunc
1612 2468 1687 2510 vero

407 2556 561 2617 consortis
592 2555 724 2635 praelati
755 2556 874 2616 domini
906 2556 1037 2638 Georgii
1061 2557 1257 2635 marchionis,
1282 2558 1321 2617 ad
1346 2566 1482 2617 castrum
1507 2558 1632 2618 Medwe
1657 2566 1687 2617 et

406 2664 568 2723 castellum
592 2664 778 2723 Lwlrawecz
801 2664 948 2724 exhibere
972 2672 1004 2724 et
1026 2673 1187 2744 praestare
1212 2672 1403 2741 consvetam,
1423 2673 1497 2725 tunc
1521 2674 1552 2725 et
1576 2665 1685 2725 hrturis

407 2791 532 2851 semper
555 2772 748 2851 temporibus
770 2772 900 2848 interea,
927 2775 1028 2834 donec
1051 2775 1228 2835 huiusmodi
1248 2774 1488 2835 conditionalem
1505 2774 1687 2836 servitutem

407 2900 444 2940 ac
468 2882 648 2940 censualem
672 2890 704 2941 et
726 2881 913 2942 decimalem
934 2882 1119 2943 solutionem
1145 2883 1254 2943 ordine
1278 2883 1353 2942 iuris
1377 2890 1532 2954 excutere,
1557 2901 1576 2942 a
1599 2901 1684 2942 sese·

405 3006 466 3066 que
499 3006 662 3048 removere
694 2997 725 3048 et
757 2991 939 3068 propellere,
972 2998 1004 3050 et
1033 3009 1070 3050 ex
1102 2991 1305 3070 consequenti
1336 3009 1371 3050 se
1402 2991 1488 3069 ipsos
1520 2990 1624 3050 coetui
1656 2997 1687 3050 et

405 3095 539 3176 collegio
570 3114 716 3156 verorum
748 3105 779 3156 et
810 3096 1077 3175 privilegiatorum
1113 3097 1260 3158 nobilium
1285 3097 1442 3158 ascribere
1474 3105 1505 3157 et
1537 3097 1684 3178 agregan'

405 3203 511 3262 iacere
542 3211 697 3281 poterunt,
729 3203 769 3264 ad
800 3205 1026 3284 praescriptum
1061 3214 1199 3266 castrum
1222 3205 1348 3266 Medwe
1373 3213 1404 3265 et
1428 3205 1590 3265 castellum
1615 3206 1684 3265 Lw-

406 3311 536 3370 kawecz
551 3310 651 3371 teneri
667 3319 699 3371 et
714 3311 856 3391 obligari,
880 3331 917 3372 ac
941 3313 1092 3373 obnoxios
1117 3331 1201 3388 esse,
1227 3321 1371 3374 econtra
1390 3321 1495 3373 autem
1518 3332 1558 3372 ne
1582 3312 1683 3373 dictus

406 3437 533 3497 quoque
557 3419 714 3495 quondam
740 3418 884 3479 dominus
908 3420 1066 3500 Georgius
1094 3421 1241 3498 marchio,
1266 3430 1297 3481 et
1321 3420 1461 3481 eiusdem
1485 3438 1684 3480 successores

407 3546 445 3586 ac
468 3525 628 3601 officiales,
652 3526 683 3585 in
707 3526 797 3586 dictis
828 3536 932 3586 castro
955 3528 1082 3588 Medwe
1106 3537 1137 3588 et
1161 3529 1289 3589 castello
1312 3529 1500 3588 kaawecz
1524 3546 1580 3606 pro
1604 3537 1683 3588 tem-

406 3653 482 3713 pore
499 3633 666 3711 constituti,
689 3634 775 3713 ipsos
798 3635 919 3696 nobiles
933 3636 1119 3714 praediales,
1135 3638 1185 3699 vel
1202 3655 1309 3718 eorqm
1327 3637 1480 3697 haeredes
1504 3636 1545 3695 ad
1568 3655 1683 3696 novam

407 3743 544 3821 aliquam
579 3749 612 3801 et
642 3741 857 3802 inconsuetam
890 3743 1088 3804 servitiorum
1123 3744 1353 3818 exhibitionem,
1388 3742 1573 3823 iobagiones
1607 3761 1683 3802 vero

405 3849 577 3910 eorundem
609 3849 650 3909 ad
681 3869 833 3910 censuum
865 3860 897 3911 et
924 3851 1079 3912 datiorum
1104 3871 1142 3912 ac
1165 3852 1357 3913 decimarum
1382 3852 1420 3912 de
1444 3851 1547 3931 porcis
1571 3869 1681 3930 prove·

405 3957 555 4018 nientium
578 3957 734 4018 insolitam
759 3967 791 4018 et
813 3959 917 4020 denuo
938 3958 1157 4035 inducendam,
1181 3961 1231 4020 vel
1256 3960 1343 4020 aliter
1366 3959 1609 4020 continuandam
1632 3977 1681 4019 so·

403 4065 553 4125 lurionem
574 4066 761 4144 compellere
785 4075 817 4126 et
840 4066 1024 4148 astringere,
1056 4086 1172 4146 eosque
1203 4075 1369 4146 propterea
1400 4067 1431 4127 in
1462 4065 1604 4145 personis
1629 4073 1682 4124 aut

402 4173 496 4232 rebus
536 4172 675 4250 ipsorum
713 4174 864 4252 impedire
888 4182 920 4234 et
943 4174 1145 4234 damnificare
1185 4183 1291 4253 posset
1330 4183 1384 4235 aut
1418 4174 1547 4235 deberet
1570 4173 1681 4254 quovis

403 4281 506 4354 modo,
530 4288 690 4340 caeterum
713 4300 777 4340 non
800 4289 909 4341 curata
933 4281 1109 4342 huiusmodi
1131 4282 1294 4342 iudiciaria
1309 4282 1533 4342 deliberatione
1557 4289 1588 4341 et
1610 4300 1680 4341 sen·

401 4386 500 4446 tentia
530 4387 663 4464 praefati
694 4388 811 4448 domini
841 4389 995 4449 Ludouici
1024 4388 1119 4469 regis,
1148 4389 1308 4468 praelatus
1343 4389 1488 4449 dominus
1523 4387 1680 4469 Georgius

404 4493 553 4568 marchio,
576 4494 788 4573 officialesque
812 4496 860 4556 sui
874 4497 906 4556 in
922 4497 1013 4557 dictis
1037 4505 1140 4558 castro
1157 4497 1282 4557 Medwe
1299 4505 1330 4556 et
1347 4498 1474 4557 castello
1492 4497 1678 4557 Lwlrawecz

402 4602 571 4674 constituti,
595 4603 753 4680 praelatos
785 4605 904 4665 nobiles
936 4605 1111 4683 praediales
1135 4612 1167 4665 et
1190 4607 1360 4666 eorundem
1385 4606 1512 4665 colonos
1535 4605 1567 4664 in
1590 4623 1680 4684 prae·

402 4709 517 4786 scripta
536 4709 762 4770 conditionaria
788 4712 946 4788 servitute,
980 4731 1194 4790 censuumque
1218 4732 1255 4772 ac
1280 4713 1434 4773 datiorum
1458 4722 1489 4773 et
1511 4729 1678 4791 porcorum

401 4816 599 4876 decimabum
631 4825 724 4878 antea
753 4818 843 4878 solita
867 4820 1056 4880 exhibitione
1080 4829 1112 4879 et
1136 4821 1288 4880 solutione
1312 4821 1438 4880 minime
1463 4837 1678 4894 conservasse,

400 4923 579 5002 quinpotius
609 4925 729 4985 nobiles
759 4925 845 5005 ipsos
875 4927 1053 5006 praediales
1084 4929 1173 4987 novis
1209 4938 1239 4988 et
1272 4927 1441 4987 maioribus
1472 4928 1678 5005 undecunque
