3934 5550
417 371 483 433 540

522 590 614 648 Anno
645 587 762 648 domini
798 585 889 648 1650.
920 588 970 648 die
995 585 1046 646 29.
1072 587 1197 666 augusti
1229 588 1346 648 mensis
1370 587 1400 646 in
1425 588 1517 647 domo
1546 587 1695 648 consisto-

417 696 483 755 riali
514 696 545 755 in
577 695 776 774 possessione
810 696 904 774 Nagy
928 695 1071 768 Goricza,
1105 695 1228 773 Campo
1252 703 1283 755 et
1307 689 1471 755 eomitatu¹
1495 695 1639 756 existenti
1663 705 1694 754 et

415 804 530 877 habita,
554 803 637 863 facta
665 811 713 863 est
742 802 899 884 generalis
923 802 1129 882 congregatio
1154 801 1364 862 universitatis
1388 795 1551 863 nobilium²
1574 803 1692 882 Zagra-

415 911 531 970 biensis
555 911 726 989 Turopolia
748 910 830 970 dicti.

520 1018 560 1077 Et
592 1026 664 1078 ante
699 1037 794 1097 quam
828 1018 868 1077 ad
899 1017 977 1077 alios
1009 1017 1149 1077 eiusdem
1178 1016 1408 1077 communitatis
1441 1025 1592 1078 tractatus
1624 1038 1693 1096 pro-

414 1145 558 1206 gressum
589 1125 707 1198 luisset,
738 1124 910 1204 praecessit
941 1124 1109 1204 postulatio
1143 1123 1338 1184 dominorum
1368 1124 1540 1184 vicinorum
1564 1145 1693 1186 venera·

414 1233 482 1293 bilis
514 1233 640 1312 capituli
671 1233 823 1294 ecclesiae
857 1231 1081 1312 Zagrabiensis
1105 1231 1225 1291 ratione
1250 1231 1396 1291 arborum
1421 1234 1639 1310 quercinarum
1663 1235 1693 1295 in

414 1341 592 1400 instantiam
616 1342 785 1402 admodum
810 1339 973 1401 reverendi
990 1338 1107 1400 domini
1130 1339 1253 1399 Nicolai
1277 1339 1508 1414 Dyenesouich,
1525 1343 1693 1420 praepositi

414 1452 541 1512 maioris
572 1461 603 1511 et
634 1451 777 1512 canonici
808 1449 1032 1530 Zagrabiensis
1061 1449 1152 1522 sacta,
1177 1448 1218 1508 ad
1242 1448 1331 1508 cuius
1355 1450 1596 1528 postulationem
1620 1471 1692 1512 con·

416 1562 568 1619 ceduntur
591 1559 759 1638 quercinae
784 1559 912 1618 arbores
936 1557 1095 1617 sexdecim
1119 1555 1336 1617 succidendae.

520 1666 570 1726 Ad
605 1666 809 1726 necessitates
845 1665 976 1734 castelli,
998 1665 1164 1724 Lakauecz
1193 1663 1377 1738 decernitur,
1413 1674 1446 1723 ut
1477 1667 1578 1726 coloni
1601 1669 1690 1729 nobi-

413 1775 487 1834 lium
523 1774 753 1834 communitatis
776 1774 808 1833 in
833 1773 972 1834 Lekenik
996 1781 1235 1845 commorantes
1260 1772 1418 1850 quottanis
1452 1773 1534 1833 mille
1570 1795 1694 1837 asseres

414 1901 612 1960 praeparare,
642 1891 910 1960 praeparatosque
944 1881 984 1940 ad
1017 1880 1187 1940 antelatum
1218 1880 1378 1940 castellum
1415 1881 1572 1942 advehere
1607 1893 1691 1945 tene·

413 1993 527 2050 huntur
558 2009 615 2070 pro
646 1990 725 2050 festo
761 1990 861 2050 sancti
884 1984 1039 2069 Georgii³‚
1074 1989 1158 2067 quod
1182 1988 1208 2048 si
1232 1989 1348 2049 nollent
1376 1997 1513 2050 autnon
1539 2001 1691 2067 curarent,

414 2099 483 2177 ipso
506 2100 590 2158 lacto
613 2117 748 2176 poenam
772 2099 885 2176 duplae
910 2097 1016 2157 subire
1040 2097 1206 2156 debebunt.

519 2208 667 2268 Decemit
690 2206 905 2280 communitas,
929 2213 963 2265 ut
986 2206 1128 2266 laniones
1144 2206 1247 2265 medio
1264 2205 1493 2266 communitatis
1518 2207 1691 2269 residentes

412 2317 548 2376 universi
582 2324 613 2375 et
636 2315 758 2396 singuli,
790 2314 909 2374 nobiles
937 2314 1056 2374 scilicet
1080 2322 1110 2374 et
1134 2313 1243 2386 coloni,
1277 2315 1390 2374 amodo
1418 2315 1566 2394 deinceps
1591 2325 1622 2376 et
1645 2317 1690 2377 in·
1764 2367 1770 2374 .

413 2432 573 2502 posterum
612 2443 630 2483 a
664 2423 743 2482 festo
780 2423 1011 2482 sacratissimae
1055 2421 1197 2482 Pascatis
1225 2441 1324 2501 usque
1361 2423 1401 2481 ad
1436 2422 1549 2482 testum
1581 2425 1691 2484 Pente·

413 2539 525 2603 costes
549 2551 611 2591 non
635 2531 715 2590 ultra
742 2549 837 2609 quam
869 2549 925 2608 pro
955 2531 1077 2590 duobus
1113 2528 1271 2590 crucileris
1304 2549 1414 2589 earnes
1442 2531 1578 2590 vendere
1603 2551 1691 2610 prae·

413 2648 545 2712 sumant,
577 2639 661 2716 quod
692 2639 718 2696 si
750 2637 845 2716 aliqui
876 2657 984 2697 eorum
1015 2637 1125 2696 maiori
1156 2637 1262 2714 precio
1294 2636 1462 2696 divendere
1496 2638 1588 2698 vellet
1611 2639 1691 2701 intra

412 2768 442 2826 pr
451 2747 638 2825 aescriptum
662 2756 798 2826 tempus,
821 2753 935 2805 extunc
958 2746 989 2805 in
1014 2745 1181 2806 amissione
1198 2745 1337 2805 carnium
1354 2745 1510 2806 venalium
1527 2748 1690 2809 convictus

412 2856 480 2933 ipso
511 2855 594 2914 facto
618 2855 665 2928 sit,
689 2862 721 2913 et
744 2873 799 2931 per
823 2854 983 2914 dominum
1017 2853 1162 2913 comitem
1186 2853 1340 2931 puniatur.
1365 2854 1442 2912 Post
1464 2856 1688 2933 praescriptum

412 2982 487 3022 vero
518 2972 640 3039 tempus
674 2961 795 3021 duobus
828 2960 964 3021 denariis
999 2980 1122 3038 semper
1151 2961 1288 3020 vendere
1312 2960 1478 3035 debebunt
1502 2970 1533 3021 et
1557 2964 1636 3023 haec
1659 2964 1690 3023 in

412 3072 471 3129 hoc
495 3070 563 3129 loco
587 3069 743 3128 communi
768 3076 798 3128 et
821 3068 1028 3148 privilegiato,
1053 3068 1197 3128 videlicet
1220 3068 1250 3128 in
1275 3068 1473 3147 possessione
1506 3070 1599 3150 Nagy
1627 3072 1690 3132 Go-

411 3177 495 3237 ricza
526 3196 589 3236 non
625 3176 714 3248 alibi;
758 3176 843 3253 quod
889 3175 916 3235 si
951 3175 1062 3253 aliquis
1098 3183 1312 3254 praesumeret
1347 3174 1493 3235 aliorsum
1530 3186 1690 3255 asportare

413 3292 466 3344 aut
498 3283 569 3343 alibi
601 3284 738 3343 vendere
771 3289 859 3342 extra
889 3283 1097 3360 praemissum
1129 3284 1231 3341 locum
1260 3300 1473 3355 communem,
1506 3292 1618 3344 extunc
1650 3286 1689 3345 si-

412 3392 475 3450 mili
506 3391 600 3451 modo
632 3391 662 3449 in
696 3390 864 3449 amissione
898 3390 1049 3449 dictarum
1092 3390 1249 3449 venalium
1281 3390 1429 3466 carnium,
1461 3391 1510 3450 vel
1543 3411 1618 3451 vero
1650 3393 1689 3453 si·

412 3499 524 3558 militer
555 3499 586 3556 in
617 3498 725 3557 valore
757 3504 952 3577 aggravatus
977 3496 1017 3556 sit
1040 3506 1071 3555 et
1094 3496 1240 3574 puniatur
1271 3515 1327 3576 per
1350 3496 1510 3557 dominum
1536 3499 1688 3559 comitem.

413 3608 520 3665 Liceat
549 3605 747 3664 nihilominus
778 3605 868 3664 dictis
897 3605 1073 3665 lanionibus
1105 3604 1213 3664 iuratis
1238 3606 1450 3665 assessoribus
1483 3607 1577 3666 etiam
1607 3606 1688 3667 intra

410 3714 513 3773 locum
545 3731 743 3772 communem
773 3713 920 3787 vendere,
954 3712 1021 3771 aliis
1054 3731 1128 3771 vero
1152 3731 1311 3791 nunquam
1336 3713 1394 3772 nisi
1418 3733 1543 3793 semper
1566 3715 1597 3774 in
1620 3715 1689 3776 loco

411 3820 568 3881 communi
592 3820 773 3897 praemisso.

517 3928 686 3987 Praeterea
720 3928 864 3986 statuitur
902 3928 1021 3986 ratione
1053 3945 1270 3986 mensurarum
1305 3926 1368 3985 vini
1403 3936 1434 3985 et
1465 3927 1618 4001 frumenti,
1651 3948 1688 3988 ac

412 4036 505 4095 etiam
530 4034 678 4110 carnium,
703 4045 735 4093 ut
753 4036 900 4114 aequales
925 4035 954 4094 in
980 4035 1063 4094 dicta
1087 4034 1309 4095 communitate
1331 4035 1506 4094 habeantur
1529 4043 1560 4095 et
1583 4036 1689 4095 obser·

411 4149 531 4215 ventur,
563 4161 664 4221 neque
697 4141 764 4201 aliis
794 4141 838 4200 uti
869 4142 961 4201 liceat
994 4162 1088 4221 quam
1117 4142 1249 4221 signatis
1273 4140 1376 4222 sigillo
1400 4142 1530 4216 comitis
1555 4143 1638 4221 quod
1663 4144 1688 4203 si

412 4249 522 4336 aliquis
546 4269 653 4308 eorum
678 4257 894 4328 praesumeret
930 4250 999 4309 aliis
1024 4250 1076 4324 uti,
1110 4258 1224 4310 extunc
1259 4250 1290 4309 in
1315 4250 1482 4310 amissione
1519 4251 1689 4311 earundem

411 4376 515 4417 rerum
540 4358 696 4417 venalium
719 4358 787 4435 ipso
811 4357 894 4417 facto
919 4357 1080 4418 convictus
1105 4360 1145 4418 sit
1168 4365 1199 4418 et
1223 4359 1376 4436 puniatur.

518 4462 687 4525 Caeterum
718 4465 913 4536 concludunt,
949 4466 1033 4543 quod
1064 4466 1090 4525 si
1122 4464 1242 4525 testivis
1266 4466 1376 4525 diebus
1400 4466 1512 4545 aliquis
1535 4466 1687 4526 dictorum

412 4572 559 4632 nobilium
584 4582 637 4631 aut
660 4574 840 4633 colonorum
871 4574 1042 4633 eorundem
1066 4573 1097 4633 in
1121 4572 1279 4633 laboribus
1308 4582 1448 4651 repertus
1474 4572 1573 4647 fuerit,
1597 4573 1689 4634 liceat

411 4680 505 4739 talem
534 4679 565 4738 in
596 4678 709 4738 talibus
742 4679 900 4739 laboribus
924 4688 978 4740 aut
1001 4681 1129 4760 negotio
1152 4688 1311 4759 repertum
1335 4681 1428 4739 rebus
1452 4681 1510 4740 illis
1534 4680 1688 4741 universis

411 4786 545 4865 privare,
578 4794 608 4845 et
638 4786 761 4861 talibus,
785 4786 838 4866 qui
862 4787 941 4847 tales
972 4788 1263 4866 depraehenderint,
1290 4788 1403 4866 partim
1427 4806 1483 4866 pro
1507 4806 1551 4863 se,
1575 4788 1688 4867 partim

411 4893 537 4953 domino
573 4893 686 4966 comiti,
717 4892 767 4952 cui
799 4894 936 4954 universi
969 4895 1158 4970 incumbunt,
1182 4896 1294 4974 partim
1318 4915 1374 4974 pro
1399 4896 1534 4956 ecclesia
1558 4914 1687 4955 conver·
