3934 5550
1497 415 1558 477 159

276 628 417 689 instructi
440 637 597 703 maneant,
621 638 824 709 mutuamque
849 648 919 689 cum
944 629 1078 691 dominis
1102 629 1283 707 capitaneis,
1318 631 1448 709 aliisque
1484 650 1558 691 con·

281 736 409 799 finiariis
433 737 617 797 officialibus
641 737 948 817 correspondentiam
972 738 1119 800 habeant.
1142 738 1177 796 ln
1199 737 1319 818 reliquo
1342 739 1467 800 valebit.
1547 789 1549 792 .

386 862 423 925 G.
448 864 477 926 d
501 871 625 925 vestrae

1072 953 1192 1013 aulicus
1215 963 1345 1031 paratus

913 1061 1032 1121 Comes
1055 1060 1203 1121 Nicolaus
1226 1061 1382 1138 Erdeody,
1406 1081 1446 1121 m.
1469 1081 1499 1140 p.

386 1169 498 1243 Obres‚
522 1165 574 1228 28.
598 1169 730 1229 ianuarii
758 1166 849 1229 1683.

386 1297 427 1356 ln
450 1296 590 1356 dorso:
614 1296 777 1357 Generoso
801 1295 926 1355 domino
950 1296 1044 1355 Petro
1058 1286 1295 1374 Senliouachky¹
1305 1294 1394 1356 aliter
1410 1296 1557 1370 Vallicza,

278 1403 489 1464 universitatis
513 1403 661 1464 nobilium
686 1404 799 1483 Campi
822 1403 1047 1484 Zagrabiensis
1070 1402 1241 1482 Turopolia
1271 1404 1345 1467 dicti
1369 1403 1474 1464 comiti
1498 1412 1558 1464 ter·

279 1512 368 1571 restri
392 1520 459 1585 etc,
483 1513 584 1573 amico
607 1511 900 1572 observandissime.
1509 1517 1512 1524 '

384 1634 530 1705 Origlnale
548 1634 737 1700 chartaceum,
766 1650 782 1687 a
809 1640 891 1704 tergo
916 1648 1085 1700 appressum
1111 1632 1242 1707 sigillum,
1269 1649 1327 1707 quo
1353 1629 1434 1689 litera
1463 1633 1560 1692 clausa

278 1727 345 1779 erat.
365 1724 396 1779 In
416 1724 530 1782 archivo
549 1738 688 1781 commun.
709 1723 774 1781 nob.
795 1724 832 1781 de
851 1720 1016 1797 Turopblje.

871 2011 887 2077 l
898 2008 977 2085 04.

386 2177 479 2236 Anno
507 2173 598 2237 1683.
622 2175 651 2237 9.
671 2170 786 2237 martii.
810 2177 960 2237 Viennae.

388 2339 566 2418 Leopoldus
589 2339 611 2398 l.
634 2340 819 2419 Hungariae
843 2347 900 2399 etc.
925 2357 989 2414 rex,
1012 2337 1148 2397 nobilem
1171 2338 1346 2397 Nicolaum.
1359 2338 1557 2411 Trumbetas‚

280 2448 334 2527 qui
356 2447 419 2507 iam
442 2448 528 2527 prius
552 2448 687 2507 armales
710 2448 826 2527 habuit,
850 2448 908 2508 sed
932 2466 988 2507 eas
1010 2446 1189 2526 Zagrabiae
1212 2446 1295 2526 ignis
1318 2447 1470 2527 voragine
1486 2466 1556 2525 per·

278 2554 363 2634 didit,
387 2574 424 2614 ac
447 2574 503 2633 per
522 2554 628 2633 ¹ipsum
644 2554 817 2636 Georgium
834 2564 865 2615 et
879 2556 1029 2615 loannem
1046 2554 1134 2634 tilios,
1156 2555 1305 2628 Ioannem
1322 2564 1352 2613 et
1370 2554 1556 2616 Michaelem

280 2663 392 2723 fratres
415 2664 558 2723 carnales
581 2671 620 2749 et
635 2664 773 2723 uterinos
798 2664 938 2724 eiusdem
961 2663 1099 2737 Nicolai;
1122 2663 1254 2722 Paulum
1278 2662 1375 2721 filium
1398 2660 1475 2721 dicti
1497 2663 1556 2721 Mi·

278 2770 410 2846 chaelis;
434 2770 622 2832 Michaelem
646 2790 684 2848 ac
708 2771 840 2832 alterum
863 2771 1051 2832 Michaelem
1065 2770 1162 2832 filium
1185 2768 1426 2844 Bartholomaei,
1451 2778 1482 2829 et
1496 2769 1555 2828 Mi-

285 2879 425 2942 chaelem
439 2880 635 2955 fratruelem3
660 2899 752 2958 porro
766 2881 879 2941 fratres
906 2880 1088 2960 Georgium,
1112 2878 1237 2938 Petrum
1265 2888 1296 2938 et
1319 2879 1461 2954 Paulum,
1487 2897 1560 2937 nec·

277 3007 341 3047 non
367 2987 520 3048 Mathiam
548 2987 715 3066 Krilchich,
738 2988 903 3050 Matthiam
928 2994 959 3049 et
982 2987 1169 3046 Michaelem
1201 2986 1288 3058 filios,
1313 3005 1350 3045 ac
1373 2985 1562 3045 Michaelem

282 3095 410 3182 tratrem
433 3095 574 3155 eiusdem
597 3095 738 3156 Mathiae
762 3095 928 3172 Krilchich,
952 3115 994 3171 ac¹
1013 3094 1147 3174 denique
1172 3094 1326 3156 Mathiam
1357 3094 1455 3153 filium
1479 3112 1561 3153 nunc

280 3203 431 3263 nominati
454 3203 604 3279 Mathiae‚
627 3203 786 3266 nobilitate
810 3187 948 3276 exornat,
971 3203 1109 3282 ipsisque
1133 3221 1221 3262 arma
1245 3221 1301 3262 seu
1324 3201 1494 3262 nobilitatis
1516 3201 1563 3260 in·

277 3310 380 3391 signia
403 3310 530 3371 confert.

385 3417 566 3478 Publicatae
599 3427 671 3478 sunt
701 3420 762 3478 bae
792 3418 900 3478 literae
925 3418 1060 3479 armales
1083 3419 1115 3477 in
1138 3418 1279 3498 generali
1310 3417 1400 3497 regni
1432 3435 1561 3495 congre-

280 3524 407 3605 gatione
431 3525 607 3596 Varasdini,
631 3545 658 3588 a.
687 3523 779 3591 1687.
808 3525 856 3589 15.
879 3527 961 3586 maii.

385 3645 531 3717 Originale
551 3649 774 3713 membraneum,
793 3647 915 3718 sigillum
936 3649 1088 3716 appendet.
1101 3649 1186 3716 Apud
1200 3650 1266 3702 nob.
1279 3646 1450 3708 Trumbetal
1463 3646 1561 3700 Maiori

278 3734 395 3789 Mlalrae.
416 3765 447 3772 —
467 3735 622 3803 Viteaovid,
641 3735 797 3807 mjesednik
816 3753 848 3790 za
867 3737 1047 3808 genealogiju
1066 3744 1120 3792 etc.
1139 3737 1158 3790 1.
1178 3753 1241 3825 pag.
1263 3737 1322 3791 153.
1399 3752 1402 3757 ⁴
1421 3769 1431 3785 -.

873 3984 979 4060 105.

390 4153 481 4215 Anno
511 4151 602 4215 1683.
627 4151 656 4214 9.
680 4153 763 4216 maii.
786 4154 820 4212 ln
845 4153 1047 4214 Mariassoca
1089 4233 1092 4237 1

281 4309 472 4377 Balthasar
502 4311 717 4397 Wragouiclr,
742 4311 946 4398 m'cebanus,¹
960 4311 1118 4375 comitem
1142 4314 1338 4375 terrestrem
1357 4287 1482 4395 Campi
1495 4311 1564 4388 vZu-

275 4418 487 4505 grabiensiS,
518 4419 565 4484 ad
593 4419 706 4484 sedem
739 4417 971 4483 iudiciariam
1003 4418 1232 4485 comitatuum
1260 4417 1508 4505 Zagrabiensis
1531 4420 1563 4482 et

435 4581 437 4584 .
472 4526 669 4601 Crrsiensis,
692 4545 734 4591 ex
755 4524 874 4612 officio
896 4524 964 4589 sibi
987 4524 1212 4604 incumbente,
1237 4525 1374 4590 invitat.

281 4693 443 4754 Generose
460 4693 585 4753 domine
603 4691 703 4752 amice
727 4691 802 4750 mihi
818 4690 1112 4752 observandissime.
1136 4689 1340 4759 Servitiorum
1357 4687 1555 4747 commenda·

860 4798 987 4862 tionem.
1348 4795 1351 4800 ’

389 4925 477 4986 Licet
501 4893 562 4984 non
586 4933 649 4984 ram
674 4925 794 5004 pridem
826 4924 935 4984 sedem
967 4923 1161 4990 iudiciariam
1192 4922 1414 5004 Zagrauenus
1438 4930 1470 4982 et
1493 4920 1567 4990 ere.
