3934 5550
408 472 478 536 484

405 689 547 749 homines
579 688 718 766 ipsarum
750 687 902 759 villarum,
941 705 1022 765 quos
1054 705 1111 765 pro
1142 685 1201 747 illis
1234 686 1384 758 miserint,
1408 695 1439 747 et
1462 686 1575 766 quibus
1604 686 1697 747 iidem

405 797 515 875 lognry
538 813 665 873 semper
687 794 771 854 diem
790 793 969 874 significare
986 794 1160 868 debebunt;
1185 802 1217 853 et
1240 792 1266 852 si
1293 794 1401 873 quiex
1417 794 1572 853 iratribus
1588 802 1698 854 contra

405 903 600 963 voluntatem
636 920 746 961 eorum
769 902 809 961 ad
832 900 1002 980 piscandos
1025 901 1129 979 pisces
1152 900 1384 981 ingrederetur,
1406 901 1503 961 citent
1526 901 1594 961 illos
1618 902 1696 961 tales

404 1010 436 1070 in
460 1010 657 1088 presenciam
680 1009 810 1070 comitis.

510 1117 696 1177 Racionibus
728 1118 795 1178 dies
826 1118 1001 1197 prefigatur
1037 1136 1093 1195 per
1125 1116 1280 1196 comitem,
1314 1125 1346 1175 et
1377 1117 1433 1177 fiat
1471 1116 1555 1177 racio
1586 1136 1691 1177 coram

405 1224 533 1303 prefatis
558 1224 781 1285 assessoribus.

975 1354 995 1385 ἢ
1102 1351 1119 1386 t

1041 1396 1056 1426 n

510 1547 601 1607 Feria
632 1556 721 1607 sexta
756 1546 898 1625 proxima
920 1554 992 1626 post
1014 1547 1129 1607 festum
1153 1546 1254 1607 sancti
1281 1546 1403 1607 Nicolai
1426 1540 1589 1625 episcopi⁴,
1616 1566 1671 1625 pre

403 1654 458 1713 iati
482 1673 660 1715 assessores
689 1656 896 1715 decreverunt
926 1655 1062 1730 omnine,
1085 1664 1120 1714 ut
1143 1656 1360 1734 preteritorum
1393 1673 1547 1715 annorum
1577 1655 1689 1735 logan,

402 1761 546 1821 videlicet
579 1761 695 1822 domini
729 1762 862 1821 Iacobus
898 1763 1090 1844 Pogledych,
1125 1763 1262 1823 Mathias
1294 1764 1442 1844 Wagych
1473 1773 1504 1823 et
1540 1762 1685 1823 Czwetb·

401 1868 544 1945 kowych,
567 1864 600 1927 in¹
620 1868 702 1928 festo
718 1868 859 1929 Silvestri
876 1888 967 1949 pape,
991 1869 1133 1948 proxime
1154 1865 1310 1944 venturo⁵,
1326 1870 1357 1930 in
1372 1870 1526 1947 Gorycza,
1542 1870 1573 1929 in
1592 1871 1687 1929 domo

400 1974 518 2035 domini
550 1974 709 2035 Ambrosii
741 1974 990 2055 Gregoryanczy
1023 1977 1143 2057 absque
1174 1978 1259 2038 omni
1285 1978 1439 2038 dilacione
1462 1977 1622 2037 racionem
1646 1978 1686 2037 de

403 2090 551 2161 percepta
575 2101 744 2161 syrowyna
768 2084 843 2144 dare
868 2085 1013 2149 debeant

503 2239 648 2311 Originale
673 2240 742 2310 (duo
762 2240 839 2309 solia)
865 2242 1010 2314 alligatum
1035 2243 1194 2311 protocollo
1222 2245 1393 2298 »Processus
1414 2250 1443 2298 et
1463 2242 1599 2297 nonnulla
1615 2241 1685 2311 poli·

397 2327 454 2382 tica
472 2329 508 2383 ab
528 2344 602 2383 anno
623 2328 833 2386 iooo.-1680.‹
853 2333 885 2385 ln
904 2332 1019 2387 archivo
1037 2349 1180 2389 commun.
1200 2336 1266 2389 nob.
1286 2334 1324 2388 de
1341 2334 1506 2403 Turopolje.

507 2488 576 2543 ¹12.
596 2490 697 2546 martii.
734 2487 747 2520 ²
764 2490 899 2562 Sequitur
917 2492 1044 2547 deletum
1070 2495 1246 2550 »Anthonius
1264 2494 1439 2564 lakopovich
1456 2494 1538 2549 aliter
1554 2493 1683 2565 Podgay·

395 2576 474 2649 ny«,
491 2584 522 2631 et
539 2578 605 2633 huic
623 2595 748 2649 sequens
766 2597 872 2636 nornen
891 2598 976 2637 manu
995 2583 1050 2637 alia
1067 2584 1242 2653 inscriptum.
1281 2582 1293 2614 ⁸
1310 2583 1445 2654 Sequitur
1463 2582 1588 2637 deletum
1615 2589 1680 2636 »aut

398 2667 484 2721 etiam
502 2667 586 2722 trium
605 2670 650 2723 vel
668 2670 711 2724 4«.
740 2668 796 2725 ⁴7.
817 2672 988 2727 decembris.
1022 2672 1093 2729 ⁸31.
1113 2674 1285 2753 decembris.
