3934 5550
405 378 468 440 180

405 595 616 655 universitatis
639 593 788 653 nobilium
812 591 924 669 Campi
949 590 1174 671 Zagrabiensis
1196 590 1366 667 Turopolia
1394 588 1469 648 dicti
1491 588 1597 648 comiti
1620 596 1681 647 tet·

402 702 493 763 restri
516 712 583 774 etc,
608 700 708 761 amico
732 699 1025 760 observandissimo.
1133 748 1137 752 .
1589 697 1592 702 “

505 825 650 895 Originale
664 825 853 888 chartaceum,
873 840 890 897 a
907 831 990 894 tergo
1007 824 1158 893 vestigium
1172 822 1301 890 appressi
1315 820 1407 891 sigilli,
1419 838 1477 890 quo
1491 821 1571 875 litera
1584 822 1680 875 clausa

398 924 468 970 erat.
488 918 518 969 ln
538 916 652 969 archivo
671 932 773 969 comm.
793 915 859 967 nob.
880 915 916 967 de
935 912 1097 982 Turopolje.

477 1012 499 1015 ’
512 1012 582 1095 ¹'ra
602 1010 676 1095 naa.

991 1320 1099 1399 180,
1149 1372 1153 1377 .
1238 1368 1279 1379 .,

506 1528 598 1587 Anno
627 1523 719 1589 1687.
744 1521 795 1589 26.
819 1523 900 1585 maii.
926 1524 958 1583 ln
982 1522 1086 1584 Obres

402 1718 570 1785 Nicotaus
602 1716 769 1803 Erdeody‚
801 1716 920 1795 bartam,
952 1715 1071 1780 comiti
1098 1719 1179 1782 terr.
1212 1715 1334 1799 Campa
1369 1716 1554 1801 Turopolia
1583 1724 1684 1801 prae-

400 1828 490 1912 cipit,
514 1830 554 1892 ut
576 1826 622 1890 ad
644 1824 945 1912 congregationem
968 1823 1069 1910 regni
1088 1823 1216 1904 vereret,
1240 1844 1281 1887 ac
1303 1822 1461 1888 homines
1482 1822 1543 1888 sui
1562 1823 1601 1888 in
1624 1844 1678 1887 ca·

819 1934 895 1996 stra
920 1930 1013 1995 exire
1035 1930 1158 2015 parati
1180 1930 1266 1997 sint.

618 2132 781 2193 Generose
806 2108 931 2191 domine
955 2130 1056 2191 amice
1079 2129 1373 2190 observandissime.

511 2260 592 2321 Cum
616 2259 678 2319 iarn
694 2256 831 2337 ablegati
846 2255 937 2336 regni
954 2250 995 2316 ad
1011 2274 1100 2317 suam
1117 2256 1313 2317 maiestatem
1330 2257 1575 2318 sacratissimam
1589 2257 1687 2333 missi,

407 2370 438 2429 in
462 2368 598 2449 negotiis
622 2364 680 2427 sibi
704 2364 879 2425 commissis
902 2363 1058 2437 redierint,
1082 2372 1114 2423 et
1136 2384 1184 2439 ea,
1207 2384 1288 2444 quae
1303 2364 1417 2425 ibidem
1441 2384 1498 2444 pro
1521 2366 1605 2426 bono
1629 2380 1686 2443 pu·-

407 2478 489 2537 blico
521 2475 611 2535 huius
643 2474 733 2555 regni
764 2472 1010 2545 effectuaverint,
1043 2470 1207 2545 voluimus,
1230 2472 1318 2532 utin
1341 2473 1467 2552 publica
1493 2474 1687 2534 dominomm

408 2594 547 2645 statuum
570 2592 603 2643 et
625 2582 768 2643 ordinum
793 2580 866 2640 dicti
899 2578 990 2661 regni
1021 2580 1268 2659 congregatione
1299 2580 1403 2659 palam
1427 2588 1458 2641 et
1480 2580 1603 2660 publice
1633 2600 1689 2661 per

407 2691 537 2751 eosdem
562 2689 725 2770 ablegatos
750 2690 945 2769 detegantur.
969 2686 1145 2765 Eapropter
1158 2687 1293 2747 dominis
1318 2688 1452 2748 statibus
1475 2693 1506 2748 et
1528 2688 1689 2749 ordinibus

409 2818 482 2861 eum
506 2799 536 2858 in
559 2799 655 2858 finem
678 2795 958 2877 congregationem
990 2792 1080 2875 regni
1102 2793 1134 2854 in
1157 2794 1256 2855 libera
1286 2814 1324 2855 ac
1351 2796 1442 2875 regia
1472 2796 1598 2857 civitate
1628 2798 1689 2856 Za·

406 2906 574 2988 grabiensi,
608 2924 665 2986 pro
697 2905 747 2965 die
778 2901 808 2965 9.
841 2903 959 2962 mensis
993 2901 1069 2962 iunii
1090 2903 1328 2983 praefigendam
1363 2905 1551 2981 censuimus,
1581 2905 1626 2964 uti
1657 2913 1689 2965 et

407 3015 622 3095 praefigimus,
646 3020 859 3086 annectentes,
883 3012 968 3089 quod
991 3011 1097 3071 dietim
1121 3011 1161 3071 ab
1186 3019 1322 3091 augusta
1345 3031 1422 3071 suae
1445 3013 1618 3073 maiestatis
1638 3032 1688 3073 sa·

407 3122 601 3184 cratissimae
635 3120 715 3193 aula,
746 3119 917 3198 benignum
949 3137 1006 3196 pro
1035 3118 1172 3199 figendis
1204 3117 1316 3179 castris
1349 3121 1577 3198 praestolemur
1600 3140 1688 3181 man·

409 3233 526 3306 datum,
549 3229 604 3288 ubi
628 3235 659 3288 et
681 3245 744 3306 quo
768 3225 911 3285 dominos
935 3225 1112 3306 regnicolas
1135 3244 1318 3303 comparere
1338 3226 1523 3305 opportebit,
1546 3228 1689 3306 adeoque

408 3344 545 3398 vestram
570 3333 814 3396 dominationem
838 3351 1027 3413 generosam
1042 3333 1230 3411 tempestive
1245 3335 1434 3394 monendam
1448 3353 1520 3394 esse
1536 3335 1689 3412 duximus,

410 3455 443 3504 ut
468 3443 609 3504 homines
642 3440 843 3500 iurisdictioni
867 3459 896 3502 v.
920 3440 949 3503 d.
973 3461 1003 3520 g.
1034 3439 1172 3514 subiecti,
1204 3441 1289 3500 omni
1319 3441 1439 3501 meliori
1470 3461 1533 3522 quo
1558 3451 1690 3520 possunt

410 3551 512 3628 modo,
536 3569 593 3630 pro
617 3548 699 3609 bono
724 3547 847 3628 publico
872 3557 903 3607 et
926 3548 1140 3626 promovendo
1164 3566 1241 3607 suae
1263 3548 1438 3608 maiestatis
1460 3549 1596 3627 servitio,
1622 3569 1688 3609 ma·

409 3667 477 3718 ture
510 3659 571 3718 sint
602 3657 735 3736 provisi;
767 3663 926 3715 caeterum
950 3673 979 3716 v.
1003 3656 1032 3714 d.
1056 3672 1087 3734 g.
1110 3653 1142 3714 in
1165 3656 1278 3714 eadem
1313 3657 1560 3736 congregatione
1583 3656 1634 3717 die
1658 3665 1689 3718 et

410 3767 480 3826 loco
504 3763 686 3844 praemissis
710 3762 903 3842 comparebit
926 3771 957 3823 et
979 3761 1097 3822 valebit
1119 3762 1257 3826 feliciter.

515 3889 553 3952 G.
577 3889 606 3949 d.
630 3898 754 3948 vestrae

1105 3996 1225 4056 amicus
1249 3997 1466 4075 paratissimus

935 4103 1054 4164 Comes
1076 4105 1226 4164 Nicotaus
1249 4105 1406 4183 Erdeody‚
1429 4107 1530 4166 banus
1554 4126 1594 4168 m.
1618 4127 1638 4185 p

516 4252 628 4326 ObreS,
653 4249 704 4313 26.
728 4251 801 4312 maii
830 4248 921 4340 1637.

519 4378 702 4439 Inferius
726 4379 764 4438 in
788 4379 924 4439 calce:
956 4377 1072 4438 Comiti
1094 4379 1233 4439 terrestri
1256 4351 1384 4458 Campi,

519 4487 560 4546 ln
584 4487 725 4546 dorso:
760 4485 922 4546 Generoso
953 4485 1080 4545 domino
1112 4487 1205 4545 Petro
1235 4488 1484 4564 Szenkouacbky
1517 4488 1606 4548 aliter
1628 4489 1689 4548 Va·

411 4593 498 4666 lieza,
523 4591 736 4653 universitatis
760 4592 907 4652 nobilium
931 4592 1044 4671 Campi
1067 4593 1291 4672 Zagrabiensis
1315 4594 1484 4674 Turopolia
1498 4594 1572 4655 dicti
1586 4596 1690 4655 comiti

413 4700 553 4760 terrestri
578 4709 645 4773 etc,
669 4700 770 4760 amieo
794 4700 1088 4760 observandissimo.

518 4821 664 4892 Originale
691 4823 881 4890 chartaceum,
910 4839 926 4876 a
953 4832 1035 4893 tergo
1064 4825 1194 4891 appressi
1222 4824 1304 4894 sigilli
1336 4825 1495 4895 vestigium,
1523 4842 1581 4895 quo
1610 4825 1691 4879 litera

413 4913 509 4967 clausa
528 4911 642 4966 eratin
662 4913 776 4967 archivo
794 4929 897 4968 comm.
917 4914 983 4967 nob.
1003 4914 1040 4966 de
1058 4913 1221 4983 Turopolje.
