3934 5550
1516 379 1582 445 217

406 602 484 664 Item
518 604 745 664 intertenerunt
774 602 940 684 gregarios
971 600 1084 661 milites
1113 597 1143 671 8,
1176 618 1215 661 ex
1238 599 1352 678 quibus
1379 606 1465 659 esset
1487 597 1586 675 pedes

299 730 389 789 unus,
413 710 504 771 cuius
537 710 637 789 portio
670 709 773 784 oratis,
806 710 933 788 dempto
957 709 1040 782 vino,
1064 708 1148 786 quod
1171 725 1234 767 nou
1259 706 1404 779 habebat,
1425 704 1500 764 iacit
1523 704 1585 763 sin-

300 818 383 898 gulis
407 816 519 877 diebus
543 836 672 898 grossos
697 815 726 891 7,
750 816 824 877 iacit
846 820 913 881 flor.
937 817 1036 877 Rhen.
1060 814 1112 889 24,
1135 833 1266 895 grossos
1293 812 1340 873 10.

410 924 548 1003 Reliquis
583 932 688 985 antem
724 924 879 1003 equitibus
912 932 1034 1003 septem
1069 923 1224 984 dabantur
1261 920 1393 1001 singulis
1427 918 1586 999 portiones

301 1035 393 1110 duae,
428 1051 510 1112 quae
544 1032 688 1111 singulae
724 1032 806 1092 duae
842 1039 1042 1111 computatae
1077 1050 1134 1110 per
1168 1048 1298 1110 grossos
1337 1026 1376 1087 l2
1410 1026 1486 1087 facit
1520 1028 1587 1086 flor.

300 1144 398 1202 Rhen.
422 1137 496 1203 294.

369 1338 414 1397 ln
438 1355 547 1417 pago
571 1336 802 1396 Kuriloucz
832 1334 1077 1414 companiae
1101 1333 1253 1394 domini
1276 1332 1520 1409 eridinzlry.

408 1463 659 1522 intertenuerunt
692 1462 804 1521 milites
839 1462 893 1522 Nr.
925 1460 954 1536 7,
987 1460 1100 1540 quibus
1131 1459 1262 1539 singulis
1293 1458 1400 1517 dietim
1431 1458 1587 1517 dabantur

302 1570 460 1649 portiones
496 1570 577 1629 duae
613 1571 751 1648 (dempto
788 1568 880 1645 vino),
918 1568 1031 1647 quibus
1064 1566 1250 1645 computatis
1289 1584 1345 1644 per
1379 1583 1508 1645 grossos
1545 1563 1583 1623 12

299 1678 375 1737 facit
396 1677 463 1739 flor.
488 1678 584 1739 Rhen.
609 1673 682 1738 337.

796 1872 836 1930 ln
866 1870 1091 1932 Kussancz.

408 1999 658 2059 intertenuerunt
689 1998 816 2057 militem
848 2017 953 2071 unum,
988 1997 1038 2056 cui
1062 1997 1217 2057 dabantur
1239 1996 1347 2055 dietim
1371 1996 1528 2073 portiones
1553 1993 1583 2068 2,

301 2105 376 2166 iacit
397 2106 464 2167 flor.
489 2106 586 2165 Rhen.
610 2102 662 2166 42.

569 2302 610 2361 ln
633 2320 742 2381 pago
765 2302 871 2361 Luse
896 2300 1115 2379 capitanei
1140 2301 1326 2361 Leemon.

410 2428 661 2487 intertenuerunt
690 2426 818 2486 militem
849 2445 955 2503 unum,
986 2426 1037 2485 cui
1064 2426 1220 2485 dabantur
1242 2425 1348 2485 dietim
1373 2424 1532 2502 portiones
1556 2423 1585 2497 2,

302 2535 376 2595 lacit
399 2535 466 2597 flor.
490 2536 587 2595 Rhen.
612 2532 663 2595 42.

423 2732 464 2790 ln
487 2749 594 2812 pago
619 2730 736 2812 Nagy
760 2728 947 2792 Goricza
970 2729 1200 2809 capetanei
1222 2729 1466 2806 Zkidinzlry.

302 2858 552 2917 Intertenuerunt
576 2855 688 2916 milites
711 2856 800 2929 dune,
824 2855 937 2934 quibus
964 2855 1121 2915 dabantur
1144 2854 1250 2913 dietim
1274 2855 1432 2932 portiones
1457 2851 1488 2926 4,
1512 2853 1586 2912 iacit

301 2963 367 3024 flor.
392 2964 488 3023 Rhen.
513 2960 565 3024 84.

442 3161 487 3219 In
511 3178 618 3238 pago
643 3161 724 3236 Kys
749 3158 928 3218 Gorieza
952 3157 1175 3237 capetanei
1199 3157 1444 3235 Zkidinzky.

410 3286 662 3345 Intertenuerunt
685 3283 798 3344 milites
821 3294 894 3361 tres,
923 3285 1092 3344 foeminam
1115 3303 1219 3360 unam,
1245 3295 1276 3342 et
1300 3303 1398 3362 equos
1422 3281 1453 3358 4,
1476 3283 1588 3363 quibus

306 3394 461 3454 dabantur
492 3393 599 3452 dietim
630 3393 789 3471 portiones
821 3390 850 3468 8,
882 3392 996 3471 quibus
1022 3391 1153 3471 singulis
1177 3391 1299 3450 duobus
1321 3391 1508 3470 computatis
1531 3409 1588 3469 per

306 3519 435 3581 grossos
464 3499 512 3574 12,
534 3499 609 3560 facit
632 3500 819 3562 flor..Rben.
849 3497 919 3561 168.

552 3696 594 3755 In
617 3694 812 3755 Kobilieh
836 3694 1053 3774 capitanei
1075 3695 1339 3771 Szlridinzky.

412 3820 662 3880 Intertenuerunt
692 3820 804 3880 milites
832 3821 902 3894 duo,
927 3821 1040 3899 quibus
1063 3822 1217 3881 dabantur
1240 3821 1347 3880 dietim
1372 3821 1531 3898 portiones
1555 3821 1586 3895 4,

305 3947 384 4007 quas
408 3928 619 4007 computando
643 3929 687 3987 uti
711 3946 806 4006 supra
830 3927 903 3991 facit
925 3928 992 3992 flor.
1016 3931 1113 3990 Rhen.
1138 3928 1190 3990 84.

551 4124 592 4183 ln
616 4125 807 4201 Rakarye
832 4125 1047 4203 capitanei
1072 4101 1337 4202 Szkidinziiy.

411 4250 661 4310 Intertenuerunt
692 4250 819 4310 militem
855 4270 951 4310 unum
987 4271 1057 4310 cum
1089 4271 1194 4326 uxore,
1227 4251 1349 4311 duabus
1382 4253 1520 4330 prolibus
1558 4263 1589 4311 et

304 4377 386 4438 equo
410 4378 480 4434 uno,
505 4359 555 4418 cui
578 4359 734 4419 dabantur
758 4358 864 4418 dietim
880 4359 983 4419 orales
1007 4361 1166 4437 portiones
1190 4358 1219 4432 2,
1236 4360 1355 4438 equalis
1380 4379 1451 4431 una,
1475 4360 1587 4438 quibus

304 4467 491 4544 computatis
515 4466 559 4525 nti
583 4485 678 4545 supra
701 4466 775 4527 iacit
797 4467 863 4526 flor.
888 4468 984 4531 Rhen.
1008 4464 1061 4542 66,
1085 4485 1215 4547 grossos
1244 4465 1292 4529 10.
1471 4461 1476 4471 ’

432 4682 475 4741 ln
506 4700 615 4762 pago
638 4681 827 4740 Hrasche
852 4680 1006 4741 domini
1029 4682 1244 4761 capitanei
1267 4683 1450 4741 Leemon

410 4807 539 4866 Nobiles
575 4807 714 4866 eiusdem
749 4806 831 4886 pagi,
863 4814 988 4885 praeter
1025 4808 1151 4866 colonos
1182 4805 1315 4866 civitatis
1351 4805 1591 4885 Zagrabiensis,

304 4915 550 4976 intertenuerunt
581 4914 693 4973 milites
724 4923 856 4991 quatuor
889 4931 944 4992 per
977 4914 1044 4974 dies
1077 4914 1250 4984 duodecim,
1286 4913 1317 4973 id
1345 4923 1392 4972 est
1416 4913 1455 4972 ab
1480 4909 1509 4973 8.
1535 4913 1589 4972 de·
