3934 5550
376 407 441 470 372

374 623 469 702 ribus,
491 624 637 683 horreum
659 621 816 681 mediocre
841 620 970 679 basibus
995 629 1065 698 post
1097 619 1213 697 aliquot
1238 637 1337 678 annos
1368 616 1521 698 indigens,
1564 620 1657 678 haras

374 730 584 810 biangulares,
607 730 727 810 priores
752 730 888 790 adduas
912 730 1074 788 clausuras
1098 728 1207 801 bonas,
1230 725 1422 805 posteriores
1447 727 1592 804 antiquas
1615 727 1657 787 ad

376 846 441 898 tres
476 839 638 898 clausuras
674 840 870 915 reparatione
906 835 1112 908 necessarias,
1143 838 1303 894 lomacem
1338 832 1508 911 pistoream
1540 853 1654 894 novam

375 954 457 1005 tecto
482 945 639 1005 assericeo
663 945 864 1025 indigentem.

483 1050 534 1113 50.
559 1052 679 1113 Nobilis
703 1052 841 1111 Mathias
865 1050 1009 1110 szetko
1025 1051 1121 1110 habet
1135 1051 1262 1111 domum
1280 1052 1440 1133 antiquam
1457 1050 1656 1123 mediocrem,

378 1160 523 1220 borreum
549 1160 709 1239 antiquum
734 1179 773 1219 ex
797 1158 919 1238 integro
943 1177 1026 1217 novo
1049 1157 1178 1238 indiget,
1201 1160 1296 1219 baras
1328 1160 1369 1219 ad
1399 1167 1463 1218 tres
1495 1159 1656 1217 clausuras

375 1267 484 1342 bonas,
507 1266 666 1327 lomacem
683 1266 852 1344 pistoream
876 1284 933 1345 per
949 1265 1174 1346 negligentiam
1199 1274 1281 1326 tecto
1304 1267 1387 1327 bono
1411 1285 1473 1326 non
1489 1264 1656 1344 provisam.

481 1372 533 1437 51.
558 1373 711 1434 Providus
735 1375 837 1434 Lucas
861 1372 1030 1448 Radochaj,
1048 1372 1177 1433 colonus
1191 1373 1308 1434 domini
1325 1370 1522 1434 arendatoris
1538 1371 1654 1432 Vereb-

374 1481 497 1556 kovicb,
521 1483 647 1542 domum
671 1481 766 1541 babet
790 1500 905 1540 novam
920 1482 1046 1554 bonam,
1070 1480 1268 1560 foenilegium
1287 1481 1317 1541 in
1334 1501 1390 1541 sex
1405 1479 1558 1540 columnis
1589 1497 1653 1537 me·

374 1589 489 1649 diocre.
526 1590 629 1648 Haras
652 1588 683 1647 in
707 1589 790 1648 malo
821 1596 903 1647 statu
940 1588 979 1647 ad
1015 1588 1177 1648 clausuras
1212 1587 1242 1651 2.
1278 1589 1353 1648 Item
1389 1604 1550 1646 cameram
1583 1604 1656 1644 cum

371 1696 456 1755 baris
479 1697 538 1755 sub
563 1715 624 1755 uno
659 1703 741 1754 tecto
770 1695 895 1766 bonam,
927 1695 1088 1754 lornacem
1122 1694 1302 1773 pistoream,
1337 1713 1393 1773 per
1426 1691 1654 1773 negligentiam

370 1803 445 1862 nihil
469 1804 561 1862 valet.

480 1908 531 1971 52.
554 1908 708 1969 Providus
731 1909 843 1969 Petrus
866 1909 973 1982 Suasa,
998 1909 1127 1968 colonus
1144 1917 1287 1986 utsupra
1311 1909 1428 1968 domini
1445 1906 1653 1982 arendatoris,

374 2017 469 2078 habet
492 2017 619 2077 domum
644 2017 803 2096 antiquam
827 2016 956 2076 basibus
973 2015 1175 2096 indigentem,
1190 2017 1337 2076 horreum
1353 2015 1514 2095 antiquum
1538 2033 1656 2094 magna

372 2124 569 2204 reparatione
604 2125 758 2205 indigens,
781 2126 875 2184 haras
911 2124 1113 2204 biangulares
1146 2123 1321 2184 mediocres
1357 2125 1397 2184 ad
1424 2120 1446 2182 6
1478 2123 1656 2195 clausuras;

371 2233 446 2293 item
470 2250 627 2291 cameram
652 2231 693 2291 ad
716 2227 736 2289 3
761 2231 922 2291 clausuras
957 2231 1081 2306 bonam,
1117 2231 1251 2291 culinam
1287 2231 1476 2292 lorinsecam
1499 2250 1570 2290 cum
1593 2230 1654 2290 lor·

373 2358 452 2399 nace
475 2338 613 2418 pistorea
636 2337 703 2398 sine
726 2345 818 2398 tecto.

480 2443 531 2506 53.
555 2445 675 2505 Nobilis
697 2445 876 2523 Stephanus
900 2446 1072 2523 Ztepanicb
1095 2446 1190 2506 babet
1213 2446 1341 2505 domum
1375 2446 1534 2525 antiquam
1558 2443 1654 2504 medi·

376 2571 491 2626 ocrem,
515 2553 660 2612 borreum
684 2552 800 2611 bonum
825 2552 954 2611 basibus
985 2551 1139 2631 indigens,
1162 2554 1257 2612 baras
1291 2553 1492 2632 biangulares
1515 2553 1556 2612 ad
1573 2552 1656 2610 clau·

372 2679 462 2720 suras
486 2660 584 2720 bonas
608 2660 638 2719 in
663 2679 725 2719 una
748 2669 837 2738 parte
861 2659 990 2719 basibus
1008 2659 1201 2739 indigentes3
1238 2660 1312 2720 item
1336 2679 1495 2720 cameram
1510 2659 1656 2718 frumenti

373 2768 414 2829 ad
437 2768 516 2828 duas
539 2769 701 2828 clausuras
736 2768 850 2827 bonam
875 2766 1004 2828 basibus
1042 2767 1254 2848 indigentem3
1282 2768 1356 2828 item
1381 2768 1474 2828 haras
1498 2767 1657 2828 maialium

373 2876 414 2936 ad
438 2876 516 2953 duas
540 2877 703 2935 clausuras
726 2875 908 2949 mediocres,
945 2875 1080 2935 culinam
1119 2896 1189 2935 cum
1214 2876 1341 2936 lomace
1384 2876 1507 2950 bonam,
1540 2876 1655 2935 colum-

373 2982 493 3042 barium
517 2983 641 3045 bonum.

480 3088 531 3151 54.
555 3090 709 3150 Providus
733 3091 876 3150 Reschek
901 3091 989 3150 aliter
1014 3090 1226 3165 Matakovich,
1242 3091 1371 3151 colonus
1385 3091 1502 3151 domini
1520 3091 1652 3150 arenda·

376 3197 453 3257 toris
476 3198 703 3271 Verchlrovicb,
735 3198 862 3257 domurn
901 3197 997 3258 babet
1038 3217 1154 3258 novam
1185 3197 1252 3257 sine
1284 3198 1465 3278 pavimento
1495 3198 1655 3277 superiori,

374 3305 520 3365 borreum
546 3305 706 3383 antiquum
730 3306 903 3382 proximum
929 3306 1045 3365 ruinae.

480 3412 531 3475 55.
555 3412 676 3473 Nobilis
701 3412 848 3473 Nicolaus
873 3413 1044 3492 Pogledich
1068 3414 1164 3473 babet
1187 3413 1314 3474 domum
1338 3414 1499 3493 antiquam
1532 3414 1653 3493 indiget

372 3540 463 3596 nova,
498 3522 644 3581 borreum
680 3520 796 3579 bonum
833 3540 958 3593 novum,
994 3522 1087 3581 baras
1126 3521 1327 3601 biangulares
1361 3522 1401 3581 ad
1436 3520 1457 3580 4
1491 3523 1652 3581 clausuras

372 3629 472 3689 bonas
496 3648 605 3702 novas,
640 3647 797 3687 cameram
822 3628 1040 3688 frumentalem
1065 3630 1105 3689 ad
1129 3628 1149 3687 2
1173 3630 1334 3689 clausuras
1358 3630 1558 3703 mediocrem,
1595 3632 1651 3690 ba·

374 3756 425 3798 ras
449 3736 606 3797 maialium
639 3737 680 3796 ad
715 3755 808 3795 unam
841 3737 1019 3797 clausuram
1050 3738 1158 3812 bonas,
1190 3738 1322 3797 culinam
1355 3738 1542 3799 forinsecam
1579 3759 1651 3799 cum

375 3846 502 3905 lornace
527 3844 663 3923 pistorea
687 3842 754 3902 sine
778 3844 929 3925 superiori
952 3854 1059 3922 parte,
1090 3844 1166 3905 item
1196 3864 1322 3905 camera
1356 3847 1479 3924 privata
1515 3848 1652 3908 Ladislai

375 3950 503 4029 antiqua
526 3958 609 4011 tecto
634 3949 779 4031 indigens
803 3969 858 4028 per
885 3950 1045 4013 incuriam.

481 4055 533 4122 56.
557 4056 711 4117 Providus
734 4057 872 4118 Mathias
888 4060 1031 4138 Matuga,
1049 4060 1177 4119 colonus
1193 4061 1310 4121 domini
1326 4062 1521 4122 arendatoris
1538 4063 1654 4122 Vereb-

373 4164 496 4239 lrovicb,
520 4165 648 4225 domum
665 4166 760 4225 habet
776 4166 966 4227 mediocrem
982 4167 1014 4226 in
1030 4167 1113 4227 bono
1136 4175 1228 4245 statu,
1252 4170 1397 4229 horreum
1411 4170 1571 4247 antiquum
1587 4170 1655 4231 sine

372 4279 471 4349 porta,
497 4273 623 4332 harulas
655 4293 692 4332 ex
727 4274 885 4333 camerula
915 4274 1016 4335 iactas
1048 4276 1088 4334 ad
1121 4295 1215 4335 unam
1246 4278 1425 4337 clausuram
1461 4278 1652 4353 mediocres;

376 4380 450 4439 item
476 4380 553 4441 alias
577 4382 655 4441 tales
679 4382 808 4441 basibus
832 4382 1018 4463 indigentes,
1041 4384 1201 4444 fornacem
1225 4385 1393 4464 pistoream
1417 4387 1542 4447 bonam.

482 4487 533 4549 57.
559 4490 692 4549 Deserta
716 4490 828 4550 domus
851 4491 952 4551 coloni
977 4491 1122 4551 dominae
1147 4492 1325 4553 comitissae
1348 4494 1464 4555 viduae
1478 4494 1655 4570 Mallenicb,

378 4595 499 4656 Nicolai
522 4596 723 4658 Simanovich
748 4600 859 4658 domus
883 4600 1048 4660 mediocris
1079 4600 1208 4659 basibus
1239 4599 1393 4681 indigens,
1417 4603 1563 4663 borreum
1587 4624 1651 4665 me-

373 4702 477 4764 diocre
502 4707 699 4785 reparatione
723 4715 828 4767 tamen
853 4708 980 4787 indiget,
1004 4708 1131 4767 baculas
1155 4708 1299 4786 antiquas
1332 4710 1373 4769 ad
1405 4730 1500 4771 unam
1531 4722 1653 4791 portam

375 4811 442 4870 sine
467 4820 557 4873 tectu.

480 4916 532 4979 58.
557 4920 710 4980 Providus
733 4922 850 4981 Paulus
873 4922 1014 4999 Sordich,
1029 4927 1157 4985 oolonus
1174 4923 1290 4985 domini
1305 4924 1434 5003 parochi
1457 4926 1551 5003 Nagy
1564 4927 1653 4988 Gori·
