3934 5550
1507 437 1577 502 395.

296 652 473 713 animalium
500 653 540 712 ad
565 653 585 713 5
609 649 771 712 clausuras
795 650 970 712 mediocres
994 651 1062 713 sine
1086 653 1169 712 bono
1192 653 1382 731 pavimento,
1414 653 1576 714 fornacem

295 762 464 840 pistoream
488 761 693 820 inmediocri
717 769 809 831 statu,
833 769 948 839 puteus
971 760 1084 819 nullius
1108 759 1232 819 valoris.

403 884 454 945 48.
479 886 633 946 Providus
656 887 791 946 loannes
809 887 897 964 Bapt
922 886 1040 960 Benk0,
1065 885 1194 945 colonus
1213 886 1391 946 comitissae
1408 886 1575 945 Mallenich

296 1014 351 1073 pro
379 1013 461 1053 nunc
492 993 609 1052 domini
641 993 810 1053 assessoris
834 991 1088 1064 Szmendrovich,
1118 993 1214 1051 habet
1248 994 1375 1052 domum
1407 993 1575 1071 antiquam,

295 1103 439 1161 horreum
458 1100 552 1159 etiam
576 1099 746 1178 antiquum,
760 1101 854 1159 haras
877 1099 994 1178 pariter
1010 1099 1052 1159 ad
1075 1099 1154 1158 duas
1178 1101 1349 1172 clausuras,
1364 1100 1469 1159 omnia
1484 1119 1574 1178 prae·

295 1209 390 1268 missa
414 1208 444 1268 in
469 1208 583 1268 misero
607 1216 705 1282 statu,
738 1206 812 1266 item
837 1207 932 1266 habet
955 1225 1114 1266 cameram
1136 1207 1282 1267 frumenti
1306 1209 1466 1268 adunam
1490 1210 1574 1268 clau-

295 1334 400 1376 suram
431 1317 462 1374 in
494 1324 576 1374 statu
610 1314 767 1390 mediocri,
799 1315 854 1374 sed
890 1315 1039 1375 assericio
1062 1324 1145 1374 tecto
1169 1316 1299 1396 perpluo
1321 1316 1490 1396 provisam,
1513 1316 1573 1377 for-

301 1443 411 1483 nacem
435 1423 604 1503 pistoream
628 1422 818 1482 mediocrem
844 1422 910 1482 sine
935 1430 1018 1482 tecto
1041 1422 1134 1482 bono.

928 1619 942 1651 ss

866 1662 880 1694 ss
989 1661 1005 1695 ss

402 1815 502 1874 Item
526 1814 593 1874 die
626 1813 767 1874 eadem
792 1811 843 1872 20.
868 1813 1081 1872 februarii
1113 1814 1152 1873 in
1175 1814 1455 1892 possessione
1480 1816 1576 1875 Hra-

295 1922 391 1980 sche
415 1921 707 1981 libertinorum
731 1919 1074 1980 civitatensium.¹

407 2065 431 2124 l.
456 2066 595 2124 Thomas
611 2064 776 2138 Pinterich,
793 2065 921 2124 colonus
945 2065 1091 2124 dominae
1106 2065 1220 2126 viduae
1237 2066 1397 2125 Barbarae
1420 2066 1575 2139 Skerlecz,

295 2173 421 2232 domum
446 2172 540 2232 habet
563 2172 678 2230 bonam
702 2189 827 2245 novam,
851 2171 998 2230 horreum
1021 2172 1137 2230 bonum
1161 2180 1233 2252 post
1256 2172 1373 2251 aliquot
1397 2191 1496 2232 annos
1519 2174 1573 2232 ba·

295 2279 381 2339 sibus
405 2279 533 2359 indiget,
555 2279 650 2338 haras
677 2280 717 2337 ad
741 2279 820 2338 duas
844 2279 1006 2338 clausuras
1030 2278 1210 2338 animalium
1228 2278 1356 2341 inbono
1372 2287 1464 2354 statu,
1480 2280 1575 2340 haras

296 2386 452 2446 maialium
477 2387 517 2445 ad
541 2387 620 2446 duas
643 2394 750 2464 portas
774 2394 805 2446 et
829 2385 860 2446 in
885 2385 988 2445 medio
1020 2384 1128 2464 pojata
1162 2384 1246 2445 dicta
1261 2386 1389 2445 basibus
1405 2386 1495 2446 bonis
1511 2407 1573 2446 non

295 2493 439 2571 provisas
463 2502 493 2552 et
517 2492 713 2570 pavimento,
738 2492 810 2552 item
834 2491 976 2551 harulam
1002 2491 1107 2551 ovium
1131 2490 1329 2566 mediocrem,
1352 2511 1510 2552 cameram
1534 2496 1574 2554 ad

294 2619 387 2659 unam
414 2609 536 2678 portam
569 2600 600 2659 in
632 2600 714 2660 bono
746 2607 838 2673 statu,
871 2599 1030 2660 fornacem
1061 2597 1233 2676 pistoream
1263 2599 1386 2660 bonam.
1414 2599 1572 2681 Georgius
1641 2599 1644 2603 ’

205 2703 209 2712 ’
297 2707 411 2786 incepit
443 2707 502 2766 sibi
534 2708 688 2786 privatam
721 2725 879 2766 cameram
913 2706 1060 2787 arrigere,
1091 2724 1148 2785 pro
1172 2724 1235 2784 qua
1258 2705 1320 2764 iam
1343 2707 1438 2768 habet
1461 2709 1574 2769 robora

296 2824 485 2894 praeparata
508 2816 561 2875 Nr.
590 2813 638 2895 13,
661 2833 742 2895 quae
767 2833 829 2874 non
852 2822 900 2873 est
924 2812 965 2873 illi
989 2812 1177 2874 necessaria.

401 2939 431 3001 2.
457 2941 611 3000 Providus
641 2941 779 2999 Michael
809 2940 916 3016 Sutey,
941 2940 1071 2999 colonus
1101 2938 1248 2998 dominae
1280 2940 1392 2998 viduae
1416 2940 1572 3016 Skerlecz,

291 3047 389 3108 habet
420 3049 547 3107 domum
578 3047 704 3120 bonam,
735 3048 894 3107 fornacem
924 3047 1123 3121 mediocrem,
1147 3048 1273 3107 harulas
1305 3048 1345 3107 ad
1376 3049 1456 3108 duas
1488 3050 1571 3109 clau-

293 3174 383 3214 suras
409 3156 553 3233 antiquas
577 3174 688 3233 parum
712 3156 861 3215 valentes.

400 3278 429 3342 3.
453 3280 608 3341 Providus
631 3282 764 3341 loannes
786 3281 908 3360 Evang.
926 3282 1077 3355 Vrabecz,
1102 3299 1203 3359 aeque
1227 3281 1356 3340 colonus
1375 3280 1419 3340 uti
1443 3281 1570 3359 prioreS,

292 3389 386 3447 habet
419 3389 545 3449 domum
578 3389 702 3464 bonam,
736 3389 881 3449 horreum
913 3390 1040 3463 bonum,
1078 3388 1171 3448 haras
1196 3388 1340 3466 antiquas
1372 3389 1413 3448 ad
1444 3386 1464 3447 3
1488 3389 1570 3448 clau·

291 3515 380 3555 suras
405 3496 471 3556 sine
495 3496 579 3555 bono
610 3496 790 3573 pavimento
815 3496 846 3555 in
878 3496 961 3555 bono
985 3504 1086 3569 statu;
1120 3495 1195 3555 item
1230 3496 1324 3555 haras
1348 3494 1506 3554 maialium
1530 3496 1571 3554 ad

289 3601 309 3663 3
334 3604 495 3663 clausuras
528 3602 672 3681 antiquas
703 3604 770 3663 sine
794 3602 884 3663 bonis
913 3604 1042 3662 basibus
1076 3611 1107 3661 et
1140 3602 1321 3681 pavimento
1345 3603 1461 3676 bonas;
1494 3602 1568 3662 item

291 3731 449 3773 cameram
481 3711 641 3789 antiquam
673 3713 714 3772 ad
745 3712 823 3771 duas
856 3712 1017 3771 clausuras
1047 3710 1080 3770 in
1111 3718 1194 3769 statu
1225 3709 1391 3783 mediocri3
1421 3709 1495 3769 item
1519 3728 1570 3769 ca·

289 3838 406 3879 meram
432 3819 472 3879 ad
496 3818 574 3877 duas
599 3818 760 3877 clausuras
783 3819 907 3891 bonam,
936 3818 1065 3877 basibus
1088 3817 1178 3877 bonis
1202 3816 1329 3895 indiget,
1354 3816 1464 3876 fornax
1487 3835 1570 3876 nova

291 3928 374 3986 bona
399 3926 555 3986 assericeo
580 3934 663 3985 tecto
687 3944 769 3985 novo
793 3925 928 4015 provisa,
951 3928 1064 4003 puteus
1090 3924 1263 3984 mediocris.

396 4051 426 4114 4.
450 4052 604 4111 Providus
637 4053 769 4111 loannes
800 4052 889 4130 Bapt.
913 4051 1069 4124 Barssich,
1093 4069 1194 4128 aeque
1221 4051 1351 4110 colonus
1373 4049 1418 4108 uti
1440 4049 1571 4133 priores,

289 4160 384 4218 habet
415 4160 541 4218 domum
573 4178 630 4238 pro
661 4178 719 4218 sua
750 4157 941 4218 habitatione
973 4158 1097 4231 bonam,
1130 4158 1240 4217 haram
1264 4158 1305 4216 ad
1329 4174 1422 4216 unam
1446 4163 1570 4234 portam

291 4285 405 4327 novam
428 4267 558 4341 bonam,
582 4267 656 4326 item
680 4267 840 4344 antiquam
864 4284 1022 4325 eameram
1054 4266 1094 4325 ad
1126 4285 1221 4326 unam
1253 4265 1429 4324 clausuram
1461 4264 1569 4323 ruinae

290 4374 473 4453 proximam,
496 4372 656 4433 fornacem
680 4373 794 4433 nullius
818 4372 942 4448 valoris,
966 4381 1078 4452 puteus
1102 4372 1177 4431 nihil
1200 4372 1292 4432 valet.

396 4501 425 4561 5.
460 4500 581 4560 Nobilis
616 4501 748 4561 loannes
783 4502 904 4581 Evang.
936 4500 1148 4579 Koprivnyak,
1182 4498 1344 4558 libertinus
1368 4496 1569 4565 civitatensis,

287 4610 382 4668 habet
405 4611 531 4670 domum
555 4608 680 4683 bonam,
702 4609 846 4668 horreum
864 4606 1023 4687 antiquum
1047 4615 1226 4684 reparatum
1242 4625 1305 4665 non
1320 4606 1450 4685 pridem,
1474 4606 1568 4665 haras

287 4716 487 4795 biangulares
512 4715 655 4795 antiquas
671 4724 742 4795 post
768 4716 885 4794 aliquot
899 4733 998 4774 annos
1025 4714 1153 4773 basibus
1168 4722 1199 4773 et
1214 4712 1394 4792 pavimento
1419 4721 1568 4792 egentes3

286 4823 361 4884 item
385 4824 478 4883 haras
510 4823 690 4883 animalium
714 4824 754 4884 ad
778 4821 797 4883 3
822 4823 982 4884 clausuras
1005 4822 1037 4881 in
1060 4822 1143 4881 bono
1177 4830 1276 4894 statu;
1307 4820 1381 4880 item
1406 4838 1564 4880 cameram

291 4932 332 4991 ad
355 4932 434 4991 duas
467 4932 627 4991 clausurus
651 4932 682 4991 in
706 4932 789 4991 bono
813 4940 904 5005 statu,
937 4930 1097 4989 lomacem
1123 4928 1290 5007 pistoream
1314 4928 1345 4987 in
1369 4929 1453 4987 bono
1477 4934 1569 4986 statu.
