3934 5550
1533 440 1592 501 421
1618 477 1630 525 ·.

316 657 461 719 Croatiae
487 676 562 736 prae
580 658 768 717 netuendum
793 666 885 731 esset,
906 664 1098 737 quapropter
1121 665 1155 717 ut
1178 657 1299 717 comitis
1316 658 1390 718 bani
1406 659 1504 719 nostri
1520 659 1597 718 Cro·

319 766 401 825 atiae
432 766 548 826 tractas
581 774 684 827 aetate
719 774 749 825 et
780 764 916 827 servitiis
941 764 1024 825 vires
1059 765 1269 839 sublevemus,
1300 766 1424 826 fidelem
1458 774 1598 825 nostrum

317 872 407 933 nobis
437 873 584 933 dilectum
616 874 819 951 spectabilem
845 892 881 933 ac
906 873 1110 953 magnificum
1142 858 1288 932 comitem
1311 873 1483 933 Antonium
1506 873 1598 949 Peja·

318 982 459 1059 chevich,
493 982 699 1042 camerarium
731 989 880 1055 nostrum,
911 990 942 1040 et
974 982 1155 1061 generalem
1183 982 1285 1059 campi
1309 981 1486 1061 vigiliarum
1509 1000 1598 1060 prae·

318 1082 433 1149 lectum
469 1089 570 1149 eidem
607 1090 778 1149 clementer
813 1089 1047 1168 adiungendum
1085 1106 1155 1148 esse
1191 1088 1355 1164 duximus;
1392 1090 1599 1149 antelaturum

319 1196 513 1277 generalium
537 1196 675 1256 muneris
700 1204 731 1256 et
755 1196 922 1257 activitatis
947 1196 1013 1271 erit,
1036 1197 1069 1256 in
1093 1196 1217 1277 singulo
1250 1197 1309 1257 sibi
1340 1197 1519 1257 concredito
1552 1198 1597 1257 di·

318 1304 425 1364 strictu
450 1324 521 1364 cum
545 1304 744 1365 comitatibus
767 1304 1023 1383 correspondere,
1046 1304 1243 1367 necessarias
1265 1304 1382 1363 idcirco
1405 1306 1511 1364 lacere
1536 1303 1596 1364 dis·

317 1412 496 1491 positiones,
532 1432 569 1472 ac
605 1411 819 1493 insurgentem
855 1412 1048 1473 nobilitatem
1083 1413 1114 1472 in
1150 1431 1301 1491 processu
1332 1412 1364 1472 in
1395 1412 1533 1473 exercitu
1569 1422 1600 1471 et

318 1521 439 1581 redditu
475 1521 620 1601 dirigere,
653 1539 690 1581 co
722 1531 833 1599 suapte
869 1521 1039 1597 intellecto,
1074 1521 1159 1599 quod
1194 1520 1339 1580 centralis
1375 1520 1598 1580 exercituantis

321 1628 412 1687 huius
443 1628 569 1688 militiae
595 1628 723 1689 directio
748 1629 789 1688 ad
812 1648 902 1688 suam
926 1628 1141 1689 celsitudinem
1165 1628 1296 1709 regiam,
1321 1628 1481 1687 dominum
1505 1627 1594 1708 regni

318 1736 498 1816 palatinum,
526 1738 655 1796 fratrem
687 1746 827 1796 nostrum
852 1737 1078 1812 charissimum,
1101 1756 1165 1820 qua
1188 1755 1368 1815 supremum
1400 1737 1490 1816 regni
1514 1736 1598 1815 capi·

317 1854 444 1904 taneum
478 1862 495 1902 e
524 1853 628 1903 mente
660 1844 766 1923 legum
797 1844 959 1922 pertineat
991 1845 1043 1904 nd
1074 1844 1264 1904 servandum
1287 1862 1380 1923 porro
1404 1845 1521 1903 bonum
1544 1863 1595 1903 or·

320 1952 433 2026 dinem,
466 1960 498 2010 et
528 1950 692 2010 evitandas
724 1951 923 2011 confusiones
954 1952 1064 2012 militia
1094 1951 1268 2011 istiusmodi
1299 1952 1356 2011 sub
1385 1951 1494 2031 signis,
1519 1951 1596 2010 alias

317 2058 437 2118 vexillis
469 2058 672 2117 comitatuum
700 2078 738 2117 ex
763 2059 955 2137 praescripto
984 2062 1092 2139 legum
1115 2060 1146 2119 in
1170 2078 1316 2138 campum
1345 2059 1515 2137 proditura,
1539 2077 1596 2136 per

317 2166 403 2243 ipsos
440 2166 605 2225 comitatus
647 2166 679 2225 in
709 2167 853 2227 cohortes
888 2166 1056 2247 redigetur,
1090 2187 1129 2226 ex
1159 2168 1220 2226 hac
1254 2165 1323 2247 ipsa
1353 2166 1535 2245 capaciores
1566 2175 1597 2226 et

317 2272 420 2353 magis
445 2272 508 2351 apti
531 2272 562 2332 in
587 2272 802 2333 conformitate
819 2274 939 2334 articuli
957 2272 1009 2337 20.
1029 2273 1121 2336 1545.
1144 2275 1176 2334 in
1199 2275 1349 2335 olficiales
1364 2275 1594 2353 praeficientur.
1648 2356 1652 2359 ῃ

318 2382 439 2459 Quibus
480 2382 510 2441 in
554 2382 672 2461 reliquo
704 2381 808 2462 gratia
840 2391 948 2442 nostra
979 2382 1249 2463 caesareo-regia
1283 2382 1418 2462 benigne
1452 2380 1600 2459 propensi

320 2506 493 2549 manemus,
530 2488 647 2551 Datum
671 2490 702 2549 in
726 2490 917 2550 archiducali
938 2489 1064 2549 civitate
1087 2498 1195 2550 nostra
1219 2490 1341 2550 Vienna
1364 2489 1519 2563 Austriae,
1549 2488 1599 2549 die

326 2596 374 2659 10.
398 2597 515 2659 mensis
549 2598 665 2677 aprillS,
698 2618 780 2657 anno
812 2598 927 2659 domini
963 2596 1055 2657 1797.
1083 2666 1088 2675 1

406 2743 594 2804 Franciscus
617 2764 657 2804 m.
673 2722 710 2823 ¹p.
993 2743 1110 2804 Comes
1134 2742 1268 2803 Carolus
1291 2742 1392 2820 Palffy
1416 2763 1456 2805 m.
1480 2763 1510 2822 p.

990 2871 1124 2929 loannes
1148 2869 1300 2948 Somogyi
1323 2889 1363 2928 m.
1387 2889 1416 2947 p.

425 3037 521 3095 Lecta
551 3043 581 3094 et
611 3053 681 3093 cum
720 3034 864 3114 originali
895 3043 1090 3112 comportata
1123 3053 1180 3112 per
1210 3034 1378 3112 losephum
1410 3032 1597 3106 Gerdenich,

319 3141 414 3200 incliti
438 3141 603 3200 comitatus
627 3142 850 3220 Zagrabiensis
874 3142 1065 3201 ordinarium
1088 3143 1243 3201 notarium
1264 3162 1303 3202 m.
1327 3161 1356 3219 p.

425 3281 579 3351 Originalc.
612 3281 642 3334 ln
672 3282 785 3336 archivo
813 3299 955 3337 commun.
989 3285 1055 3336 nob.
1080 3285 1117 3336 de
1142 3283 1307 3352 Turopoljc:
1335 3281 1601 3353 Congregatioualia

319 3372 386 3426 lasc.
406 3371 466 3424 248.

903 3658 1011 3734 239.

426 3861 518 3920 Anno
547 3859 638 3921 1797.
667 3859 714 3921 13.
740 3860 853 3939 aprilis,
878 3861 1066 3942 Zagrabiae.
1130 3865 1135 3871 '

321 4051 516 4117 Comitatus
531 4051 778 4139 Zagrabieasis
794 4053 913 4116 comiti
924 4053 1082 4117 terrestri
1097 4051 1214 4137 Campi
1231 4051 1488 4136 Taropoliensis
1502 4073 1600 4116 man·

320 4160 442 4223 ciatrem
465 4160 560 4246 regis
584 4161 622 4224 in
649 4159 743 4242 facto
770 4159 1035 4224 insurrectionis
1062 4163 1182 4223 contra
1213 4157 1331 4223 Gallos
1358 4158 1599 4222 communicat.

480 4379 665 4456 Spectabilis
690 4387 720 4437 et
744 4376 926 4455 perillustris
952 4378 1077 4437 domine
1101 4395 1207 4437 comes
1230 4377 1401 4436 terrestris!

427 4540 604 4619 Benignum
636 4559 712 4599 suae
744 4540 917 4599 maiestatis
949 4537 1190 4613 sacratissimae,
1224 4539 1264 4598 ad
1295 4557 1353 4597 nos
1385 4539 1425 4597 de
1449 4537 1522 4596 dato
1552 4535 1599 4597 10.

321 4647 426 4726 aprilis
457 4647 529 4706 anni
562 4647 713 4706 currentis
746 4655 926 4706 emanatum
954 4646 1148 4724 rescriptum,
1173 4663 1235 4724 quo
1260 4645 1416 4705 mediante
1440 4642 1598 4723 generalis

320 4756 410 4836 regni
434 4755 625 4834 Hungariae,
649 4754 845 4833 partiumque
871 4754 1064 4814 adnexarum
1087 4752 1271 4812 insurrectio
1301 4752 1484 4831 publicatur,
1509 4769 1598 4829 prae·

320 4873 424 4923 tactae
456 4861 658 4922 dominationi
689 4871 815 4921 vestrae
848 4881 919 4921 eum
952 4861 982 4921 in
1013 4862 1109 4920 finem
1140 4860 1171 4918 in
1203 4859 1295 4939 copia
1326 4859 1598 4918 transmittendum

321 4972 473 5043 duximus,
499 4989 560 5048 quo
584 4971 766 5050 generalem
781 4969 895 5048 Campi
919 4969 967 5029 sui
991 4969 1270 5050 congregationem
1292 4976 1414 5028 mature
1430 4967 1599 5040 celebrare,
