3934 5550
1514 426 1575 490 173

402 651 444 711 ln
468 650 611 711 dorso:
636 648 799 710 Generosa
823 646 950 709 domino
973 648 1067 707 Petro
1090 646 1322 723 Senkouachlry
1338 645 1426 706 aliter
1439 645 1576 717 Valicza,

297 757 509 819 universitatis
532 755 683 817 nobilium
706 755 821 835 Campi
843 755 1068 838 Zagrabiensis
1097 754 1269 833 Turopolia
1291 752 1365 814 dicti
1387 752 1492 813 comiti
1514 760 1576 813 ter·

295 865 396 943 restn',
419 872 451 925 et
475 872 708 944 consequenter·
727 865 829 927 eidem
852 864 1048 927 universitati
1070 864 1220 925 nobilium
1244 869 1312 938 etc,
1336 862 1438 924 amico
1469 871 1501 923 et
1532 862 1576 923 vi·

296 972 373 1033 cinis
397 972 698 1034 observandissimis.

401 1094 547 1167 Originale
566 1096 756 1163 chartaceum,
784 1114 801 1150 a
828 1102 910 1167 tergo
938 1110 1107 1165 appressum
1131 1094 1263 1169 sigillum,
1288 1109 1347 1168 quo
1375 1094 1457 1150 litera
1480 1092 1577 1150 clausa

295 1177 363 1241 erat.
383 1186 414 1241 ln
432 1186 548 1244 archivo
567 1201 709 1244 commun.
729 1187 795 1243 nob.
816 1187 853 1243 de
871 1186 1035 1261 Turopolje.

887 1471 989 1542 122.

405 1675 496 1736 Anno
525 1671 617 1739 1685.
642 1674 693 1739 25.
718 1675 790 1740 iulii.
813 1678 848 1737 ln
872 1674 982 1737 ubres.

402 1872 573 1938 Nicoluus
603 1873 770 1959 Erdeody‚
804 1872 927 1950 hanua,
959 1873 1080 1938 comiti
1113 1876 1194 1939 terr.
1231 1873 1354 1960 Campi
1392 1872 1577 1958 Turopolia

296 1980 469 2067 praecipit,
485 1984 525 2045 ut
540 2002 620 2047 cum
636 1980 836 2048 hominibus
857 1981 936 2045 suis
955 1996 983 2062 5.
1007 1982 1153 2067 auguli
1164 1982 1265 2068 infra
1281 1982 1466 2069 indagines
1478 1986 1576 2067 praa·

673 2088 752 2155 sidia·
774 2088 806 2155 S.
834 2086 982 2174 Georgii,
1007 2092 1210 2174 compareat.

510 2292 672 2353 Generose
696 2292 821 2353 domine
847 2292 946 2353 amice
970 2290 1263 2354 observandissime.

405 2438 522 2497 Notum
546 2456 617 2498 esse
641 2457 703 2498 non
728 2436 925 2518 ambigimus,
949 2456 1007 2497 nos
1031 2436 1165 2498 dominis
1185 2437 1422 2498 vicecomitibus
1445 2445 1476 2496 et
1499 2435 1576 2495 iudi·
1613 2484 1617 2493 .

298 2547 385 2608 cibus
417 2546 566 2608 nobilium
600 2566 647 2623 ea,
679 2565 740 2626 que
771 2547 892 2607 muneri
923 2554 1030 2606 nostro
1061 2546 1291 2621 incumbebant,
1318 2544 1402 2605 circa
1424 2545 1576 2605 insurrec-

300 2654 392 2715 tionis
415 2652 689 2733 promptitudinem
713 2662 865 2733 perantea
888 2655 1076 2717 declarasse.
1109 2654 1203 2715 Nunc
1225 2662 1331 2715 autem
1362 2673 1433 2715 cum
1463 2672 1577 2733 urgen-

296 2762 418 2824 tissima
442 2762 569 2845 ingruat
591 2762 773 2834 necessitas,
796 2770 829 2823 et
852 2761 1012 2823 servitium
1037 2781 1114 2823 suae
1142 2760 1313 2823 maiestatis
1337 2760 1578 2839 sacratissimae,

297 2872 478 2950 bonumque
501 2869 660 2950 publicum
684 2870 799 2951 exigat,
821 2870 865 2931 nil
888 2870 982 2931 etiam
1003 2871 1182 2931 dubitantes
1205 2871 1237 2930 in
1259 2870 1365 2932 debita
1380 2869 1577 2930 dominorum

297 2979 529 3061 regnicolarum
554 2997 632 3060 erga
656 2977 929 3040 clementissimum
952 2978 1125 3059 principem
1149 2978 1315 3040 irradicata
1330 2978 1488 3050 fidelitate,
1503 2977 1578 3057 quin

297 3089 329 3150 in
352 3107 498 3166 campum
522 3106 585 3149 non
608 3093 715 3148 essent
738 3085 936 3162 descensura
960 3096 1150 3168 quapropter
1181 3085 1314 3148 dominis
1343 3084 1577 3146 vicecomitrbus

297 3202 329 3254 et
352 3192 505 3254 iudicibus
528 3191 686 3266 nobilium,
709 3193 755 3252 uti
779 3193 871 3253 etiam
896 3193 1100 3255 dominationi
1121 3202 1246 3254 vestrae
1269 3210 1445 3274 generosae
1469 3191 1577 3252 authu-

299 3302 389 3362 ritate
413 3307 530 3375 nostra,
554 3319 617 3379 qua
639 3300 732 3379 pleno
755 3300 823 3361 iure
846 3299 1006 3382 ismgimur
1035 3301 1150 3378 banali,
1182 3301 1285 3362 denuo
1308 3299 1437 3361 firmiter
1460 3298 1579 3378 praeci·

297 3409 418 3489 pientes
453 3407 675 3470 committimus
706 3416 738 3468 et
771 3409 966 3484 mandamus,
994 3417 1149 3488 quatenus
1182 3409 1320 3488 acceptis
1353 3406 1580 3486 praesentibus,

300 3517 381 3578 illico
405 3515 482 3577 citra
505 3535 632 3577 omnem
656 3516 885 3577 cunctationem
900 3524 931 3576 et
947 3517 1143 3577 renitentiam
1164 3515 1306 3577 homines
1329 3534 1404 3576 suos
1426 3514 1580 3592 disponat,

300 3633 334 3685 ut
358 3644 444 3686 more
479 3624 569 3685 solito
592 3624 807 3705 hactenusque
838 3625 1019 3704 practicato,
1043 3624 1174 3704 prodis
1198 3621 1227 3684 3.
1251 3622 1440 3684 imminentis
1463 3621 1581 3682 mensis

300 3730 435 3814 augusti,
458 3731 539 3792 intra
555 3731 722 3812 indagines
737 3732 884 3811 praesidii
908 3732 1015 3794 Sancti
1039 3732 1169 3814 Georgii
1192 3751 1290 3812 prope
1305 3731 1480 3792 Ersziniam
1496 3749 1579 3791 com·

299 3847 440 3921 pareant,
457 3847 728 3919 commeatumque
752 3858 809 3917 pro
824 3839 1002 3919 quindecim
1022 3840 1132 3900 diebus
1154 3859 1261 3901 secum
1277 3838 1387 3913 terant,
1401 3838 1454 3899 ubi
1477 3845 1581 3898 certus

297 3946 530 4008 commissarius
543 3965 600 4026 per
614 3967 673 4009 nos
688 3949 895 4026 deputandus,
916 3949 1018 4008 locum
1035 3947 1178 4009 stationis
1201 3947 1388 4026 designabit,
1412 3954 1443 4007 et
1465 3945 1580 4006 ibidem

299 4056 470 4117 adventum
495 4063 635 4117 nostrum
655 4055 892 4135 praestolentur.
917 4056 952 4115 ln
975 4055 1094 4135 reliquo
1117 4053 1235 4117 valebit
1248 4055 1386 4118 feliciter.

405 4178 443 4242 G.
466 4179 495 4244 d.
518 4188 642 4241 vestrae

1047 4290 1167 4350 amicus
1188 4297 1319 4369 paratus

825 4395 941 4457 Comes
965 4397 1115 4458 Nicolaus
1137 4397 1295 4474 Erdeody‚
1318 4397 1419 4459 banus
1442 4418 1482 4458 m.
1506 4417 1536 4476 p.

407 4517 518 4592 Obres,
543 4517 594 4583 25.
617 4520 681 4580 iulii
709 4518 800 4582 1685.

405 4645 440 4708 Ρ.
463 4644 494 4704 S.
520 4643 699 4706 Dominatio
722 4654 829 4708 vestra
852 4667 909 4726 pro
931 4667 1016 4708 nunc
1038 4647 1240 4709 medietatem
1267 4667 1396 4709 suorum
1430 4649 1481 4708 vel
1513 4648 1580 4707 sola

301 4751 425 4824 ducere,
449 4752 500 4810 vel
523 4769 600 4811 vero
624 4753 821 4830 capitaneum
846 4773 935 4814 suum
961 4754 1122 4816 exmittere
1149 4755 1271 4834 poterit,
1300 4756 1395 4834 idque
1425 4756 1485 4814 hoc
1514 4762 1579 4814 tam

300 4877 357 4937 pro
381 4858 619 4919 conservatione
654 4860 867 4938 confiniorum,
888 4869 954 4922 tam
978 4861 1082 4937 edam,
1105 4870 1139 4921 ut
1158 4862 1277 4923 misera
1299 4864 1388 4941 plebs
1410 4863 1503 4923 rebus
1527 4862 1579 4922 do

303 4965 441 5027 mesticis
464 4965 643 5045 prospicere
659 4968 772 5042 valeat,
795 4969 926 5047 qualiter
957 4977 1062 5030 autem
1084 4969 1189 5031 iacere
1212 4969 1386 5047 intenderit,
1409 4970 1483 5031 mibi
1506 4987 1578 5030 con·
