3934 5550
1489 419 1551 485 139

267 634 404 714 gilloqne
440 636 580 695 eiusdem
616 635 726 695 maiori
762 634 942 697 authentico
977 635 1170 713 impendenti
1206 644 1238 695 et
1268 636 1415 715 propriae
1439 655 1551 695 manus

270 743 498 821 subscriptione
523 744 742 817 communitae,
766 746 879 822 quihus
903 744 1113 803 mediantibus
1149 744 1232 803 idem
1263 745 1421 822 quondam
1453 744 1549 821 impe·

271 859 355 911 rator
378 860 409 911 et
433 870 486 911 rex
511 852 612 911 eidem
638 852 832 912 universitati
856 852 1006 911 nobilium
1023 852 1156 930 praelati
1179 850 1293 929 Campi
1316 852 1495 930 Turopolia,
1514 871 1552 911 ac

273 958 425 1017 universis
457 959 566 1017 ineolis
602 960 810 1037 possessionis
846 959 1018 1019 eorundem
1055 959 1150 1038 Nagy
1173 958 1308 1018 Goricza
1344 966 1486 1031 vocatae,
1518 958 1552 1018 in

272 1065 394 1145 Campo
419 1074 450 1125 et
474 1067 622 1125 comitatu
646 1066 862 1145 Zagrabiensi,
879 1066 1097 1144 territorioque
1121 1066 1261 1142 ipsorum
1285 1068 1370 1144 apud
1386 1066 1552 1125 ecclesiam

273 1174 385 1233 beatae
418 1174 538 1233 Mariae
572 1173 703 1251 virginis
735 1174 896 1233 existentis
926 1174 1052 1233 habitae
1084 1174 1125 1231 ad
1156 1173 1289 1232 eandem
1320 1174 1553 1250 possessionem

275 1282 369 1359 Nagy
394 1280 528 1339 Goricza
551 1290 772 1357 nuncupatam,
798 1290 967 1357 quaternas
992 1280 1148 1339 nundinas
1171 1280 1294 1351 liberas,
1325 1299 1382 1338 seu
1406 1282 1472 1339 lora
1497 1300 1553 1339 an-

274 1387 377 1445 nualia
402 1388 498 1447 libera
522 1392 605 1447 omni
630 1408 728 1462 anno;
754 1388 826 1447 item
852 1388 952 1447 forum
976 1387 1207 1447 hebdomadale
1231 1388 1355 1466 singulo
1380 1389 1430 1447 die
1454 1388 1552 1447 domi·

275 1494 344 1553 nico
369 1496 398 1553 in
423 1496 561 1571 qualibet
585 1496 792 1563 hebdomada,
816 1496 943 1555 omnino
967 1495 1026 1553 sub
1056 1494 1165 1553 iisdem
1189 1494 1384 1554 libertatibus
1408 1503 1440 1554 et
1464 1514 1552 1573 prae-

277 1602 436 1681 rogativis,
460 1604 572 1681 quibus
596 1604 754 1663 nundinae
778 1624 833 1663 seu
867 1604 935 1662 fora
959 1604 1106 1662 annualia
1139 1604 1244 1677 libera,
1273 1602 1391 1661 scilicet
1414 1614 1445 1661 et
1479 1606 1553 1662 heb·

277 1710 454 1769 dornadalia
479 1712 639 1770 civitatum
656 1712 822 1770 liberarum
847 1720 901 1769 aut
924 1710 1110 1788 oppidorum
1136 1719 1167 1769 et
1185 1711 1327 1769 villarum
1348 1711 1553 1786 celebrantur,

276 1829 426 1895 perpetuo
451 1820 602 1878 celebrari
635 1820 781 1879 annuisse
815 1828 845 1877 et
877 1819 1091 1892 concessisse3
1117 1820 1235 1877 alterae
1260 1837 1335 1877 vero
1366 1820 1553 1878 Ferdinandi

276 1926 414 2000 secundi,
438 1928 589 2005 genitoris
621 1928 727 1999 nostri,
759 1926 857 1985 felicis
893 1925 1143 1985 reminiscentiae
1177 1926 1316 1985 mandati
1352 1926 1487 2004 patentis
1523 1928 1554 1985 in

277 2053 472 2113 pargameno
496 2036 602 2094 itidem
626 2043 768 2113 patenter
793 2035 963 2109 confectae,
989 2034 1155 2113 sigilloque
1180 2034 1320 2093 eiusdem
1344 2043 1467 2093 secreto
1499 2035 1554 2093 im-

278 2140 418 2219 pressive
443 2150 474 2201 et
497 2142 641 2221 propriae
664 2161 778 2201 manus
809 2142 1036 2219 subscriptione
1069 2142 1242 2215 roboratae,
1273 2140 1385 2218 quibus
1416 2142 1554 2200 median·

278 2248 360 2307 tibus
384 2250 495 2308 eadem
519 2251 668 2311 maiestas
692 2260 832 2328 paterna,
857 2267 896 2308 ne
920 2248 1079 2329 praefatos
1102 2250 1266 2308 universos
1289 2248 1382 2307 unius
1405 2250 1555 2309 sessionis

278 2354 391 2432 Campi
415 2356 638 2436 Zagrabiensis
662 2377 719 2416 seu
750 2356 921 2435 Turopolia
952 2356 1083 2432 nobiles,
1119 2357 1168 2415 vel
1203 2374 1310 2415 eorum
1343 2355 1479 2435 aliquem
1515 2358 1555 2416 ad

279 2462 409 2521 alicuius
433 2464 676 2537 contributionis,
700 2466 799 2538 dicae,
823 2473 915 2523 taxae
940 2471 995 2522 aut
1018 2465 1145 2523 alterius
1169 2462 1333 2521 solutionis
1367 2472 1397 2521 et
1429 2464 1554 2541 imposi-

279 2570 372 2629 tionis
397 2571 591 2629 exactionem
616 2572 665 2629 vel
688 2571 804 2629 laboris
829 2571 958 2631 alicuius
983 2572 1228 2649 praestationem
1253 2577 1375 2628 arctare
1407 2578 1438 2628 et
1471 2590 1555 2630 com·

279 2678 404 2755 pellere,
428 2688 481 2737 aut
505 2678 589 2756 ipsos
613 2688 779 2756 propterea
802 2677 834 2736 in
857 2679 1009 2757 personis,
1033 2678 1185 2750 domibus
1210 2677 1365 2755 rebusque
1390 2686 1443 2735 aut
1466 2678 1555 2738 bonis

281 2786 418 2864 ipsorum
443 2788 688 2866 quibuscunque,
714 2794 821 2845 contra
846 2787 974 2865 antiqua
999 2787 1168 2846 eorundem
1193 2785 1365 2864 privilegia,
1397 2785 1556 2845 libertates

280 2903 311 2952 et
334 2895 572 2972 praerogativas
596 2913 613 2952 a
639 2893 719 2952 divis
743 2895 901 2972 quondam
926 2894 1110 2972 Hungariae
1133 2893 1270 2971 regibus,
1301 2893 1415 2950 nostris
1450 2901 1558 2971 utpote

280 3001 577 3078 praedecessoribus
601 3001 700 3060 lelicis
725 3001 904 3076 memoriae,
928 3001 1004 3078 ipsis
1028 3019 1205 3074 concessas,
1230 3001 1406 3071 molestare,
1430 3002 1556 3060 turbare

281 3117 311 3166 et
335 3109 536 3168 damnificare
569 3118 816 3188 praesumerent,
841 3111 922 3169 serio
955 3119 986 3168 et
1017 3110 1146 3169 firmiter
1170 3111 1369 3187 praecepisse
1393 3110 1558 3189 dignosce·

280 3217 371 3276 batur
405 3225 548 3276 tenorum
582 3217 859 3294 inlrascriptorum.
890 3217 1104 3295 Supplicatum
1136 3216 1241 3294 itaque
1273 3217 1372 3275 extitit
1403 3217 1559 3276 maiestati

283 3332 408 3382 nostrae
432 3325 609 3384 nominibus
633 3333 665 3384 et
688 3325 719 3383 in
743 3325 886 3402 personis
901 3343 1042 3402 ¹quorum
1067 3342 1170 3402 supra,
1194 3324 1300 3383 debita
1323 3343 1394 3382 cum
1414 3324 1562 3383 instantia

286 3431 464 3508 humillime,
487 3441 641 3512 quatenus
675 3433 775 3491 dictas
806 3432 896 3490 binas
929 3432 1036 3491 literas
1066 3423 1278 3509 praefatorum
1310 3431 1469 3510 quondam
1500 3432 1562 3489 Ru-

285 3538 388 3616 dolphi
414 3548 445 3598 et
468 3539 655 3599 Ferdinandi
680 3541 902 3618 imperatorum
934 3547 965 3598 et
988 3557 1110 3618 regum,
1133 3539 1300 3616 omniaque
1325 3545 1356 3596 et
1379 3537 1503 3617 singula
1532 3538 1563 3597 in

285 3644 402 3704 eisdem
427 3654 581 3722 contenta,
604 3653 700 3722 ratas,
724 3655 832 3728 gratas
857 3657 888 3706 et
912 3655 1043 3724 accepta
1074 3647 1235 3718 habentes,
1259 3645 1417 3723 literisque
1449 3645 1562 3704 nostris

285 3752 378 3812 inseri
402 3762 433 3812 et
456 3753 581 3812 inscribi
603 3754 764 3828 iacientes,
786 3755 922 3834 benigne
947 3762 1121 3832 acceptare,
1146 3753 1321 3831 approbare
1346 3760 1377 3811 et
1400 3753 1563 3828 ratificare,

286 3877 323 3918 ac
347 3878 403 3936 pro
427 3861 567 3938 praefata
590 3869 656 3920 tota
680 3861 881 3921 universitate
905 3862 1056 3940 praedicti
1080 3860 1194 3938 Campi
1217 3860 1395 3937 Turopolia,
1411 3859 1563 3936 ipsorum·

286 3986 347 4046 que
371 3968 556 4027 haeredibus
581 3977 612 4027 et
635 3969 868 4047 posteritatibus
892 3989 928 4028 ac
961 3968 1195 4028 successoribus
1227 3967 1381 4026 universis
1412 3976 1563 4044 perpetuo

288 4075 436 4134 valituras
460 4077 598 4155 gratiose
623 4077 817 4151 confirmare,
842 4085 872 4136 et
896 4077 997 4135 forum
1021 4077 1250 4134 hebdomadale
1282 4075 1313 4133 in
1345 4074 1439 4133 alium
1471 4074 1563 4150 diem,

289 4183 432 4242 videlicet
464 4183 545 4242 diem
577 4184 719 4256 Veneris
749 4203 786 4243 ex
819 4203 880 4262 quo
914 4203 951 4242 ex
977 4184 1247 4243 constitutionibus
1271 4183 1391 4241 illorum
1416 4182 1564 4241 Croatiae

287 4299 317 4350 et
340 4291 526 4351 Sclauoniae
549 4311 720 4371 regnorum
744 4301 919 4351 nostrorum
943 4299 1011 4351 tota
1034 4291 1210 4350 huiusmodi
1235 4290 1476 4350 hebdomadalia
1500 4290 1563 4348 die-

285 4398 343 4458 bus
374 4399 536 4458 dominicis
569 4401 720 4459 celebrari
745 4401 845 4470 solita,
870 4401 966 4459 vetita
991 4409 1021 4459 et
1046 4399 1161 4458 abolita
1185 4406 1300 4469 essent,
1324 4397 1502 4471 transferre,
1526 4417 1563 4456 ac

286 4507 412 4586 insuper
436 4508 475 4566 ad
501 4509 635 4567 eandem
658 4508 891 4585 possessionem
912 4509 1006 4588 Nagy
1023 4508 1166 4579 Goricza,
1182 4526 1263 4565 unas
1280 4506 1383 4564 adhuc
1399 4505 1564 4581 nundinas,

285 4615 458 4693 primodie
483 4617 637 4675 dominico
662 4624 735 4676 ante
758 4617 871 4675 testum
896 4616 959 4675 divi
983 4615 1141 4675 Laurentii
1166 4613 1312 4691 martyris
1329 4614 1411 4692 apud
1430 4614 1564 4672 eandem

286 4723 449 4782 ecclesiam
474 4723 586 4782 beatae
612 4723 733 4783 Mariae
758 4723 887 4802 virginis
912 4723 951 4781 ad
977 4723 1109 4782 eandem
1126 4722 1360 4800 possessionem
1381 4721 1476 4799 Nagy
1500 4719 1563 4779 Go-

284 4829 366 4888 ricza
398 4831 521 4899 dictam,
553 4840 705 4909 perpetuo
737 4829 956 4898 celebrandas,
986 4829 1124 4908 gratiose
1157 4847 1296 4888 annuere
1328 4837 1360 4886 et
1390 4827 1565 4886 concedere

283 4937 494 5016 dignaremur,
531 4956 661 5014 quarum
696 4938 821 5015 quidem
855 4937 1024 5014 literarum,
1056 4947 1087 4994 et
1115 4938 1240 5014 quidem
1275 4937 1443 5013 primarum
1476 4943 1566 4992 tenor
