3934 5550
357 380 422 448 252

353 597 521 661 occasione
552 596 745 675 praemissae
777 598 937 659 electionis
961 618 1018 678 per
1040 600 1145 661 omnia
1169 620 1315 662 securum
1348 602 1504 677 reddatur,
1528 620 1634 665 acces·

354 704 480 784 surique
512 722 552 763 ne
590 703 654 763 fors
686 702 860 783 cuicunque
897 714 1023 783 praeter
1053 706 1203 767 officiales
1238 718 1270 767 et
1303 708 1432 785 iudices,
1462 708 1636 789 iisdemque

354 832 448 891 supra
478 810 638 871 declarata
668 810 849 873 modalitate
885 811 1103 892 adiungendos
1127 814 1167 873 ab
1190 814 1337 895 ingressu
1359 824 1512 894 oportune
1537 817 1636 877 arceri

354 920 481 999 possint,
512 936 643 979 necesse
676 918 742 992 erit,
773 920 936 979 castellum
960 920 1075 1001 vigiliis
1107 921 1232 982 aliunde
1255 922 1415 1001 provisum
1450 922 1636 1003 dupplicatis

354 1036 408 1088 aut
431 1026 602 1105 triplicatis,
626 1026 676 1085 vel
700 1026 794 1087 etiam
819 1027 1029 1106 oportunitate
1061 1028 1208 1110 exigente
1238 1030 1367 1091 ulterius
1399 1031 1549 1108 adauctis,
1580 1050 1637 1111 per

354 1134 499 1196 comitem
523 1141 703 1193 terrestrem
727 1132 832 1195 debite
855 1134 1031 1213 providere.
1054 1135 1185 1212 Quarto.
1209 1137 1251 1196 Et
1266 1137 1339 1216 quia
1360 1137 1462 1198 omnis
1477 1138 1636 1213 honestas,

352 1251 383 1303 et
407 1240 513 1301 debita
539 1240 764 1302 subaltematio
795 1241 900 1322 exigit,
924 1250 958 1302 ut
981 1242 1131 1302 officiales
1162 1243 1245 1304 iusta
1272 1244 1474 1306 veneratione
1498 1264 1554 1325 per
1577 1244 1637 1304 sibi

351 1350 572 1410 subordinatos
605 1358 843 1429 prosequantur,
875 1349 947 1409 hinc
978 1351 1132 1423 volumus,
1163 1350 1415 1431 authoritateque
1442 1360 1550 1414 nostra
1573 1360 1636 1412 sta·

353 1459 477 1533 tuimus,
501 1476 611 1517 omnes
634 1456 761 1518 omnino
785 1458 817 1518 in
840 1456 963 1537 Campo
988 1458 1159 1537 Turopolia
1185 1458 1364 1533 existentes,
1396 1459 1635 1538 habitantesque

351 1567 524 1628 confratres
555 1566 596 1626 ad
628 1566 831 1626 deferendum
862 1566 1024 1642 honorem,
1048 1565 1132 1627 etin
1156 1566 1317 1647 quibusvis
1340 1566 1431 1627 iustis
1462 1576 1493 1628 et
1527 1566 1637 1646 aequis

351 1674 489 1735 debitam
513 1674 699 1752 paritionem
724 1692 781 1734 suo
804 1672 909 1733 comiti
937 1673 1085 1750 terrestri,
1108 1674 1298 1753 reliquisque
1328 1673 1442 1753 Campi
1466 1673 1635 1753 Turopolia

351 1782 536 1843 officialibus
570 1781 724 1862 obstringi
759 1790 791 1842 et
824 1781 967 1862 obligari,
998 1782 1051 1861 qui
1084 1783 1180 1843 etiam
1203 1801 1223 1843 a
1245 1782 1432 1844 factionibus
1464 1783 1636 1863 quibusvis,

350 1889 597 1968 tumultibusque
621 1888 787 1964 abstinere,
811 1888 870 1949 sibi
895 1890 1063 1950 commissa
1087 1899 1118 1950 et
1140 1890 1284 1951 ordinata
1306 1890 1440 1952 fideliter
1455 1890 1575 1970 exequi,
1597 1909 1636 1950 ac

351 1997 475 2058 realiter
506 2016 569 2056 non
601 2005 721 2058 tannim
751 1996 905 2058 beneficio
937 1998 1092 2079 privilegii
1116 1998 1230 2080 dignos
1253 2018 1288 2059 se
1311 1999 1447 2073 officere,
1470 2017 1581 2060 verum
1605 2007 1636 2058 et

351 2105 568 2185 inquisitiones
592 2112 623 2164 et
646 2123 702 2165 eas
726 2103 794 2165 illas
818 2104 944 2166 indubie
974 2106 1203 2185 subsequentes
1227 2106 1516 2168 animadversiones
1539 2106 1633 2167 decli·

350 2231 425 2273 nare
457 2212 612 2285 studeant,
643 2212 729 2272 velut
761 2212 876 2272 etenim
916 2212 1061 2273 similium
1090 2221 1313 2274 attentatorum
1350 2214 1498 2274 authores
1529 2212 1634 2292 exqui-

349 2340 428 2393 rere,
444 2320 537 2381 officii
553 2319 650 2379 nostri
674 2319 740 2394 erit,
763 2318 807 2380 ita
831 2340 902 2380 cum
918 2322 1061 2400 exemplo
1078 2321 1209 2381 aliorum
1230 2340 1341 2381 severe
1353 2321 1385 2381 in
1399 2322 1479 2381 tales
1493 2321 1634 2382 animad-

350 2436 472 2488 vertere
505 2426 579 2487 nulli
609 2426 818 2507 negligemus.
842 2427 968 2504 Quinto.
993 2428 1150 2505 Quoniam
1175 2446 1251 2489 vero
1283 2429 1394 2489 exinde
1423 2428 1518 2489 etiam
1549 2427 1634 2489 haud

349 2536 435 2595 leves
453 2534 667 2595 inconventias
692 2543 722 2594 et
745 2534 896 2594 scandala
910 2553 1055 2614 quaeque
1081 2534 1261 2614 turpissima
1285 2534 1358 2595 oriri
1380 2534 1637 2609 informabamur,

352 2643 435 2721 quod
459 2652 600 2720 tempore
625 2642 852 2723 exigendarum
884 2643 924 2703 ab
956 2643 1140 2704 officialibus
1171 2643 1336 2718 rationum,
1367 2642 1529 2703 divisionis
1558 2642 1635 2703 item

353 2757 561 2829 proventuum
585 2749 661 2828 ipsis
685 2749 838 2810 duntaxat
862 2750 1075 2812 assessoribus
1099 2770 1138 2811 ex
1162 2751 1290 2831 antiquo
1316 2750 1547 2812 communitatis
1570 2758 1633 2812 sta·

352 2866 419 2917 tuto
451 2859 703 2937 competentium,
735 2858 934 2918 tumultuarie
967 2867 1068 2919 semet
1099 2861 1226 2938 quidam
1253 2860 1439 2935 immiscere,
1462 2867 1635 2938 proventus

350 2966 502 3027 eiusmodi
537 2966 690 3027 hostiliter
724 2967 861 3046 quodam
897 2968 992 3027 modo
1027 2967 1171 3045 diripere,
1201 2976 1233 3028 et
1263 2968 1390 3028 demum
1422 2987 1494 3028 cum
1522 2967 1635 3028 iniuria

349 3073 561 3152 praefatorum
595 3092 790 3134 assessorum
823 3091 880 3153 pro
910 3093 944 3134 se
973 3082 1157 3135 convertere
1180 3075 1341 3136 licentiose
1365 3075 1538 3136 admodum
1561 3094 1634 3135 con-

348 3181 515 3256 sveverint,
539 3189 705 3261 eapropter
728 3181 838 3242 huicce
862 3201 988 3261 quoque
1012 3183 1162 3243 scandalo
1186 3183 1225 3243 de
1248 3182 1320 3244 hinc
1341 3183 1565 3262 praecavendo
1588 3182 1632 3242 in·

347 3289 432 3358 tenti,
456 3289 620 3349 universos
644 3297 675 3348 et
699 3287 840 3368 singulos
872 3289 1060 3350 authoritate
1093 3299 1200 3350 nostra
1223 3291 1305 3351 serio
1329 3290 1536 3351 commonitos
1561 3309 1633 3350 esse

348 3395 501 3470 volumus,
523 3414 563 3455 ne
587 3395 667 3454 ullus
691 3393 765 3454 dicti
792 3393 906 3473 Campi
938 3396 1108 3475 Turopolia
1139 3397 1336 3473 inhabitator,
1368 3398 1409 3457 ad
1442 3399 1545 3457 locum
1569 3397 1633 3456 exi·

350 3503 524 3582 gendarum
548 3501 851 3580 praeinsinuatarum
880 3503 1044 3577 rationum,
1067 3504 1118 3564 vel
1141 3504 1298 3564 ineundae
1321 3513 1530 3583 proventuum
1555 3504 1632 3565 divi·

349 3610 446 3671 sionis
469 3609 667 3687 destinatum,
690 3618 815 3687 praeter
838 3609 956 3670 iudices
980 3609 1172 3671 iudicatuum
1196 3630 1258 3672 non
1281 3621 1413 3672 vocatus
1440 3629 1633 3690 comparere,

347 3719 449 3778 minus
481 3725 611 3777 eatenus
644 3735 842 3796 quocumque
872 3719 1000 3778 tandem
1031 3719 1089 3778 sub
1121 3727 1286 3797 praetextu
1317 3726 1419 3780 semet
1446 3717 1632 3802 immiscere,

348 3824 474 3884 minime
499 3832 604 3883 autem
627 3832 798 3902 proventus
823 3824 975 3885 eiusmodi
1000 3825 1143 3904 diripere,
1167 3835 1198 3886 et
1221 3845 1278 3905 pro
1302 3845 1337 3887 se
1366 3833 1550 3887 convertere
1574 3825 1631 3884 sub

348 3931 536 4012 gravissima
560 3929 831 3991 animadversione
863 3941 980 4008 nostra,
1003 3933 1031 3993 si
1054 3933 1124 4012 quis
1147 3933 1342 4013 dispositioni
1371 3930 1481 3994 huicce
1506 3942 1632 3993 nostrae

349 4038 565 4098 contravenire
598 4037 807 4115 attentaverit,
838 4036 943 4100 eidem
973 4047 1060 4100 certo
1093 4041 1207 4101 certius
1243 4040 1423 4122 infligenda,
1455 4039 1571 4100 audeat
1601 4048 1632 4099 et

348 4154 535 4225 praesumat.
560 4145 631 4204 Non
656 4145 837 4206 absimiliter
860 4154 966 4207 sexto:
990 4147 1152 4227 Siquidem
1168 4156 1293 4227 praeter
1309 4156 1493 4209 consvetum
1511 4154 1631 4208 restau-

349 4252 478 4313 rationis
501 4261 625 4332 tempus
649 4252 773 4331 publica
797 4252 1029 4314 communitatis
1048 4255 1201 4334 saepefati
1217 4255 1331 4335 Campi
1347 4255 1518 4334 Turopolia
1534 4273 1630 4333 quan·

349 4362 452 4439 doque
476 4359 652 4421 occurerint
682 4359 819 4440 negotia,
854 4379 935 4440 quae
964 4381 1170 4442 congressum
1194 4363 1317 4423 comitis
1340 4362 1504 4437 terrestris,
1528 4380 1630 4422 asses·

349 4485 518 4545 sorumque
541 4475 573 4527 et
596 4467 827 4528 communitatis
856 4468 994 4548 exigunt,
1017 4488 1058 4529 ne
1081 4470 1212 4548 proinde
1236 4489 1390 4531 concursu
1413 4470 1632 4529 universorum

348 4573 519 4652 practicato
551 4574 755 4653 pertractatio
786 4575 983 4656 negotiorum
1009 4576 1240 4654 interturbatur,
1263 4577 1437 4649 statuimus,
1460 4584 1495 4635 ut
1519 4576 1550 4636 in
1576 4595 1630 4655 po-

349 4689 466 4740 sterum
490 4680 531 4740 ad
554 4679 708 4742 eiusmodi
723 4681 840 4760 pariter
856 4701 1047 4763 congressus
1063 4701 1120 4764 per
1136 4683 1283 4744 comitem
1300 4691 1479 4744 terrestrem
1502 4684 1630 4762 praevie

348 4787 560 4867 publicandos,
583 4788 675 4849 iudex
698 4790 821 4850 nonnisi
845 4791 982 4850 cuiusvis
999 4791 1188 4852 iudicatuse
1212 4791 1392 4865 minoribus,
1415 4810 1433 4851 e
1458 4790 1630 4851 maioribus

360 4913 436 4955 vero
461 4895 647 4956 iudicatibus
672 4917 742 4957 cum
767 4897 968 4976 adiungendo
993 4919 1056 4958 uno
1079 4900 1235 4958 confratre
1259 4908 1452 4978 compareat,
1468 4899 1552 4958 eirca
1567 4918 1630 4977 quo
