3934 5550
416 371 481 437 514

525 587 572 652 13.
595 590 751 651 Salarium
786 588 939 668 capitanei
972 597 1113 668 tempore
1146 589 1307 650 dumtaxat
1336 587 1528 651 excursionis
1560 587 1601 648 ad
1633 587 1692 650 sin·

414 699 522 776 gulurn
545 716 687 757 mensem
711 697 769 757 erit
792 697 903 757 florcni
926 697 1147 777 hungaricales
1170 705 1312 775 quatuor.

525 803 572 868 14.
603 806 637 864 ln
666 805 769 866 officio
800 806 963 885 lugaratus
987 805 1158 864 manebunt
1181 804 1300 865 nobiles
1325 805 1446 882 Caspar
1470 804 1630 882 Pepelych
1654 804 1693 863 de

415 914 536 990 Plezzo,
569 912 705 972 Michael
732 913 917 990 Gallowych
948 912 988 972 dc
1020 910 1215 989 Czerowzky
1237 912 1345 986 Werh,
1377 919 1408 971 et
1431 911 1602 991 Gregorius
1634 911 1693 970 Po·

387 1102 391 1108 .
415 1020 550 1100 gledych
573 1019 613 1079 dc
637 1019 811 1081 Koriloucz.

526 1126 574 1190 15.
606 1129 666 1189 Pro
699 1129 813 1189 salario
846 1128 1005 1190 castellani
1030 1134 1061 1186 et
1084 1127 1214 1205 portarii
1237 1126 1422 1188 contributio
1445 1129 1503 1186 erit
1527 1145 1545 1185 a
1570 1103 1696 1207 singula

418 1237 511 1295 domo
525 1253 581 1314 per
597 1235 742 1296 denarios
758 1235 810 1310 25,
826 1236 853 1296 si
869 1235 986 1314 aliquid
1007 1234 1166 1295 residuum
1187 1235 1252 1309 erit,
1278 1224 1366 1294 extra
1391 1233 1539 1294 salarium
1556 1234 1694 1313 ipsomm

415 1342 467 1402 alii
489 1342 639 1402 officiales
662 1344 829 1404 solventur.
859 1343 1030 1403 Exactores
1061 1340 1153 1402 huius
1185 1341 1421 1402 contributionis
1451 1349 1542 1400 erunt
1570 1340 1602 1400 in
1633 1341 1694 1401 sin·
1796 1398 1799 1405 .

415 1452 497 1532 gulis
528 1449 620 1531 pagis
651 1451 704 1530 qui
728 1460 759 1511 et
782 1453 945 1532 hactenus,
967 1451 999 1510 in
1023 1451 1117 1532 Nagy
1141 1451 1249 1511 Mlaka
1281 1451 1453 1530 Gregorius
1478 1450 1692 1529 Glagolchyclr

415 1569 446 1620 et
475 1560 552 1618 alter
583 1556 755 1638 Gregorius
787 1559 909 1635 Krisay.
953 1560 1118 1620 Terminus
1150 1559 1208 1619 erit
1239 1557 1354 1618 lestum
1387 1557 1610 1636 purificationis
1634 1557 1691 1618 vir-

415 1666 497 1746 ginis
520 1665 642 1725 Mariac
665 1666 805 1743 proxime
827 1661 980 1726 luturum¹
1004 1667 1062 1726 sub
1086 1685 1188 1745 poena
1212 1667 1334 1744 duplae.
1355 1665 1560 1727 Exactoribus
1576 1664 1691 1723 licitum

416 1775 474 1834 erit
499 1773 636 1835 vadiare.

527 1879 574 1940 lo.
605 1881 791 1958 Woyuodae
815 1880 882 1941 sive
906 1882 1029 1958 sylvani
1061 1882 1232 1942 manebunt
1255 1882 1286 1941 in
1311 1881 1375 1940 suis
1399 1881 1517 1955 officiis,
1542 1876 1695 1960 exceptis²

415 1989 529 2049 Iacobo
554 1989 742 2065 Kwscbych‚
765 1990 835 2049 loco
859 1989 947 2048 cuius
971 1989 1031 2048 crit
1052 1990 1182 2049 Marcus
1203 1990 1374 2050 Pozauccz.

526 2095 573 2158 1'7.
588 2095 724 2176 Signifer
740 2096 888 2176 deinceps
903 2096 960 2158 erit
975 2095 1086 2156 nobilis
1103 2096 1252 2157 Nicolaus
1268 2096 1470 2172 Koskowych
1486 2097 1525 2157 de
1543 2098 1694 2158 Hrasche.

428 2241 437 2248 -
529 2201 576 2266 18.
600 2205 672 2280 Koy
699 2205 803 2284 ghode
826 2223 867 2264 ne
890 2204 973 2264 bude
998 2204 1104 2264 hothel
1126 2205 1179 2282 yly
1204 2223 1243 2264 ne
1267 2205 1349 2264 bude
1373 2204 1472 2280 maryl
1496 2225 1536 2266 na
1560 2206 1694 2285 pomoch

415 2333 435 2389 y
459 2331 500 2372 na
524 2313 624 2388 krych
648 2312 766 2388 doythy
789 2311 874 2372 kada
901 2312 942 2388 by
967 2331 1002 2371 sc
1026 2313 1121 2371 komu
1145 2312 1250 2392 ghode
1272 2331 1293 2390 y
1317 2313 1487 2394 gdeghode
1511 2314 1552 2373 od
1575 2313 1694 2393 kogha·

416 2422 520 2501 ghode
544 2421 752 2500 zuanzkogha
774 2420 900 2480 kakoua
922 2420 1005 2497 zylla
1027 2421 1080 2496 yly
1103 2421 1165 2497 boy
1188 2421 1342 2502 wchynyl‚
1366 2422 1408 2483 da
1430 2423 1513 2482 budc
1534 2421 1695 2483 convictus

415 2528 447 2588 in
470 2547 527 2588 suo
562 2528 633 2590 vivo
667 2527 824 2608 homagio,
847 2547 868 2604 y
891 2528 944 2586 the
967 2528 1084 2587 takove
1119 2528 1265 2605 obchyna
1296 2529 1513 2606 obchynzkem
1536 2529 1693 2588 ztroskom

417 2635 584 2714 praecipue
608 2643 639 2694 et
663 2635 740 2694 alios
763 2635 876 2695 iratres
900 2634 1057 2710 (videlicet
1073 2635 1266 2695 miserabiles
1287 2639 1450 2714 personas)
1467 2637 1568 2696 hoche
1584 2655 1693 2714 zprau·

417 2743 491 2803 dom
524 2743 669 2820 yzkathy‚
703 2761 722 2801 a
752 2743 869 2803 takoua
899 2761 1044 2822 persona,
1076 2744 1118 2804 da
1146 2761 1182 2803 ze
1206 2762 1280 2820 yma
1311 2744 1472 2825 pogodyty
1496 2763 1569 2824 prez
1593 2743 1694 2821 wolye

416 2849 599 2928 obchynzlrc
623 2850 680 2910 sub
704 2869 807 2930 poena
830 2849 1286 2917 infidelitatiscommunitatis.

528 2956 575 3017 19.
598 2958 755 3039 ignobiles
786 2977 941 3037 personae
964 2978 1021 3038 per
1044 2959 1230 3038 semetipsas
1263 2980 1334 3020 cum
1369 2961 1522 3021 nobilibus
1553 2961 1695 3040 personis

416 3065 538 3145 litigare
562 3084 625 3124 non
648 3066 799 3140 valentes,
824 3066 967 3127 dominus
992 3084 1098 3126 comcs
1121 3068 1153 3126 in
1177 3067 1318 3144 personis
1342 3067 1463 3129 illorum
1487 3069 1628 3149 litigabit.

525 3170 576 3233 20.
600 3172 708 3231 Fiscus
732 3172 789 3232 erit
813 3172 962 3253 egregius
986 3172 1143 3254 Georgius
1166 3174 1391 3251 Suaztowycb3
1423 3176 1631 3236 iuramentum
1655 3177 1695 3236 de

419 3288 489 3339 acto
516 3279 678 3357 praestitit.

523 3436 669 3508 Originale
690 3436 878 3492 chartaceum.
898 3438 929 3490 ln
948 3438 1063 3493 archivo
1082 3455 1223 3493 commun.
1243 3441 1309 3495 nob.
1329 3442 1365 3494 de
1383 3440 1551 3511 TuropolJe:
1569 3439 1695 3511 Congre-

418 3526 570 3595 gationalia
588 3527 655 3581 fasc.
674 3526 700 3581 8.

493 3636 631 3643 ..---—.-

526 3686 532 3714 ¹
552 3686 578 3738 2.
598 3686 739 3740 februarii.
780 3688 789 3715 ²
809 3688 860 3742 sic.
880 3688 1036 3757 (excepto).
