3934 5550
1504 440 1571 519 247

286 668 437 748 terposita
460 665 617 730 mediante
641 665 779 744 obviare,
804 685 898 747 super
931 662 1043 738 eadem
1073 670 1298 731 testimoniales
1322 670 1381 730 sibi
1406 672 1565 732 extradari

291 786 408 856 petere,
431 797 488 857 par
513 779 767 839 contradictionis
799 778 856 837 sub
890 778 981 838 solita
1012 778 1112 839 tonna
1142 778 1294 857 excipere.
1318 780 1358 839 Et
1382 780 1407 838 si
1431 779 1495 838 tors
1527 779 1567 839 de

290 886 468 963 ampliando
492 894 625 956 terren0,
658 906 728 947 cum
761 886 886 946 aliunde
919 886 1030 945 eadem
1062 885 1249 945 universitas
1282 886 1466 946 strictiorem
1491 906 1567 946 suae

288 993 507 1055 subsistentiae
539 994 790 1055 commoditatem
823 994 961 1067 haberet,
987 994 1120 1054 eandem
1152 994 1247 1054 etiam
1272 1004 1361 1053 'suae
1393 994 1566 1054 maiestatis

286 1102 419 1179 gratiam
449 1102 625 1181 implorare,
650 1111 774 1162 etcum
799 1102 887 1181 regni
913 1102 1067 1179 ablegatis
1090 1120 1126 1162 se
1149 1102 1316 1174 insinuare,
1341 1109 1371 1161 et
1395 1121 1480 1175 casu,
1505 1122 1567 1181 quo

285 1210 446 1289 negotium
470 1230 590 1269 moram
615 1229 677 1269 non
709 1217 875 1288 pateretur,
900 1185 970 1268 cum
996 1210 1104 1269 amicis
1134 1210 1283 1283 consulat,
1308 1217 1339 1269 et
1363 1209 1480 1269 iuribus
1501 1211 1567 1269 uni-

288 1316 445 1377 versitatis
468 1318 500 1377 in
524 1338 562 1378 eo
594 1318 772 1396 prospiciat,
805 1318 836 1377 in
866 1318 986 1397 reliquo
1010 1337 1045 1378 se
1068 1318 1100 1378 in
1132 1318 1275 1377 omnibus
1309 1318 1348 1377 ad
1380 1337 1454 1377 suos
1486 1318 1568 1396 prin·

290 1424 407 1503 cipaies
431 1424 553 1487 referat.
578 1424 778 1504 Caeteraque
802 1445 858 1503 pro
883 1426 1093 1485 emolumento
1117 1426 1184 1485 sine
1210 1426 1269 1484 ullo
1286 1423 1498 1484 universitatis
1514 1427 1567 1485 de-

287 1531 432 1591 trimento
457 1551 527 1591 esse
559 1533 737 1609 adverterit,
768 1535 983 1611 promovenda
1015 1552 1209 1612 promovere,
1234 1533 1430 1593 defendenda
1462 1533 1568 1594 deten-

288 1640 362 1699 dere
395 1659 451 1717 pro
484 1640 561 1699 virili
594 1650 753 1719 tamquam
779 1660 795 1700 e
820 1642 940 1719 gremio
973 1642 1013 1701 ad
1038 1642 1068 1700 id
1093 1641 1256 1717 emissus,
1279 1641 1377 1719 possit
1401 1650 1432 1701 et
1457 1642 1569 1703 valeat

291 1746 406 1804 Datum
440 1764 477 1805 ex
506 1745 629 1825 Campo
653 1748 822 1827 Turopolia
854 1749 948 1829 Nagy
981 1749 1099 1822 Mlalra,
1122 1748 1173 1809 die
1197 1746 1226 1810 2.
1250 1748 1333 1821 iunii,
1367 1768 1449 1808 anno
1477 1747 1570 1811 1722.

996 1893 1174 1953 Ludovicus
1198 1893 1331 1973 Uagich‚

759 2000 969 2060 universitatis
993 1999 1142 2059 nobilium
1166 2000 1280 2078 Campi
1298 2000 1521 2081 Zagrabiensis

759 2108 995 2185 Turopoliensis
1030 2127 1136 2169 comes
1170 2108 1327 2168 terrestris
1362 2116 1394 2167 et
1428 2108 1522 2170 comi·

921 2224 1004 2275 tatus
1028 2214 1195 2276 Crisiensis
1219 2216 1404 2276 vicecomes.

394 2355 539 2427 Originale
558 2356 747 2421 chartaceum,
768 2356 868 2408 subtus
894 2370 1062 2423 appressum
1081 2363 1126 2409 est
1144 2353 1266 2425 sigillum
1285 2354 1425 2409 Ludovici
1444 2354 1570 2425 Vagych,

287 2446 399 2499 comitis
419 2447 569 2499 terrestris.
590 2447 619 2499 ln
639 2446 754 2500 archivo
766 2462 869 2499 comm.
889 2446 954 2500 nob.
974 2447 1012 2499 de
1030 2444 1194 2513 Turopoljc.

398 2591 404 2617 ¹
424 2591 465 2643 sic
485 2590 601 2654 (comite
620 2590 766 2657 terrestri).

817 2934 820 2938 .
880 2874 984 2949 m.

395 3078 487 3135 Anno
520 3075 610 3138 1723.
639 3073 686 3137 19.
711 3077 794 3138 iunii.
818 3077 967 3136 Viennae⁴

287 3269 473 3333 Articulus
496 3269 621 3332 decreti
643 3270 683 3332 de
706 3269 959 3352 confirmandis
971 3271 1228 3354 praerogativis
1251 3269 1418 3335 nobilium
1450 3269 1572 3356 Campi

834 3377 1034 3462 Turopolya.

398 3578 457 3637 De
491 3577 801 3637 contirmandis
845 3578 1167 3656 praerogativis
1210 3577 1407 3637 nobilium
1443 3577 1570 3638 unius

288 3685 496 3745 sessionis
521 3694 559 3744 et
583 3685 904 3746 armalistarum.

757 3879 976 3939 Articulus
1000 3877 1094 3941 XCII.

394 4024 551 4085 Nobilium
589 4023 702 4101 Campi
738 4024 916 4101 Turopolya
952 4026 1056 4101 (prout
1091 4031 1121 4081 et
1153 4020 1381 4080 armalistarum
1413 4039 1449 4080 ac
1473 4021 1565 4080 unius

288 4133 450 4201 sessionis)
476 4132 698 4211 exemptiones
723 4131 962 4211 praerogativas
987 4140 1018 4190 et
1041 4131 1208 4203 libertates,
1225 4129 1257 4188 in
1271 4147 1403 4207 quarum
1421 4129 1566 4188 videlicet

287 4241 426 4320 legitimo
451 4261 487 4300 ac
513 4241 737 4318 imperturbato
761 4259 820 4299 usu
844 4239 1061 4318 praefuissent,
1086 4248 1117 4299 et
1141 4239 1181 4298 ad
1205 4256 1356 4315 praesens
1373 4257 1472 4316 usque
1498 4256 1566 4315 per-

287 4347 440 4421 sisterent,
464 4367 520 4426 pro
544 4347 710 4408 renovatis.
728 4357 759 4406 et
783 4345 973 4407 confirmatis
997 4347 1114 4407 baberi.

765 4487 908 4568 (Ceteris
930 4487 1093 4570 emissis).

301 4677 309 4693 ι
392 4615 502 4682 Corpus
522 4616 588 4669 iuris
607 4615 770 4684 Hungarici.
790 4613 882 4669 Caroli
902 4615 945 4667 lll.
966 4613 1040 4683 regis
1060 4613 1206 4665 decretum
1219 4603 1258 4666 ll.
1278 4628 1301 4664 a·
1324 4611 1400 4664 1723.
