3934 5550
401 486 466 554 580
559 556 565 566 ,

398 707 596 772 terminatum
621 726 807 774 concurrere
834 708 944 781 solere,
968 706 1048 767 ratio
1072 705 1155 765 nulla
1179 703 1389 781 subversatur,
1414 723 1469 766 cur
1492 726 1553 766 non
1583 701 1676 765 etiam

396 815 500 893 quoad
524 815 739 874 revelationes
771 824 802 874 et
833 815 1082 892 specificationes
1114 814 1269 874 talismodi
1302 821 1367 872 arte
1400 814 1554 874 diabolica
1577 812 1676 872 irreti-

395 932 496 982 tarum
520 940 724 1000 personarum
752 923 836 982 credi
859 923 982 995 debeat,
1015 941 1073 980 nec
1105 921 1217 996 obstat,
1248 922 1332 1000 quod
1363 921 1402 981 ab
1437 923 1570 981 adverso
1602 921 1674 980 alle·

392 1038 485 1108 gatur
520 1029 625 1088 odium
661 1029 767 1089 talium
799 1047 1003 1108 personarum
1036 1029 1188 1090 adversus
1221 1029 1307 1100 alias,
1339 1048 1412 1088 narn
1444 1029 1470 1088 si
1499 1029 1572 1108 quid
1603 1028 1674 1088 talis

391 1138 519 1196 subesse
552 1146 660 1216 posset
691 1138 796 1216 utique
827 1147 936 1197 contra
960 1137 1038 1196 alias
1070 1137 1163 1196 etiarn
1196 1138 1379 1196 innocentes
1403 1145 1434 1196 et
1456 1137 1608 1210 innoxias,
1641 1137 1671 1196 in

392 1263 470 1322 quas
505 1245 641 1324 alioquin
672 1245 756 1304 nulla
787 1247 870 1304 cadit
903 1245 1040 1324 suspicio
1073 1245 1163 1304 lateri
1195 1246 1339 1318 solerent,
1371 1245 1454 1324 quod
1488 1253 1593 1302 tamen
1621 1244 1670 1303 vix
1755 1323 1759 1334 ¹

391 1352 557 1431 aliquando
583 1353 735 1412 accidisse
766 1353 923 1414 communi
947 1353 1139 1431 experientia
1162 1361 1293 1429 constat,
1316 1353 1388 1412 hinc
1413 1351 1668 1438 concurrentibus

389 1460 528 1538 pluribus
552 1460 705 1520 eiusmodi
728 1460 915 1520 tassionibus
950 1471 1059 1520 contra
1084 1463 1215 1520 eandem
1241 1461 1270 1520 in
1296 1479 1424 1520 causam
1450 1469 1613 1520 attractam
1628 1468 1669 1519 et

388 1567 420 1626 in
444 1567 526 1628 idem
551 1567 797 1627 coincidentibus
821 1568 952 1646 aliisque
984 1587 1080 1647 supra
1112 1569 1255 1648 allegatis
1278 1567 1399 1628 indiciis
1428 1577 1459 1626 et
1484 1586 1665 1646 praesump-

389 1675 524 1734 tionibus
549 1675 625 1753 petit
648 1676 693 1734 uti
716 1695 818 1754 supra.

493 1784 554 1842 Pro
587 1784 699 1843 eadem
722 1783 754 1842 in
778 1803 906 1842 causam
939 1792 1073 1844 attracta
1096 1783 1122 1842 si
1146 1783 1240 1843 etiam
1269 1785 1380 1843 eadem
1404 1791 1572 1860 praetensa
1595 1801 1664 1860 pro·

385 1891 480 1950 ducta
510 1910 572 1951 non
603 1891 799 1950 obstantibus
830 1892 1051 1971 praeallegatis
1075 1891 1247 1951 rationibus
1270 1909 1326 1970 per
1350 1891 1567 1950 inconcessum
1592 1889 1662 1948 soli·

384 1998 451 2058 dari
486 2007 622 2076 possent,
658 1999 760 2058 adhuc
794 2007 899 2058 tamen
935 2000 1042 2059 ultimo
1078 2000 1233 2079 allegatae
1269 1999 1405 2060 rationes
1437 1998 1467 2056 in
1502 1997 1599 2075 partis
1631 1995 1662 2056 in

384 2124 513 2165 causam
544 2099 696 2166 attractae
728 2106 805 2165 alias
836 2115 961 2185 praeter
985 2107 1202 2184 suprainserta
1226 2116 1392 2185 praetensa
1417 2106 1577 2184 producta,
1601 2104 1662 2164 alia

383 2214 476 2293 legali
507 2214 684 2292 suspicione
715 2216 864 2275 innodata
896 2214 1106 2282 innocentiam
1135 2215 1210 2274 satis
1234 2215 1448 2288 clarificarent,
1473 2223 1504 2282 et
1528 2213 1598 2272 ideo
1623 2232 1659 2271 ex

382 2340 535 2381 concursu
559 2330 745 2382 attactarurn
774 2323 928 2410 rationum
951 2324 1028 2401 petit
1052 2323 1096 2382 uti
1119 2342 1213 2401 supra
1238 2323 1392 2401 peciisset.

489 2429 702 2490 Deliberatum
726 2438 788 2490 est:
813 2431 1013 2509 Disputatum
1045 2450 1101 2510 per
1132 2439 1366 2508 procuratorem
1390 2431 1421 2490 in
1446 2449 1574 2490 causam
1610 2438 1658 2489 at-

380 2544 499 2595 tractae
525 2537 846 2599 Domitrouichianum
866 2539 1088 2598 documentum
1105 2539 1171 2598 sive
1187 2557 1319 2598 examen
1336 2539 1484 2597 torturale
1508 2546 1657 2616 tanquam

380 2663 417 2703 ex
442 2645 666 2722 superioritatis
690 2646 909 2707 commissione
933 2647 1119 2722 confectum,
1143 2665 1300 2725 manuque
1324 2645 1421 2705 veluti
1444 2644 1559 2724 Campi
1583 2646 1657 2705 iuris

379 2752 548 2812 assessoris
571 2753 728 2833 scriptum,
753 2764 784 2814 et
807 2775 863 2833 pro
879 2754 933 2814 tali
949 2755 1082 2833 plurium
1100 2754 1296 2814 dominorum
1315 2771 1550 2813 coassessorum
1577 2753 1655 2813 scitu

378 2879 414 2918 ac
430 2870 503 2919 voto
520 2862 724 2941 recognitum,
749 2863 867 2939 absque
884 2863 969 2922 omni
989 2862 1148 2921 incitatum
1166 2863 1368 2942 prologialem
1385 2862 1505 2921 titulum
1530 2862 1655 2921 incursu

376 2975 525 3045 tanquam
551 2969 753 3029 iudicantium
777 2979 809 3030 et
828 2971 1120 3050 recognoscentium
1144 2972 1257 3031 nullam
1285 2970 1533 3031 interessentiam
1557 2970 1653 3030 invol-

377 3075 487 3147 vendo,
503 3094 559 3153 pro
575 3077 679 3137 valido
691 3086 723 3135 et
738 3078 903 3137 sufficienti
919 3078 1058 3157 agnosci,
1074 3078 1123 3137 cui
1138 3079 1290 3157 siquidem
1315 3079 1397 3138 aliud
1410 3078 1503 3138 etiam
1521 3082 1651 3138 examen

374 3182 521 3241 torturale
539 3183 611 3242 Nr0.
630 3182 657 3244 4.
676 3193 824 3258 notatum,
847 3186 1018 3265 aequaliter
1034 3186 1064 3245 in
1082 3187 1256 3246 substantia
1271 3188 1432 3261 coincidet,
1449 3206 1549 3266 neque
1564 3186 1594 3246 in
1612 3178 1651 3246 si-

374 3289 491 3348 milium
503 3292 693 3349 occultorum
703 3291 884 3351 delictorum
894 3292 1100 3363 sufficientem
1113 3295 1323 3374 cognitionem
1337 3314 1427 3355 secus
1438 3294 1535 3354 veniri
1545 3295 1651 3372 possit,

373 3396 485 3455 nisiex
509 3397 712 3458 fundamento
732 3398 839 3459 talium
857 3399 1030 3459 fassionum
1047 3401 1142 3461 etiam
1158 3412 1255 3461 morte
1274 3402 1563 3475 authenticatarum,
1579 3402 1650 3462 ideo

372 3522 409 3562 ex
431 3506 552 3565 ratione
569 3508 811 3585 praemissorum
835 3510 1067 3585 productorum,
1084 3519 1114 3569 et
1131 3512 1286 3589 gravitate
1306 3511 1533 3571 actionatorum
1557 3512 1648 3571 delic-

370 3619 481 3684 torum,
505 3612 683 3692 ibidemque
707 3615 882 3691 postulatae
907 3634 962 3692 per
986 3604 1219 3693 procuratorem
1249 3619 1386 3679 fiscalem
1410 3618 1569 3678 torturalis
1594 3619 1647 3679 ad·

369 3717 565 3780 iudicationis
589 3722 781 3797 praedictam
811 3722 843 3781 in
875 3742 1004 3782 causam
1029 3734 1192 3785 attractam
1225 3727 1381 3786 communi
1413 3735 1485 3786 voto
1509 3726 1647 3786 omnium

367 3832 506 3887 torturae
531 3828 711 3904 adiudicari,
733 3847 797 3909 qua
820 3838 948 3907 peracta
973 3832 1066 3891 finale
1089 3832 1203 3892 feretur
1228 3835 1384 3895 iudicium.

474 3936 534 3995 Pro
557 3935 588 3996 in
611 3955 740 3997 causam
755 3946 887 3997 attracta
904 3947 1093 4016 protestatur
1117 3961 1210 4020 super
1233 3942 1395 4002 iudiciaria
1419 3940 1641 4005 deliberatione

367 4050 398 4100 et
430 4042 557 4102 ulterius
593 4044 624 4103 in
664 4064 722 4103 sua
760 4044 840 4104 serie
881 4047 1047 4107 occasione
1087 4050 1262 4126 praesentis
1296 4069 1462 4128 processus
1492 4048 1642 4126 reservat,

335 4188 340 4197 -
365 4168 427 4227 quo
450 4150 542 4211 lacto.

471 4259 535 4331 Pro,
555 4258 726 4320 Catharina
752 4262 937 4343 Brigleuich,
954 4265 1084 4345 Georgii
1108 4266 1326 4326 Verchlrouich
1351 4276 1504 4341 consorte,
1528 4285 1640 4345 procu·

363 4374 447 4424 rator
477 4367 560 4426 idem
589 4369 641 4445 qui
675 4389 777 4447 supra,
811 4392 881 4430 cum
914 4374 1137 4452 protestatione
1170 4373 1299 4452 reponit,
1323 4376 1448 4435 tametsi
1473 4376 1583 4435 eadem
1608 4376 1638 4433 in

362 4492 490 4532 causam
514 4476 647 4535 attracta
663 4478 999 4556 magiaepraetensive
1024 4480 1208 4555 insimulata,
1233 4483 1262 4541 in
1288 4483 1334 4540 ius
1358 4490 1558 4559 praetensum
1584 4502 1636 4541 vo·

362 4588 432 4639 cata
462 4590 554 4656 esset,
588 4584 673 4659 quod
700 4593 804 4643 tamen
840 4587 922 4645 nullo
955 4607 1050 4647 onere
1082 4588 1217 4648 iudiciali
1250 4591 1376 4667 gravari
1408 4590 1514 4667 possit,
1547 4590 1638 4649 docet

361 4688 563 4765 sequentibus
603 4689 793 4751 rationibus:
830 4694 930 4771 primo
969 4696 1104 4774 quidem,
1139 4698 1223 4775 quod
1255 4698 1466 4777 Magdalenae
1503 4698 1636 4779 Hagyclr

359 4814 492 4855 examen
525 4799 671 4858 torturale
704 4800 794 4860 unius
826 4810 858 4861 et
888 4804 1055 4884 singularis
1088 4824 1241 4883 personae
1274 4816 1366 4883 esset,
1391 4816 1421 4866 et
1445 4808 1474 4865 in
1500 4807 1636 4867 rationes

360 4904 398 4961 de
432 4903 595 4967 sufficienti
626 4906 803 4968 testimonio
834 4911 982 4971 nullitatis
1018 4915 1160 4987 caderet3
1196 4916 1334 4975 secundo
1370 4915 1452 4975 idem
1487 4918 1635 4975 torturale

360 5029 492 5070 examen
516 5012 618 5089 posito
643 5032 698 5091 per
721 5016 939 5078 inconcessum
971 5020 1091 5079 admitti
1115 5021 1251 5095 deberet,
1275 5022 1348 5099 quia
1371 5032 1476 5083 tamen
1501 5024 1572 5083 illud
1597 5042 1634 5083 ac
