3934 5550
1505 445 1571 531 577

286 685 395 746 militet
426 686 646 758 instrumentis,
679 706 749 745 curn
785 687 868 745 clare
896 685 1085 745 contrarium
1110 704 1147 744 ex
1172 685 1331 764 productis
1357 685 1414 745 sub
1439 686 1511 745 Nro.
1537 688 1565 747 3.

287 804 317 853 et
342 796 370 856 4.
395 795 583 854 contrarium
600 803 759 873 appareat,
784 804 815 854 et
839 795 1003 853 manileste
1028 794 1139 853 exinde
1164 795 1270 853 videre
1295 795 1334 854 sit
1358 794 1565 854 Catharinam

286 903 515 961 Musekoukam
548 910 578 960 et
609 902 787 978 Barbaram¹
810 902 1043 977 Gyumlynkam
1067 909 1176 960 contra
1209 902 1342 972 eandem
1373 900 1403 960 in
1435 920 1564 961 causam

285 1018 449 1068 attractam
475 1009 575 1068 fassas
590 1009 695 1082 luisse,
719 1018 750 1068 et
774 1009 841 1068 illas
866 1009 1034 1083 revelasse,
1058 1029 1154 1087 quare
1179 1028 1241 1068 non
1265 1008 1453 1070 subsistente
1478 1009 1558 1069 eius·

283 1117 355 1176 dem
380 1117 511 1195 simplici
542 1117 692 1196 negativa
724 1117 755 1175 in
779 1116 995 1176 conformitate
1027 1124 1228 1195 praeerectae
1263 1116 1393 1176 actionis
1425 1116 1503 1195 petit
1528 1124 1562 1175 ut

282 1244 378 1303 supra
401 1225 557 1286 iudicium.

391 1334 578 1392 Procurator
588 1333 628 1410 ,in
648 1351 777 1392 causam
798 1340 949 1392 attractae
968 1333 1171 1411 protestando
1191 1333 1312 1411 reponit
1328 1331 1477 1410 imprimis
1493 1351 1563 1410 pro·

283 1441 409 1500 ductum
434 1442 491 1500 sub
516 1459 647 1500 numero
670 1441 760 1500 tertio
792 1459 862 1500 esse
886 1441 1043 1518 quoddam
1069 1440 1198 1518 simplex
1223 1448 1254 1500 et
1277 1440 1361 1499 omni
1386 1440 1564 1500 authentica

282 1549 508 1626 subscriptione
533 1567 652 1621 carena,
676 1556 816 1607 notatum
840 1547 1002 1607 cuiusdam
1019 1567 1172 1626 personae
1194 1548 1224 1606 in
1248 1555 1366 1606 tortura
1391 1547 1562 1621 existentiS,

282 1658 453 1716 nesciretur
482 1664 589 1716 tamen
617 1657 705 1715 cuius
736 1657 909 1715 secundum
934 1674 1008 1715 vero
1033 1656 1123 1714 unius
1148 1664 1179 1715 et
1202 1655 1369 1736 singularis
1399 1674 1564 1748 personae,

280 1784 360 1843 quae
392 1765 482 1824 facile
507 1765 614 1824 dolore
646 1773 700 1823 aut
723 1765 852 1823 horrore
868 1772 1017 1837 torturae,
1042 1765 1067 1824 si
1090 1784 1107 1823 e
1133 1765 1226 1823 etiam
1251 1765 1323 1824 odio
1346 1763 1468 1824 vicinae
1491 1783 1562 1842 per-¹

282 1891 379 1932 sonae
393 1872 484 1932 fateri
506 1873 605 1951 potuit
618 1870 740 1931 veritati
756 1873 857 1931 minus
882 1890 1029 1944 consona,
1054 1873 1110 1933 sed
1134 1881 1165 1931 et
1188 1872 1452 1951 quemadmodum
1469 1871 1560 1930 unius

284 1989 313 2038 et
338 1978 505 2059 singularis
529 1998 683 2057 personae
707 1979 918 2039 testimonium
943 1980 1093 2039 evaderet
1117 1981 1242 2052 nullum,
1267 1987 1300 2038 et
1320 1997 1378 2038 nec
1396 1979 1562 2039 adsedem

283 2088 407 2164 plenam
440 2087 542 2146 minus
567 2089 607 2146 ad
631 2088 836 2147 sufficientem
860 2088 992 2165 probam
1017 2087 1181 2162 sufficeret,
1206 2087 1277 2147 ideo
1301 2087 1424 2146 reiectis
1447 2086 1560 2147 iisdem

279 2195 453 2272 praetensis
470 2195 664 2268 testimoniis,
688 2204 719 2254 et
743 2197 855 2255 edocta
883 2204 1142 2275 praeassumptas
1174 2196 1292 2272 probae
1316 2195 1454 2254 nullitate
1483 2195 1560 2272 petit
1619 2244 1621 2248 .

280 2301 323 2360 uti
348 2321 450 2386 supra.

386 2411 449 2470 Pro
482 2420 587 2470 actore
619 2410 769 2490 imprimis
801 2411 922 2489 reponit
950 2411 1025 2472 clari
1057 2411 1132 2472 iuris
1164 2430 1234 2471 esse
1262 2413 1481 2492 magistratum
1504 2427 1574 2489 pus

277 2517 392 2577 blicum
416 2519 455 2577 ad
479 2519 595 2597 probas
625 2519 751 2601 proprie
776 2519 821 2578 sic
845 2520 945 2579 dictas
977 2538 1040 2578 non
1064 2519 1210 2598 obligari,
1238 2526 1269 2579 et
1292 2519 1363 2578 binc
1387 2518 1559 2596 praemissa

278 2626 440 2686 torturalia
471 2627 616 2687 examina
644 2627 761 2686 nonin
786 2626 847 2686 vim
871 2627 989 2704 probae
1015 2627 1071 2686 sed
1094 2626 1237 2705 praecise
1260 2646 1317 2705 pro
1341 2626 1558 2686 informatione

279 2735 412 2812 inclytae
446 2735 530 2795 sedis
559 2736 711 2815 producta
742 2743 856 2811 essent,
881 2734 1004 2795 interim
1032 2743 1251 2815 praeterquam
1275 2734 1359 2814 quod
1383 2753 1420 2795 ex
1444 2733 1555 2794 iisdem

275 2843 479 2911 torturalibus'
506 2843 693 2904 fassionibus
736 2852 860 2904 erectae
904 2844 1036 2903 actionis
1068 2844 1364 2903 sufficientissimum
1401 2852 1552 2922 appareat

274 2952 517 3021 tundamentum,
549 2953 644 3011 etiam
673 2971 742 3010 cum
767 2971 920 3011 concursu
946 2952 1088 3029 publicae
1113 2951 1215 3011 famae
1240 2960 1272 3009 et
1295 2951 1488 3028 suspicionis,
1516 2959 1546 3009 et

276 3058 386 3117 exinde
422 3060 657 3136 promanandae
692 3059 903 3119 validissimae
938 3060 1200 3146 praesumptionis
1225 3060 1350 3119 ‘eadem
1390 3060 1550 3119 torturalia

274 3166 418 3225 examina
442 3168 511 3244 plus
534 3186 629 3245 quam
645 3167 849 3245 semiplenam
870 3169 932 3226 imo
949 3176 981 3226 et
995 3167 1201 3227 sufficientem
1226 3167 1386 3227 efficerent
1408 3168 1554 3245 probam,

274 3292 331 3332 nec
354 3274 466 3347 obstat,
495 3275 579 3352 quod
610 3275 648 3333 ab
681 3275 815 3334 adverso
846 3271 921 3335 Nm.
945 3272 964 3333 3
990 3282 1130 3333 notatum
1155 3275 1285 3352 simplex
1310 3282 1341 3334 et
1365 3274 1549 3334 deffectibus

273 3374 312 3439 ab
337 3382 470 3440 aduerso
494 3382 690 3459 praetensive
715 3383 859 3461 allegatis
883 3390 1008 3441 scatens
1025 3382 1147 3441 dicatur
1171 3400 1241 3442 esse
1266 3382 1423 3461 scriptum,
1441 3390 1550 3441 contra

272 3490 331 3548 hoc
365 3509 500 3568 namque
534 3490 666 3549 militant
696 3491 894 3569 sequentiat-
909 3491 1018 3569 primo,
1052 3492 1135 3569 quod
1168 3490 1306 3567 pluribus
1338 3490 1467 3549 huiusce
1504 3490 1548 3549 in·

274 3596 364 3655 clitae
397 3597 481 3656 sedis
513 3597 732 3657 commembris
760 3606 882 3657 constet
905 3598 988 3657 idem
1013 3598 1252 3657 instrumentum
1276 3617 1369 3657 manu
1394 3597 1546 3675 Stephani

272 3703 506 3779 Domittrouich,
530 3705 659 3765 huiusce
683 3704 796 3783 Campi
820 3706 893 3765 olim
916 3706 1016 3780 iurati,
1041 3714 1071 3765 et
1095 3705 1127 3764 in
1151 3706 1293 3765 examine
1318 3704 1549 3783 suprascriptae
1590 3691 1595 3700 ¹

273 3812 431 3871 Barbarae
463 3812 671 3888 Gyumlinkae
695 3814 734 3871 de
759 3814 834 3871 sede
859 3812 993 3885 exmissi,
1019 3814 1165 3891 adeoque
1186 3832 1224 3872 ex
1248 3812 1351 3872 officio
1375 3812 1549 3890 praesentis

272 3918 448 3978 confectum
479 3920 534 3993 sit;
568 3920 715 3996 secunde,
748 3920 822 3998 quia
852 3920 935 3979 idem
963 3920 1203 3980 instrumentum
1227 3920 1306 3979 inter
1332 3926 1402 3979 acta
1426 3918 1550 3996 publica

271 4025 399 4085 huiusce
430 4026 543 4105 Campi
575 4028 753 4106 repositum,
789 4036 820 4086 et
854 4026 969 4087 ibidem
1005 4028 1165 4106 hucusque
1198 4035 1394 4087 asservatum
1429 4025 1551 4099 fuisset,

270 4134 412 4212 adeoque
434 4154 496 4194 non
520 4135 672 4208 obstante,
696 4134 779 4212 quod
803 4135 1010 4213 subscriptum
1035 4154 1090 4212 per
1113 4132 1458 4193 inanimadvertentiam
1486 4152 1548 4191 non

270 4240 319 4314 sit,
348 4261 404 4301 suo
429 4243 539 4301 robore
572 4242 641 4301 exui
674 4261 736 4301 non
768 4250 882 4319 posset,
913 4261 974 4321 quo
1008 4261 1083 4301 vero
1108 4243 1148 4301 ad
1172 4242 1249 4301 alias
1277 4260 1314 4300 ex
1344 4241 1546 4315 fundamento

270 4349 385 4408 tenoris
417 4358 447 4408 et
483 4350 613 4409 aliarum
646 4367 740 4428 supra
770 4349 969 4428 praetensive
1003 4350 1208 4430 allegatarum
1241 4348 1543 4417 circumstantiarum

270 4456 405 4515 rationes
430 4458 561 4517 eaedem
577 4458 603 4516 si
615 4457 773 4535 quidpiam
798 4457 922 4534 operari
936 4458 1085 4527 valerent,
1104 4456 1268 4516 manifeste
1284 4456 1441 4535 sequellae
1459 4462 1544 4513 esset

268 4566 385 4625 nidlam
408 4565 560 4625 eiusmodi
585 4564 766 4623 torturalem
798 4564 967 4623 tassionem
992 4564 1150 4643 quidpiam
1176 4564 1299 4642 operari
1323 4564 1437 4635 valere,
1461 4563 1546 4641 quod

269 4674 431 4732 manifeste
455 4674 641 4732 observatae
666 4673 698 4731 in
722 4672 873 4731 similibus
897 4672 986 4749 praxi
1011 4672 1201 4749 processuali
1226 4679 1256 4731 et
1280 4670 1432 4729 criminali
1456 4688 1546 4747 repu-

267 4788 387 4856 gnaret,
419 4800 515 4859 quare
547 4780 662 4839 reiecta
694 4779 903 4859 procuratoris
928 4780 958 4837 in
982 4797 1110 4837 causam
1145 4786 1297 4839 attractae
1327 4778 1443 4857 replica
1467 4777 1545 4854 petit

268 4896 302 4946 ut
326 4907 431 4966 supra.
