3934 5550
403 850 495 909 Anno
523 845 616 909 1735.
640 844 692 911 28.
715 848 798 909 maii.

403 1046 519 1107 Comes
543 1047 694 1126 Iosephus
717 1046 919 1123 Esztcrhazy,
941 1047 1053 1119 banus,
1077 1046 1182 1106 comiti
1212 1048 1351 1107 terrestri
1375 1048 1488 1127 Campi
1512 1050 1575 1108 Tu·

297 1156 427 1234 ropolya
450 1155 622 1232 committit,
645 1165 679 1215 ut
702 1155 752 1215 die
776 1153 806 1217 8.
830 1155 904 1215 iunii
927 1155 1006 1215 hora
1029 1156 1190 1227 matutina,
1214 1175 1285 1215 cum
1304 1156 1413 1217 iuratis
1437 1176 1576 1217 assesso·

297 1262 391 1337 ribuS,
414 1264 544 1337 notario,
568 1263 741 1341 capitane0,
766 1272 796 1322 et
820 1282 857 1323 ex
882 1262 1007 1343 singulo
1030 1282 1115 1343 pago
1138 1263 1218 1324 binis
1242 1264 1462 1326 commembris
1485 1264 1576 1323 isthic

298 1372 498 1451 (Zagrabiae)
524 1381 706 1451 compareat
732 1381 785 1431 »ut
808 1370 997 1431 salutaribus
1019 1371 1242 1432 intentionibus
1258 1372 1372 1432 nostris
1387 1372 1499 1433 iisdem
1522 1374 1575 1431 de-

298 1480 431 1554 claratis
455 1479 611 1539 communi
636 1478 764 1539 consilio
788 1498 835 1555 ea,
859 1498 940 1557 quae
964 1478 1069 1538 futura
1093 1480 1289 1553 arbitramur,
1312 1480 1379 1559 pari
1403 1500 1466 1559 quo
1495 1500 1575 1559 opus

297 1586 396 1646 isthoc
428 1586 613 1665 suscipimus
645 1585 839 1647 solicitudine
871 1596 902 1645 ct
933 1585 1089 1646 desiderio
1121 1606 1191 1646 cum
1223 1586 1437 1647 satisfactione
1469 1598 1576 1647 nostra

298 1702 329 1753 et
352 1713 507 1755 consensu
531 1693 559 1755 d.
585 1713 612 1755 v.
636 1702 788 1773 oportune
814 1694 979 1773 disponere
1005 1694 1199 1754 valeamus«.

402 1834 556 1905 Originalis
574 1835 733 1903 conceptio.
754 1836 784 1888 ln
804 1835 918 1889 archivo
944 1850 1055 1905 regnor.
1082 1834 1122 1900 C.‚
1149 1835 1177 1889 S.
1197 1842 1228 1888 et
1245 1835 1278 1888 D.
1308 1836 1475 1905 Zagrabiau:
1504 1836 1577 1889 Acta

295 1924 407 1979 banalia
428 1941 452 1979 a.
473 1924 551 1979 1735.
570 1924 621 1979 No.
642 1926 666 1977 7.

405 2410 497 2470 Anno
525 2407 618 2470 1735.
642 2406 693 2471 31.
718 2409 801 2471 maii.
824 2410 987 2471 Goriczae.

406 2606 625 2667 Communitas
649 2606 719 2666 nob.
743 2604 857 2685 Campi
879 2606 1104 2686 Zagrabiensis
1128 2605 1213 2666 iuxta
1237 2605 1477 2668 insinuationem
1505 2609 1578 2669 bani

299 2716 327 2777 d.
352 2716 380 2777 d.
405 2715 582 2796 Zagrabiae
607 2712 658 2776 27.
682 2714 764 2790 maii,
787 2714 819 2775 iu
843 2714 937 2776 domo
969 2714 1174 2776 consistoriali
1209 2715 1391 2776 Goriczensi
1415 2717 1578 2788 concludit,

300 2831 333 2884 ut
356 2823 442 2884 iuxta
466 2823 638 2904 gratiosam
663 2843 739 2883 suae
764 2823 869 2883 excell.
893 2823 1015 2883 banalis
1039 2824 1145 2883 datam
1169 2823 1364 2884 litteratenus
1385 2822 1577 2884 commissio-

297 2950 377 3006 nem,
394 2950 451 3010 pro
469 2933 607 3009 praefixo
623 2930 763 3004 termin0‚
788 2930 838 2990 die
863 2939 894 2990 et
917 2930 1003 3002 hora,
1019 2930 1210 3009 Zagrabiam
1225 2929 1370 2992 dominus
1385 2950 1491 2991 comes
1509 2938 1580 2992 terr.

299 3058 364 3098 una
395 3059 465 3098 cum
497 3038 631 3098 dominis
665 3039 886 3114 assessoribus,
918 3038 1095 3117 quicunque
1126 3037 1272 3098 videlicet
1295 3039 1502 3099 sufficientem
1526 3040 1579 3098 ab·

300 3147 422 3206 sentiae
447 3165 574 3207 causam
608 3166 672 3206 non
695 3145 868 3220 habuerint,
893 3164 963 3205 cum
988 3147 1162 3224 capitane0,
1185 3146 1272 3222 fisco,
1295 3165 1511 3226 pagorumque
1535 3146 1579 3206 iu-

300 3253 429 3327 dicibus,
454 3263 507 3312 aut
538 3271 614 3312 vero
645 3253 685 3312 de
719 3250 857 3332 quolibet
879 3271 964 3332 pago
988 3253 1068 3312 binis
1098 3253 1138 3312 ad
1161 3252 1193 3312 id
1227 3252 1348 3313 idoneis
1384 3253 1423 3313 de
1458 3253 1580 3332 gremio

301 3361 348 3420 sui
374 3360 571 3420 ermittendis
595 3359 746 3439 personis,
770 3378 805 3420 se
828 3359 1043 3419 incunctanter
1067 3359 1186 3436 sistant,
1202 3359 1380 3439 ibidemque
1399 3360 1482 3420 lacta
1501 3379 1577 3420 suae

256 3536 261 3548 Ι
301 3469 408 3529 excell.
431 3469 534 3529 banali
559 3469 665 3528 debita
689 3467 872 3540 reverentia,
897 3466 1008 3527 iuriurn
1033 3487 1161 3527 suorum
1185 3477 1215 3527 et
1239 3467 1472 3548 privilegiorum
1505 3487 1578 3527 con-

300 3575 510 3636 servationem
545 3583 576 3634 et
610 3575 834 3653 protectionem
871 3576 1099 3648 commendent,
1131 3583 1283 3653 quantum
1318 3594 1374 3652 pro
1407 3573 1577 3634 communi·

299 3683 372 3744 tatis
397 3683 489 3742 huius
512 3682 605 3758 bonu,
631 3683 849 3762 communique
870 3682 1081 3761 tranquilitate
1106 3691 1137 3741 et
1160 3683 1293 3742 comodo
1308 3681 1525 3761 expedientius
1549 3689 1580 3743 et

301 3791 407 3852 utilius
431 3791 619 3864 iudicabunt,
644 3789 762 3869 absque
795 3790 994 3850 nihilominus
1017 3789 1127 3849 iurium
1163 3797 1195 3849 et
1223 3788 1370 3850 laudabili
1404 3809 1474 3849 cum
1507 3809 1579 3849 con·

302 3899 500 3960 svetudinum
525 3898 616 3958 huius
640 3897 752 3976 Campi
776 3898 922 3976 quopiam
954 3895 1146 3975 praeiudicio
1178 3915 1249 3957 sese
1274 3895 1482 3956 accomodare
1515 3904 1579 3954 stu·

301 4008 404 4083 deant,
428 4008 592 4084 taliterque
624 4005 739 4066 ibidem
763 4012 834 4065 acta
858 4014 888 4064 et
913 4006 997 4064 iacta
1019 4004 1075 4063 toti
1108 4004 1324 4065 communitati
1355 4013 1505 4084 quantum
1538 4003 1579 4064 ci-

302 4115 364 4174 tius
386 4115 501 4194 poterit
523 4114 671 4174 refferant
695 4120 725 4172 et
749 4120 993 4191 repraesentent.

407 4258 478 4310 Acta
497 4253 756 4326 congregationalia
776 4253 841 4306 fasc.
861 4253 903 4305 49.
925 4252 959 4320 (a.
983 4252 1080 4320 libb).
1100 4254 1131 4306 ln
1151 4252 1265 4306 archivo
1284 4268 1425 4306 commun.
1455 4251 1520 4304 nob.
1542 4251 1579 4303 de

301 4346 461 4415 Turopolje.
