3934 5550
1496 417 1539 481 61*

254 642 400 703 ridionali
432 641 546 701 fluvius
570 642 771 718 Lompnycza
795 647 936 715 vocatus,
963 658 982 699 a
1006 638 1251 719 septemtrionali
1289 638 1442 718 siquidem
1467 652 1537 713 par-

254 750 338 811 tibus
360 750 412 809 via
435 748 561 828 publica
583 748 716 808 tendens
740 764 851 812 versus
867 748 1110 825 Brezowyczam
1126 746 1287 819 vicinatur,
1304 764 1376 805 cum
1392 743 1536 805 omnibus

255 858 396 919 eiusdem
419 865 502 918 terre
531 854 640 916 usibus
663 864 694 915 et
716 854 983 916 fructuositatibus
1019 853 1182 929 universis,
1206 846 1356 913 annotato
1390 851 1536 913 Ladislao

256 964 498 1041 Bwlrowachlry,
530 963 733 1042 eiusdemque
771 962 938 1022 heredibus
978 969 1009 1021 et
1040 960 1273 1041 posteritatibus
1313 960 1467 1021 universis
1504 960 1535 1019 in

255 1080 441 1152 perpetuum
464 1071 633 1145 dedissent,
657 1071 830 1131 donassent
853 1078 885 1131 et
908 1070 1134 1149 ascripsissent.
1170 1070 1196 1129 E
1221 1087 1373 1129 converso
1397 1068 1537 1147 prelatus

255 1180 420 1241 Ladislaus
444 1179 679 1257 Bwlrowachlry
703 1180 734 1239 in
758 1197 985 1257 reconpensam
1007 1178 1240 1257 premissorum,
1256 1178 1436 1256 'porcionem
1452 1186 1534 1237 terre

253 1308 310 1349 sue
334 1284 459 1349 curialis
481 1287 678 1363 hereditarie,
703 1288 966 1367 Bregodemycza
989 1295 1110 1359 vocata,
1136 1286 1275 1347 similiter
1298 1300 1394 1346 unum
1418 1284 1535 1345 bonurn

252 1398 343 1478 iuger
373 1404 456 1457 terre
488 1397 520 1456 in
552 1416 587 1456 se
619 1395 840 1468 continentem,
872 1395 921 1455 cui
953 1395 993 1454 ab
1025 1398 1144 1455 oriente
1168 1402 1251 1454 terra
1276 1386 1401 1454 arabilis
1424 1391 1540 1453 nobilis

252 1504 376 1566 domine
400 1503 572 1565 Catherine
594 1502 702 1563 relicte
725 1503 861 1562 condam
884 1501 996 1562 nobilis
1020 1501 1147 1562 Martini
1171 1494 1337 1579 Volarych,
1362 1520 1381 1561 a
1403 1500 1533 1561 meridie

250 1614 302 1673 via
323 1607 449 1691 publica
474 1612 608 1671 tendens
631 1628 742 1671 versus
765 1611 1009 1688 Lompnyczam,
1034 1611 1073 1669 ab
1098 1609 1261 1670 occidente
1285 1609 1425 1669 similiter
1447 1616 1533 1668 terra

250 1719 379 1782 arabilis
401 1718 514 1779 nobilis
537 1718 663 1779 domine
694 1719 792 1779 Elene
815 1716 1015 1794 Vythlrowke
1039 1717 1130 1789 dicte,
1166 1736 1184 1777 a
1210 1716 1454 1795 septemtrionali
1486 1716 1540 1775 liu·

251 1829 320 1889 vius
343 1826 432 1887 Odra
454 1834 586 1887 vocatus
609 1826 807 1899 vicinaretur,
839 1826 967 1887 omnino
991 1824 1022 1885 in
1045 1825 1212 1885 territorio
1246 1824 1454 1904 possessionis
1485 1824 1542 1883 Su-

251 1934 364 2016 periori
395 1936 604 2013 Lompnycza,
637 1932 761 2013 Campo
791 1942 823 1995 et
853 1934 1002 1995 comitatu
1038 1933 1246 2015 Zagtabiensi
1287 1933 1472 1993 existentem
1511 1940 1542 1991 et

251 2043 399 2117 habitam,
422 2043 529 2122 quoad
551 2042 731 2121 porcionem
761 2060 851 2103 suam
875 2041 1048 2115 cedentem,
1082 2040 1210 2120 prelatis
1235 2040 1383 2121 Georglo,
1431 2038 1545 2099 loanni

253 2151 359 2213 Blasio
382 2160 414 2212 et
437 2149 595 2211 Anthonio
618 2149 846 2227 Kokotowycb,
859 2166 1031 2229 eorumque
1051 2149 1219 2209 heredibus
1245 2156 1278 2209 et
1301 2147 1535 2228 posteritatibus

256 2260 418 2333 universis,
442 2258 509 2319 iure
532 2266 684 2337 perpetuo
701 2267 732 2319 et
750 2256 995 2318 irrevocabiliter
1019 2257 1165 2332 dedisset,
1190 2258 1340 2317 donasset
1363 2264 1394 2316 et
1418 2255 1533 2333 ascrip-

256 2368 357 2442 sisset,
381 2374 475 2446 etque
499 2366 754 2427 concambialiter
775 2372 994 2444 permutasset.
1018 2361 1117 2425 Immo
1141 2366 1305 2438 dederunt,
1331 2366 1485 2424 donarunt
1509 2370 1540 2421 et

256 2475 475 2555 ascripserrmt,
498 2480 592 2553 atque
616 2473 869 2534 concambialiter
891 2480 1108 2553 permutarunt
1131 2490 1237 2533 coram
1261 2472 1360 2547 nobis,
1384 2486 1440 2550 per
1465 2488 1534 2531 eas·

257 2586 329 2645 dem
354 2591 469 2662 partes,
498 2582 694 2663 heredesque
726 2589 758 2642 et
788 2582 989 2660 posteritates
1019 2580 1158 2659 ipsorum
1189 2580 1362 2653 universos,
1400 2577 1539 2639 similiter

255 2694 323 2753 iure
352 2698 504 2771 perpetuo
535 2698 566 2751 et
596 2690 841 2751 irrevocabiliter
871 2690 1050 2761 tenendam,
1081 2688 1322 2768 possidendam,
1356 2687 1473 2767 pariter
1510 2693 1541 2746 et

256 2801 442 2875 habendam,
466 2801 578 2860 harum
605 2807 782 2859 nostrarum
807 2799 918 2879 vigore
941 2806 973 2859 et
996 2798 1175 2859 testimonio
1189 2797 1349 2858 literarum
1372 2796 1538 2857 mediante.

257 2911 372 2969 Datum
394 2908 427 2968 iu
449 2907 527 2968 Also
558 2908 767 2985 Lompnycza
790 2905 823 2966 in
845 2906 927 2966 festo
949 2905 1153 2966 exaltacionis
1177 2912 1285 2965 sancte
1308 2903 1429 2979 Crucis,
1455 2921 1538 2962 anno

256 3017 373 3079 domini
394 3015 559 3077 millesimo
582 3014 834 3095 quingentesimo
858 3013 1076 3094 octuagesimo
1099 3020 1220 3092 quarto.

361 3157 509 3230 Originale
537 3159 761 3224 membraneum,
789 3157 898 3211 sericea
925 3173 997 3210 aona
1024 3154 1123 3208 viridis
1148 3157 1178 3208 et
1205 3155 1290 3208 rubra
1316 3151 1424 3223 absque
1444 3152 1537 3224 sigillo

256 3249 409 3318 appendet
427 3249 459 3302 ln
478 3248 593 3302 archivo
611 3263 689 3318 regn.
708 3243 739 3302 C
758 3245 786 3302 S.
806 3253 836 3301 et
854 3247 888 3301 D.
908 3246 1072 3318 Zagrabiae.

364 3771 458 3832 Anno
486 3768 578 3832 1585.
602 3767 654 3830 29.
678 3768 866 3830 novembris.
890 3769 924 3827 ln
950 3767 1117 3844 Hrelychy.

305 3965 561 4031 Testamentum
584 3961 778 4029 Dorothaae
801 3959 1093 4047 Mernyowchych,
1116 3959 1288 4025 consortis
1311 3958 1494 4023 Francisci

749 4066 1043 4154 Ghoworkowych.

366 4293 400 4352 ln
423 4291 549 4351 nomine
573 4289 789 4350 sanctissimae
813 4296 845 4348 et
868 4286 1047 4347 individuae
1071 4286 1225 4361 trinitatis,
1248 4285 1345 4363 patris
1370 4293 1401 4343 et
1423 4283 1476 4343 filii
1508 4291 1539 4343 et

260 4401 387 4481 spiritus
409 4399 518 4460 sancti.

366 4509 436 4589 Ego
467 4506 629 4567 Dorothea
660 4505 926 4582 Mernyawchych
958 4503 1021 4564 lilia
1054 4501 1175 4582 egregii
1198 4501 1356 4580 quondam
1381 4499 1540 4560 Francisci

262 4617 350 4678 aliter
379 4617 504 4692 Franye
526 4612 793 4690 Memyawchych
824 4611 906 4683 dicti,
929 4629 1059 4670 consors
1083 4629 1158 4669 vero
1181 4608 1335 4686 legittima
1358 4607 1468 4666 nobilis
1492 4606 1538 4666 iti-

261 4725 333 4785 dem
356 4723 483 4783 alterius
505 4721 664 4781 Francisci
687 4719 960 4795 Ghoworkowych
990 4719 1029 4778 de
1055 4718 1214 4792 Radonya,
1231 4715 1302 4774 licet
1327 4715 1374 4774 sui
1398 4713 1537 4792 corporis

262 4830 373 4892 debilis
394 4839 426 4891 et
449 4830 580 4903 infirma,
603 4830 708 4888 mente
736 4835 842 4887 tamen
866 4845 922 4904 per
945 4825 1052 4885 omnia
1075 4825 1155 4885 bene
1179 4843 1258 4883 sana
1283 4831 1314 4882 et
1338 4840 1466 4900 compos
1490 4839 1538 4880 ra·

263 4938 355 5000 tionis
386 4957 488 5012 meae,
510 4937 572 4997 tale
603 4936 684 4995 iacio
715 4954 819 4995 meum
844 4934 986 4994 ultimum
1017 4941 1048 4992 et
1080 4931 1282 4992 irrevocabile
1306 4937 1537 4989 testamentum.
