<?xml version="1.0" encoding="UTF-8"?>
<!DOCTYPE html PUBLIC "-//W3C//DTD XHTML 1.0 Transitional//EN"
    "http://www.w3.org/TR/xhtml1/DTD/xhtml1-transitional.dtd">
<html xmlns="http://www.w3.org/1999/xhtml" xml:lang="en" lang="en">
 <head>
  <title>
</title>
<meta http-equiv="Content-Type" content="text/html;charset=utf-8" />
  <meta name='ocr-system' content='tesseract 3.04.00' />
  <meta name='ocr-capabilities' content='ocr_page ocr_carea ocr_par ocr_line ocrx_word'/>
</head>
<body>
  <div class='ocr_page' id='page_1' title='image "./povjesnispomeni00laszgoog_0384.png"; bbox 0 0 3934 5550; ppageno 0'>
   <div class='ocr_carea' id='block_1_1' title="bbox 1504 461 1564 526">
    <p class='ocr_par' dir='ltr' id='par_1_1' title="bbox 1504 461 1564 526">
     <span class='ocr_line' id='line_1_1' title="bbox 1504 461 1564 526; baseline -0.033 0"><span class='ocrx_word' id='word_1_1' title='bbox 1504 461 1564 526; x_wconf 76' lang='lat'><strong>³51</strong></span> 
     </span>
    </p>
   </div>
   <div class='ocr_carea' id='block_1_2' title="bbox 285 678 1569 757">
    <p class='ocr_par' dir='ltr' id='par_1_2' title="bbox 285 678 1569 757">
     <span class='ocr_line' id='line_1_2' title="bbox 285 678 1569 757; baseline 0 -19"><span class='ocrx_word' id='word_1_2' title='bbox 285 679 311 738; x_wconf 88' lang='lat' dir='ltr'><strong>si</strong></span> <span class='ocrx_word' id='word_1_3' title='bbox 329 678 461 738; x_wconf 88' lang='lat' dir='ltr'><strong>voluerit</strong></span> <span class='ocrx_word' id='word_1_4' title='bbox 478 697 592 739; x_wconf 84' lang='lat' dir='ltr'><strong>novam</strong></span> <span class='ocrx_word' id='word_1_5' title='bbox 611 687 778 751; x_wconf 79' lang='lat' dir='ltr'>exstruere,</span> <span class='ocrx_word' id='word_1_6' title='bbox 796 678 913 757; x_wconf 82' lang='lat' dir='ltr'>aliquot</span> <span class='ocrx_word' id='word_1_7' title='bbox 930 697 1011 738; x_wconf 87' lang='lat' dir='ltr'><strong>nova</strong></span> <span class='ocrx_word' id='word_1_8' title='bbox 1029 679 1141 738; x_wconf 86' lang='lat' dir='ltr'><strong>robora</strong></span> <span class='ocrx_word' id='word_1_9' title='bbox 1157 682 1258 739; x_wconf 81' lang='lat' dir='ltr'><strong>erdem</strong></span> <span class='ocrx_word' id='word_1_10' title='bbox 1276 689 1366 740; x_wconf 87' lang='lat' dir='ltr'><strong>erunt</strong></span> <span class='ocrx_word' id='word_1_11' title='bbox 1381 679 1569 752; x_wconf 87' lang='lat' dir='ltr'><strong>necessaria,</strong></span> 
     </span>
    </p>
   </div>
   <div class='ocr_carea' id='block_1_3' title="bbox 286 786 1570 1189">
    <p class='ocr_par' dir='ltr' id='par_1_3' title="bbox 286 786 1570 1189">
     <span class='ocr_line' id='line_1_3' title="bbox 287 786 1569 868; baseline 0.001 -22"><span class='ocrx_word' id='word_1_12' title='bbox 287 787 436 847; x_wconf 89' lang='lat' dir='ltr'><strong>horreum</strong></span> <span class='ocrx_word' id='word_1_13' title='bbox 460 786 620 865; x_wconf 87' lang='lat' dir='ltr'><strong>antiquum</strong></span> <span class='ocrx_word' id='word_1_14' title='bbox 645 787 761 846; x_wconf 91' lang='lat' dir='ltr'><strong>bouum</strong></span> <span class='ocrx_word' id='word_1_15' title='bbox 786 796 875 865; x_wconf 88' lang='lat' dir='ltr'><strong>porta</strong></span> <span class='ocrx_word' id='word_1_16' title='bbox 900 805 1026 860; x_wconf 85' lang='lat' dir='ltr'><strong>carens3</strong></span> <span class='ocrx_word' id='word_1_17' title='bbox 1051 787 1125 846; x_wconf 90' lang='lat' dir='ltr'><strong>item</strong></span> <span class='ocrx_word' id='word_1_18' title='bbox 1149 789 1243 848; x_wconf 87' lang='lat' dir='ltr'><strong>haras</strong></span> <span class='ocrx_word' id='word_1_19' title='bbox 1277 788 1480 868; x_wconf 87' lang='lat' dir='ltr'><strong>biangulares</strong></span> <span class='ocrx_word' id='word_1_20' title='bbox 1511 787 1569 847; x_wconf 89' lang='lat' dir='ltr'><strong>ba-</strong></span> 
     </span>
     <span class='ocr_line' id='line_1_4' title="bbox 289 893 1570 973; baseline 0 -19"><span class='ocrx_word' id='word_1_21' title='bbox 289 893 376 954; x_wconf 82' lang='lat' dir='ltr'>sibus</span> <span class='ocrx_word' id='word_1_22' title='bbox 419 893 611 973; x_wconf 89' lang='lat' dir='ltr'><strong>indigentes;</strong></span> <span class='ocrx_word' id='word_1_23' title='bbox 644 893 719 953; x_wconf 90' lang='lat' dir='ltr'><strong>item</strong></span> <span class='ocrx_word' id='word_1_24' title='bbox 754 912 896 953; x_wconf 86' lang='lat' dir='ltr'><strong>cameras</strong></span> <span class='ocrx_word' id='word_1_25' title='bbox 932 893 1031 952; x_wconf 90' lang='lat' dir='ltr'><strong>bonas</strong></span> <span class='ocrx_word' id='word_1_26' title='bbox 1065 893 1187 954; x_wconf 88' lang='lat' dir='ltr'><strong>duabus</strong></span> <span class='ocrx_word' id='word_1_27' title='bbox 1221 895 1373 954; x_wconf 86' lang='lat' dir='ltr'><strong>clausuris</strong></span> <span class='ocrx_word' id='word_1_28' title='bbox 1411 895 1570 973; x_wconf 88' lang='lat' dir='ltr'><strong>provisas;</strong></span> 
     </span>
     <span class='ocr_line' id='line_1_5' title="bbox 288 999 1568 1081; baseline 0.001 -21"><span class='ocrx_word' id='word_1_29' title='bbox 288 1002 362 1061; x_wconf 91' lang='lat' dir='ltr'><strong>item</strong></span> <span class='ocrx_word' id='word_1_30' title='bbox 392 1001 520 1061; x_wconf 91' lang='lat' dir='ltr'><strong>domum</strong></span> <span class='ocrx_word' id='word_1_31' title='bbox 543 999 683 1061; x_wconf 81' lang='lat' dir='ltr'><strong>fabrilem</strong></span> <span class='ocrx_word' id='word_1_32' title='bbox 705 1001 865 1080; x_wconf 90' lang='lat' dir='ltr'><strong>antiquam</strong></span> <span class='ocrx_word' id='word_1_33' title='bbox 889 1001 977 1061; x_wconf 89' lang='lat' dir='ltr'><strong>fabro</strong></span> <span class='ocrx_word' id='word_1_34' title='bbox 1002 1002 1191 1076; x_wconf 89' lang='lat' dir='ltr'><strong>destitutam,</strong></span> <span class='ocrx_word' id='word_1_35' title='bbox 1214 1002 1373 1063; x_wconf 83' lang='lat' dir='ltr'>fornacem</span> <span class='ocrx_word' id='word_1_36' title='bbox 1398 1003 1568 1081; x_wconf 89' lang='lat' dir='ltr'><strong>pistoream</strong></span> 
     </span>
     <span class='ocr_line' id='line_1_6' title="bbox 286 1107 595 1189; baseline 0.003 -21"><span class='ocrx_word' id='word_1_37' title='bbox 286 1117 370 1170; x_wconf 89' lang='lat' dir='ltr'><strong>tecto</strong></span> <span class='ocrx_word' id='word_1_38' title='bbox 394 1107 595 1189; x_wconf 86' lang='lat' dir='ltr'><strong>indigentem.</strong></span> 
     </span>
    </p>
   </div>
   <div class='ocr_carea' id='block_1_4' title="bbox 287 1217 1569 2067">
    <p class='ocr_par' dir='ltr' id='par_1_4' title="bbox 287 1217 1569 2067">
     <span class='ocr_line' id='line_1_7' title="bbox 394 1217 1566 1314; baseline 0.002 -20"><span class='ocrx_word' id='word_1_39' title='bbox 394 1232 423 1296; x_wconf 90' lang='lat'><strong>8.</strong></span> <span class='ocrx_word' id='word_1_40' title='bbox 444 1236 576 1294; x_wconf 90' lang='lat' dir='ltr'><strong>loannes</strong></span> <span class='ocrx_word' id='word_1_41' title='bbox 600 1235 689 1312; x_wconf 85' lang='lat' dir='ltr'><strong>Bapt.</strong></span> <span class='ocrx_word' id='word_1_42' title='bbox 714 1217 917 1308; x_wconf 85' lang='lat' dir='ltr'><strong>Petrachieh,</strong></span> <span class='ocrx_word' id='word_1_43' title='bbox 935 1253 1035 1314; x_wconf 92' lang='lat' dir='ltr'><strong>aeque</strong></span> <span class='ocrx_word' id='word_1_44' title='bbox 1060 1235 1202 1296; x_wconf 86' lang='lat' dir='ltr'><strong>subditus</strong></span> <span class='ocrx_word' id='word_1_45' title='bbox 1225 1235 1371 1296; x_wconf 89' lang='lat' dir='ltr'><strong>dominae</strong></span> <span class='ocrx_word' id='word_1_46' title='bbox 1387 1235 1566 1296; x_wconf 84' lang='lat' dir='ltr'>comitissae</span> 
     </span>
     <span class='ocr_line' id='line_1_8' title="bbox 291 1341 1566 1422; baseline 0 -20"><span class='ocrx_word' id='word_1_47' title='bbox 291 1342 467 1418; x_wconf 88' lang='lat' dir='ltr'><strong>Mallenich,</strong></span> <span class='ocrx_word' id='word_1_48' title='bbox 482 1342 576 1401; x_wconf 88' lang='lat' dir='ltr'><strong>habet</strong></span> <span class='ocrx_word' id='word_1_49' title='bbox 593 1343 718 1401; x_wconf 88' lang='lat' dir='ltr'><strong>dom&#39;um</strong></span> <span class='ocrx_word' id='word_1_50' title='bbox 736 1342 850 1402; x_wconf 84' lang='lat' dir='ltr'>bonam</span> <span class='ocrx_word' id='word_1_51' title='bbox 867 1341 997 1402; x_wconf 85' lang='lat' dir='ltr'><strong>basibus</strong></span> <span class='ocrx_word' id='word_1_52' title='bbox 1012 1342 1214 1422; x_wconf 80' lang='lat' dir='ltr'><strong>indigentem,</strong></span> <span class='ocrx_word' id='word_1_53' title='bbox 1237 1345 1392 1417; x_wconf 91' lang='lat' dir='ltr'><strong>horreum,</strong></span> <span class='ocrx_word' id='word_1_54' title='bbox 1408 1363 1566 1403; x_wconf 90' lang='lat' dir='ltr'><strong>cameram</strong></span> 
     </span>
     <span class='ocr_line' id='line_1_9' title="bbox 287 1449 1565 1529; baseline 0.001 -20"><span class='ocrx_word' id='word_1_55' title='bbox 287 1459 318 1509; x_wconf 90' lang='lat' dir='ltr'><strong>et</strong></span> <span class='ocrx_word' id='word_1_56' title='bbox 341 1449 541 1529; x_wconf 88' lang='lat' dir='ltr'><strong>loenilegium</strong></span> <span class='ocrx_word' id='word_1_57' title='bbox 566 1450 624 1510; x_wconf 91' lang='lat' dir='ltr'><strong>sub</strong></span> <span class='ocrx_word' id='word_1_58' title='bbox 648 1468 710 1510; x_wconf 93' lang='lat' dir='ltr'><strong>uno</strong></span> <span class='ocrx_word' id='word_1_59' title='bbox 733 1457 817 1509; x_wconf 85' lang='lat' dir='ltr'><strong>tecto</strong></span> <span class='ocrx_word' id='word_1_60' title='bbox 842 1449 978 1528; x_wconf 89' lang='lat' dir='ltr'><strong>antiquo,</strong></span> <span class='ocrx_word' id='word_1_61' title='bbox 1010 1452 1169 1511; x_wconf 90' lang='lat' dir='ltr'><strong>camerula</strong></span> <span class='ocrx_word' id='word_1_62' title='bbox 1201 1451 1324 1529; x_wconf 89' lang='lat' dir='ltr'><strong>privata</strong></span> <span class='ocrx_word' id='word_1_63' title='bbox 1355 1451 1461 1512; x_wconf 89' lang='lat' dir='ltr'><strong>iacobi</strong></span> <span class='ocrx_word' id='word_1_64' title='bbox 1493 1459 1565 1510; x_wconf 88' lang='lat' dir='ltr'><strong>ante</strong></span> 
     </span>
     <span class='ocr_line' id='line_1_10' title="bbox 288 1557 1567 1638; baseline 0 -22"><span class='ocrx_word' id='word_1_65' title='bbox 288 1557 415 1616; x_wconf 92' lang='lat' dir='ltr'><strong>domum</strong></span> <span class='ocrx_word' id='word_1_66' title='bbox 439 1557 538 1631; x_wconf 77' lang='lat' dir='ltr'><strong>bona3</strong></span> <span class='ocrx_word' id='word_1_67' title='bbox 562 1557 636 1616; x_wconf 86' lang='lat' dir='ltr'><strong>item</strong></span> <span class='ocrx_word' id='word_1_68' title='bbox 660 1575 786 1616; x_wconf 90' lang='lat' dir='ltr'><strong>camera</strong></span> <span class='ocrx_word' id='word_1_69' title='bbox 810 1557 932 1616; x_wconf 89' lang='lat' dir='ltr'><strong>duabus</strong></span> <span class='ocrx_word' id='word_1_70' title='bbox 956 1559 1054 1634; x_wconf 89' lang='lat' dir='ltr'><strong>portis</strong></span> <span class='ocrx_word' id='word_1_71' title='bbox 1077 1559 1203 1636; x_wconf 90' lang='lat' dir='ltr'><strong>provisa</strong></span> <span class='ocrx_word' id='word_1_72' title='bbox 1220 1559 1345 1620; x_wconf 91' lang='lat' dir='ltr'><strong>loannis</strong></span> <span class='ocrx_word' id='word_1_73' title='bbox 1369 1561 1459 1638; x_wconf 77' lang='lat' dir='ltr'><strong>Bapt</strong></span> <span class='ocrx_word' id='word_1_74' title='bbox 1483 1577 1567 1618; x_wconf 92' lang='lat' dir='ltr'><strong>com-</strong></span> 
     </span>
     <span class='ocr_line' id='line_1_11' title="bbox 288 1663 1566 1744; baseline -0.002 -20"><span class='ocrx_word' id='word_1_75' title='bbox 288 1664 391 1736; x_wconf 89' lang='lat' dir='ltr'><strong>moda,</strong></span> <span class='ocrx_word' id='word_1_76' title='bbox 414 1665 508 1724; x_wconf 88' lang='lat' dir='ltr'><strong>haras</strong></span> <span class='ocrx_word' id='word_1_77' title='bbox 531 1672 614 1744; x_wconf 87' lang='lat' dir='ltr'><strong>tecto</strong></span> <span class='ocrx_word' id='word_1_78' title='bbox 639 1663 802 1724; x_wconf 87' lang='lat' dir='ltr'><strong>destitutas</strong></span> <span class='ocrx_word' id='word_1_79' title='bbox 827 1683 883 1742; x_wconf 90' lang='lat' dir='ltr'><strong>per</strong></span> <span class='ocrx_word' id='word_1_80' title='bbox 906 1664 1132 1744; x_wconf 86' lang='lat' dir='ltr'>negligentiam</span> <span class='ocrx_word' id='word_1_81' title='bbox 1157 1665 1265 1726; x_wconf 89' lang='lat' dir='ltr'><strong>ruinae</strong></span> <span class='ocrx_word' id='word_1_82' title='bbox 1291 1665 1458 1743; x_wconf 86' lang='lat' dir='ltr'><strong>proximas,</strong></span> <span class='ocrx_word' id='word_1_83' title='bbox 1474 1683 1566 1724; x_wconf 88' lang='lat' dir='ltr'><strong>secus</strong></span> 
     </span>
     <span class='ocr_line' id='line_1_12' title="bbox 290 1771 1569 1846; baseline -0.001 -14"><span class='ocrx_word' id='word_1_84' title='bbox 290 1793 327 1832; x_wconf 89' lang='lat' dir='ltr'><strong>ex</strong></span> <span class='ocrx_word' id='word_1_85' title='bbox 352 1771 443 1831; x_wconf 88' lang='lat' dir='ltr'><strong>bonis</strong></span> <span class='ocrx_word' id='word_1_86' title='bbox 467 1771 638 1846; x_wconf 88' lang='lat' dir='ltr'><strong>roboribus,</strong></span> <span class='ocrx_word' id='word_1_87' title='bbox 667 1771 715 1831; x_wconf 90' lang='lat' dir='ltr'><strong>cui</strong></span> <span class='ocrx_word' id='word_1_88' title='bbox 748 1779 781 1830; x_wconf 92' lang='lat' dir='ltr'><strong>ut</strong></span> <span class='ocrx_word' id='word_1_89' title='bbox 812 1789 977 1832; x_wconf 88' lang='lat' dir='ltr'>censemus</span> <span class='ocrx_word' id='word_1_90' title='bbox 1007 1771 1081 1831; x_wconf 93' lang='lat' dir='ltr'><strong>nihil</strong></span> <span class='ocrx_word' id='word_1_91' title='bbox 1111 1792 1148 1832; x_wconf 86' lang='lat' dir='ltr'><strong>ex</strong></span> <span class='ocrx_word' id='word_1_92' title='bbox 1180 1773 1250 1832; x_wconf 90' lang='lat' dir='ltr'><strong>luco</strong></span> <span class='ocrx_word' id='word_1_93' title='bbox 1281 1771 1438 1833; x_wconf 91' lang='lat' dir='ltr'><strong>communi</strong></span> <span class='ocrx_word' id='word_1_94' title='bbox 1470 1772 1569 1844; x_wconf 90' lang='lat' dir='ltr'><strong>detur,</strong></span> 
     </span>
     <span class='ocr_line' id='line_1_13' title="bbox 291 1877 1569 1960; baseline -0.002 -21"><span class='ocrx_word' id='word_1_95' title='bbox 291 1899 454 1960; x_wconf 87' lang='lat' dir='ltr'>quousque</span> <span class='ocrx_word' id='word_1_96' title='bbox 478 1899 540 1938; x_wconf 93' lang='lat' dir='ltr'><strong>non</strong></span> <span class='ocrx_word' id='word_1_97' title='bbox 564 1879 640 1938; x_wconf 89' lang='lat' dir='ltr'><strong>istas</strong></span> <span class='ocrx_word' id='word_1_98' title='bbox 664 1879 757 1938; x_wconf 88' lang='lat' dir='ltr'><strong>haras</strong></span> <span class='ocrx_word' id='word_1_99' title='bbox 782 1877 901 1952; x_wconf 82' lang='lat' dir='ltr'><strong>texerit,</strong></span> <span class='ocrx_word' id='word_1_100' title='bbox 925 1887 957 1938; x_wconf 92' lang='lat' dir='ltr'><strong>et</strong></span> <span class='ocrx_word' id='word_1_101' title='bbox 988 1880 1029 1940; x_wconf 91' lang='lat' dir='ltr'><strong>ad</strong></span> <span class='ocrx_word' id='word_1_102' title='bbox 1062 1889 1178 1940; x_wconf 87' lang='lat' dir='ltr'><strong>statum</strong></span> <span class='ocrx_word' id='word_1_103' title='bbox 1223 1881 1381 1940; x_wconf 89' lang='lat' dir='ltr'><strong>meliorem</strong></span> <span class='ocrx_word' id='word_1_104' title='bbox 1415 1879 1569 1958; x_wconf 74' lang='lat' dir='ltr'><strong>posuerit,</strong></span> 
     </span>
     <span class='ocr_line' id='line_1_14' title="bbox 291 1987 1301 2067; baseline 0.002 -19"><span class='ocrx_word' id='word_1_105' title='bbox 291 1987 364 2048; x_wconf 90' lang='lat' dir='ltr'><strong>item</strong></span> <span class='ocrx_word' id='word_1_106' title='bbox 390 1987 570 2067; x_wconf 85' lang='lat' dir='ltr'><strong>granarium</strong></span> <span class='ocrx_word' id='word_1_107' title='bbox 596 2005 727 2064; x_wconf 90' lang='lat' dir='ltr'><strong>parvum</strong></span> <span class='ocrx_word' id='word_1_108' title='bbox 752 1989 838 2046; x_wconf 90' lang='lat' dir='ltr'><strong>satls&#39;</strong></span> <span class='ocrx_word' id='word_1_109' title='bbox 851 1987 968 2047; x_wconf 90' lang='lat' dir='ltr'><strong>bonurn</strong></span> <span class='ocrx_word' id='word_1_110' title='bbox 1001 1989 1042 2048; x_wconf 89' lang='lat' dir='ltr'><strong>ad</strong></span> <span class='ocrx_word' id='word_1_111' title='bbox 1065 1987 1163 2049; x_wconf 87' lang='lat' dir='ltr'><strong>instar</strong></span> <span class='ocrx_word' id='word_1_112' title='bbox 1183 1987 1301 2050; x_wconf 84' lang='lat' dir='ltr'><strong>skrinii.</strong></span> 
     </span>
    </p>
   </div>
   <div class='ocr_carea' id='block_1_5' title="bbox 288 2110 1570 3143">
    <p class='ocr_par' dir='ltr' id='par_1_5' title="bbox 288 2110 1570 3143">
     <span class='ocr_line' id='line_1_15' title="bbox 395 2110 1569 2190; baseline -0.002 -17"><span class='ocrx_word' id='word_1_113' title='bbox 395 2110 425 2173; x_wconf 88' lang='lat'><strong>9.</strong></span> <span class='ocrx_word' id='word_1_114' title='bbox 441 2113 619 2190; x_wconf 83' lang='lat' dir='ltr'><strong>Stephanus</strong></span> <span class='ocrx_word' id='word_1_115' title='bbox 647 2111 839 2186; x_wconf 91' lang='lat' dir='ltr'><strong>Petrachich,</strong></span> <span class='ocrx_word' id='word_1_116' title='bbox 861 2113 1005 2171; x_wconf 88' lang='lat' dir='ltr'><strong>subditus</strong></span> <span class='ocrx_word' id='word_1_117' title='bbox 1021 2114 1166 2174; x_wconf 88' lang='lat' dir='ltr'><strong>dominae</strong></span> <span class='ocrx_word' id='word_1_118' title='bbox 1182 2113 1360 2174; x_wconf 86' lang='lat' dir='ltr'><strong>comitissae</strong></span> <span class='ocrx_word' id='word_1_119' title='bbox 1391 2112 1569 2185; x_wconf 89' lang='lat' dir='ltr'><strong>Mallenich,</strong></span> 
     </span>
     <span class='ocr_line' id='line_1_16' title="bbox 288 2219 1568 2299; baseline -0.002 -19"><span class='ocrx_word' id='word_1_120' title='bbox 288 2223 383 2282; x_wconf 88' lang='lat' dir='ltr'><strong>habet</strong></span> <span class='ocrx_word' id='word_1_121' title='bbox 393 2221 518 2280; x_wconf 92' lang='lat' dir='ltr'><strong>domum</strong></span> <span class='ocrx_word' id='word_1_122' title='bbox 537 2219 753 2296; x_wconf 86' lang='lat' dir='ltr'><strong>biangularem</strong></span> <span class='ocrx_word' id='word_1_123' title='bbox 765 2219 880 2279; x_wconf 93' lang='lat' dir='ltr'><strong>bonam</strong></span> <span class='ocrx_word' id='word_1_124' title='bbox 897 2231 968 2298; x_wconf 90' lang='lat' dir='ltr'><strong>post</strong></span> <span class='ocrx_word' id='word_1_125' title='bbox 981 2220 1098 2299; x_wconf 88' lang='lat' dir='ltr'><strong>aliquot</strong></span> <span class='ocrx_word' id='word_1_126' title='bbox 1114 2240 1214 2280; x_wconf 88' lang='lat' dir='ltr'><strong>annos</strong></span> <span class='ocrx_word' id='word_1_127' title='bbox 1226 2220 1354 2280; x_wconf 90' lang='lat' dir='ltr'><strong>basibus</strong></span> <span class='ocrx_word' id='word_1_128' title='bbox 1367 2219 1568 2298; x_wconf 83' lang='lat' dir='ltr'><strong>indigentem,</strong></span> 
     </span>
     <span class='ocr_line' id='line_1_17' title="bbox 288 2325 1568 2408; baseline -0.002 -21"><span class='ocrx_word' id='word_1_129' title='bbox 288 2329 433 2387; x_wconf 89' lang='lat' dir='ltr'><strong>horreum</strong></span> <span class='ocrx_word' id='word_1_130' title='bbox 456 2327 572 2386; x_wconf 90' lang='lat' dir='ltr'><strong>bonum</strong></span> <span class='ocrx_word' id='word_1_131' title='bbox 597 2345 687 2385; x_wconf 90' lang='lat' dir='ltr'><strong>secus</strong></span> <span class='ocrx_word' id='word_1_132' title='bbox 710 2325 839 2386; x_wconf 90' lang='lat' dir='ltr'><strong>basibus</strong></span> <span class='ocrx_word' id='word_1_133' title='bbox 863 2325 990 2404; x_wconf 87' lang='lat' dir='ltr'><strong>podvali</strong></span> <span class='ocrx_word' id='word_1_134' title='bbox 1013 2327 1103 2387; x_wconf 89' lang='lat' dir='ltr'><strong>dictis</strong></span> <span class='ocrx_word' id='word_1_135' title='bbox 1125 2327 1280 2408; x_wconf 89' lang='lat' dir='ltr'><strong>indigens,</strong></span> <span class='ocrx_word' id='word_1_136' title='bbox 1307 2327 1403 2387; x_wconf 90' lang='lat' dir='ltr'><strong>haras</strong></span> <span class='ocrx_word' id='word_1_137' title='bbox 1432 2327 1473 2387; x_wconf 90' lang='lat' dir='ltr'><strong>ad</strong></span> <span class='ocrx_word' id='word_1_138' title='bbox 1489 2327 1568 2386; x_wconf 88' lang='lat' dir='ltr'><strong>duas</strong></span> 
     </span>
     <span class='ocr_line' id='line_1_18' title="bbox 289 2433 1570 2514; baseline -0.002 -18"><span class='ocrx_word' id='word_1_139' title='bbox 289 2436 450 2496; x_wconf 90' lang='lat' dir='ltr'><strong>clausuras</strong></span> <span class='ocrx_word' id='word_1_140' title='bbox 475 2434 505 2493; x_wconf 93' lang='lat' dir='ltr'><strong>in</strong></span> <span class='ocrx_word' id='word_1_141' title='bbox 529 2434 612 2494; x_wconf 93' lang='lat' dir='ltr'><strong>bono</strong></span> <span class='ocrx_word' id='word_1_142' title='bbox 636 2441 728 2508; x_wconf 84' lang='lat' dir='ltr'><strong>statu,</strong></span> <span class='ocrx_word' id='word_1_143' title='bbox 760 2453 852 2493; x_wconf 89' lang='lat' dir='ltr'><strong>secus</strong></span> <span class='ocrx_word' id='word_1_144' title='bbox 876 2433 948 2493; x_wconf 87' lang='lat' dir='ltr'><strong>ante</strong></span> <span class='ocrx_word' id='word_1_145' title='bbox 971 2435 1066 2494; x_wconf 89' lang='lat' dir='ltr'><strong>haras</strong></span> <span class='ocrx_word' id='word_1_146' title='bbox 1090 2454 1146 2514; x_wconf 89' lang='lat' dir='ltr'><strong>pro</strong></span> <span class='ocrx_word' id='word_1_147' title='bbox 1179 2435 1359 2513; x_wconf 80' lang='lat' dir='ltr'><strong>pavimento</strong></span> <span class='ocrx_word' id='word_1_148' title='bbox 1390 2433 1570 2494; x_wconf 86' lang='lat' dir='ltr'><strong>necessaria</strong></span> 
     </span>
     <span class='ocr_line' id='line_1_19' title="bbox 289 2541 1569 2622; baseline -0.002 -19"><span class='ocrx_word' id='word_1_149' title='bbox 289 2551 363 2603; x_wconf 89' lang='lat' dir='ltr'><strong>sunt</strong></span> <span class='ocrx_word' id='word_1_150' title='bbox 398 2543 525 2616; x_wconf 89' lang='lat' dir='ltr'><strong>robora;</strong></span> <span class='ocrx_word' id='word_1_151' title='bbox 550 2541 623 2602; x_wconf 89' lang='lat' dir='ltr'><strong>item</strong></span> <span class='ocrx_word' id='word_1_152' title='bbox 655 2542 749 2602; x_wconf 87' lang='lat' dir='ltr'><strong>haras</strong></span> <span class='ocrx_word' id='word_1_153' title='bbox 772 2560 890 2619; x_wconf 87' lang='lat' dir='ltr'><strong>parvas</strong></span> <span class='ocrx_word' id='word_1_154' title='bbox 915 2543 1073 2603; x_wconf 89' lang='lat' dir='ltr'><strong>maialium</strong></span> <span class='ocrx_word' id='word_1_155' title='bbox 1106 2543 1251 2622; x_wconf 88' lang='lat' dir='ltr'><strong>antiquas</strong></span> <span class='ocrx_word' id='word_1_156' title='bbox 1281 2543 1461 2622; x_wconf 87' lang='lat' dir='ltr'><strong>pavimento</strong></span> <span class='ocrx_word' id='word_1_157' title='bbox 1493 2541 1569 2601; x_wconf 83' lang='lat' dir='ltr'><strong>inle-</strong></span> 
     </span>
     <span class='ocr_line' id='line_1_20' title="bbox 290 2649 1568 2730; baseline -0.002 -20"><span class='ocrx_word' id='word_1_158' title='bbox 290 2651 363 2711; x_wconf 91' lang='lat' dir='ltr'><strong>riori</strong></span> <span class='ocrx_word' id='word_1_159' title='bbox 387 2650 581 2730; x_wconf 87' lang='lat' dir='ltr'><strong>indigentes;</strong></span> <span class='ocrx_word' id='word_1_160' title='bbox 605 2649 678 2709; x_wconf 90' lang='lat' dir='ltr'><strong>item</strong></span> <span class='ocrx_word' id='word_1_161' title='bbox 704 2669 861 2710; x_wconf 86' lang='lat' dir='ltr'><strong>cameram</strong></span> <span class='ocrx_word' id='word_1_162' title='bbox 888 2649 1042 2711; x_wconf 85' lang='lat' dir='ltr'><strong>adinstar</strong></span> <span class='ocrx_word' id='word_1_163' title='bbox 1066 2650 1273 2712; x_wconf 80' lang='lat' dir='ltr'><strong>domunculae</strong></span> <span class='ocrx_word' id='word_1_164' title='bbox 1298 2650 1338 2709; x_wconf 92' lang='lat' dir='ltr'><strong>ad</strong></span> <span class='ocrx_word' id='word_1_165' title='bbox 1362 2650 1441 2708; x_wconf 91' lang='lat' dir='ltr'><strong>duas</strong></span> <span class='ocrx_word' id='word_1_166' title='bbox 1461 2657 1568 2728; x_wconf 89' lang='lat' dir='ltr'><strong>portas</strong></span> 
     </span>
     <span class='ocr_line' id='line_1_21' title="bbox 288 2756 1565 2837; baseline 0.002 -18"><span class='ocrx_word' id='word_1_167' title='bbox 288 2759 423 2820; x_wconf 90' lang='lat' dir='ltr'><strong>culinam</strong></span> <span class='ocrx_word' id='word_1_168' title='bbox 446 2757 614 2818; x_wconf 87' lang='lat' dir='ltr'><strong>habentem</strong></span> <span class='ocrx_word' id='word_1_169' title='bbox 649 2756 783 2831; x_wconf 78' lang='lat' dir='ltr'><strong>bonam,</strong></span> <span class='ocrx_word' id='word_1_170' title='bbox 820 2757 893 2818; x_wconf 88' lang='lat' dir='ltr'><strong>item</strong></span> <span class='ocrx_word' id='word_1_171' title='bbox 930 2778 1088 2819; x_wconf 87' lang='lat' dir='ltr'><strong>cameram</strong></span> <span class='ocrx_word' id='word_1_172' title='bbox 1125 2777 1180 2837; x_wconf 91' lang='lat' dir='ltr'><strong>pro</strong></span> <span class='ocrx_word' id='word_1_173' title='bbox 1215 2757 1370 2818; x_wconf 77' lang='lat' dir='ltr'><strong>frumento</strong></span> <span class='ocrx_word' id='word_1_174' title='bbox 1395 2757 1565 2836; x_wconf 86' lang='lat' dir='ltr'><strong>antiquam.</strong></span> 
     </span>
     <span class='ocr_line' id='line_1_22' title="bbox 288 2864 1567 2945; baseline -0.003 -17"><span class='ocrx_word' id='word_1_175' title='bbox 288 2869 414 2928; x_wconf 93' lang='lat' dir='ltr'><strong>domum</strong></span> <span class='ocrx_word' id='word_1_176' title='bbox 440 2867 580 2927; x_wconf 86' lang='lat' dir='ltr'><strong>fabrilem</strong></span> <span class='ocrx_word' id='word_1_177' title='bbox 596 2864 679 2926; x_wconf 84' lang='lat' dir='ltr'><strong>tecto</strong></span> <span class='ocrx_word' id='word_1_178' title='bbox 695 2866 875 2926; x_wconf 87' lang='lat' dir='ltr'><strong>destitutam</strong></span> <span class='ocrx_word' id='word_1_179' title='bbox 889 2866 1078 2927; x_wconf 89' lang='lat' dir='ltr'><strong>mediocrem</strong></span> <span class='ocrx_word' id='word_1_180' title='bbox 1092 2888 1130 2927; x_wconf 84' lang='lat' dir='ltr'><strong>ex</strong></span> <span class='ocrx_word' id='word_1_181' title='bbox 1144 2866 1278 2945; x_wconf 91' lang='lat' dir='ltr'><strong>antiquis</strong></span> <span class='ocrx_word' id='word_1_182' title='bbox 1296 2866 1458 2927; x_wconf 85' lang='lat' dir='ltr'><strong>roboribus</strong></span> <span class='ocrx_word' id='word_1_183' title='bbox 1473 2866 1567 2925; x_wconf 91' lang='lat' dir='ltr'><strong>modo</strong></span> 
     </span>
     <span class='ocr_line' id='line_1_23' title="bbox 288 2972 1564 3053; baseline -0.003 -18"><span class='ocrx_word' id='word_1_184' title='bbox 288 2984 456 3047; x_wconf 90' lang='lat' dir='ltr'><strong>errectam;</strong></span> <span class='ocrx_word' id='word_1_185' title='bbox 480 2974 554 3033; x_wconf 90' lang='lat' dir='ltr'><strong>item</strong></span> <span class='ocrx_word' id='word_1_186' title='bbox 578 2974 769 3033; x_wconf 88' lang='lat' dir='ltr'><strong>camerulam</strong></span> <span class='ocrx_word' id='word_1_187' title='bbox 793 2974 962 3053; x_wconf 87' lang='lat' dir='ltr'><strong>antiquam,</strong></span> <span class='ocrx_word' id='word_1_188' title='bbox 986 2974 1146 3034; x_wconf 87' lang='lat' dir='ltr'><strong>lomacem</strong></span> <span class='ocrx_word' id='word_1_189' title='bbox 1170 2974 1342 3051; x_wconf 89' lang='lat' dir='ltr'><strong>pistoream</strong></span> <span class='ocrx_word' id='word_1_190' title='bbox 1366 2972 1564 3051; x_wconf 89' lang='lat' dir='ltr'><strong>reparatione</strong></span> 
     </span>
     <span class='ocr_line' id='line_1_24' title="bbox 288 3080 889 3143; baseline -0.007 -1"><span class='ocrx_word' id='word_1_191' title='bbox 288 3090 319 3142; x_wconf 90' lang='lat' dir='ltr'><strong>et</strong></span> <span class='ocrx_word' id='word_1_192' title='bbox 341 3090 424 3143; x_wconf 88' lang='lat' dir='ltr'><strong>tecto</strong></span> <span class='ocrx_word' id='word_1_193' title='bbox 448 3080 667 3142; x_wconf 87' lang='lat' dir='ltr'><strong>necessariam.</strong></span> <span class='ocrx_word' id='word_1_194' title='bbox 888 3084 889 3087; x_wconf 74' lang='grc'>’</span> 
     </span>
    </p>
   </div>
   <div class='ocr_carea' id='block_1_6' title="bbox 288 3204 1567 3823">
    <p class='ocr_par' dir='ltr' id='par_1_6' title="bbox 288 3204 1567 3823">
     <span class='ocr_line' id='line_1_25' title="bbox 399 3204 1566 3285; baseline 0.001 -20"><span class='ocrx_word' id='word_1_195' title='bbox 399 3204 446 3268; x_wconf 84' lang='lat' dir='ltr'><strong>ll).</strong></span> <span class='ocrx_word' id='word_1_196' title='bbox 478 3206 635 3285; x_wconf 86' lang='lat' dir='ltr'><strong>Georgius</strong></span> <span class='ocrx_word' id='word_1_197' title='bbox 658 3207 860 3267; x_wconf 88' lang='lat' dir='ltr'><strong>Tachkovich</strong></span> <span class='ocrx_word' id='word_1_198' title='bbox 890 3208 1027 3267; x_wconf 90' lang='lat' dir='ltr'><strong>Turchin</strong></span> <span class='ocrx_word' id='word_1_199' title='bbox 1051 3208 1160 3281; x_wconf 90' lang='lat' dir='ltr'><strong>dictus,</strong></span> <span class='ocrx_word' id='word_1_200' title='bbox 1184 3207 1326 3269; x_wconf 89' lang='lat' dir='ltr'><strong>subditus</strong></span> <span class='ocrx_word' id='word_1_201' title='bbox 1351 3207 1566 3280; x_wconf 89' lang='lat' dir='ltr'><strong>cameraticus,</strong></span> 
     </span>
     <span class='ocr_line' id='line_1_26' title="bbox 288 3298 1567 3396; baseline -0.002 -20"><span class='ocrx_word' id='word_1_202' title='bbox 288 3316 384 3377; x_wconf 89' lang='lat' dir='ltr'><strong>habet</strong></span> <span class='ocrx_word' id='word_1_203' title='bbox 400 3316 526 3375; x_wconf 91' lang='lat' dir='ltr'><strong>domum</strong></span> <span class='ocrx_word' id='word_1_204' title='bbox 541 3315 719 3393; x_wconf 88' lang='lat' dir='ltr'><strong>pessimam,</strong></span> <span class='ocrx_word' id='word_1_205' title='bbox 741 3335 798 3395; x_wconf 94' lang='lat' dir='ltr'><strong>pro</strong></span> <span class='ocrx_word' id='word_1_206' title='bbox 814 3335 877 3396; x_wconf 91' lang='lat' dir='ltr'><strong>qua</strong></span> <span class='ocrx_word' id='word_1_207' title='bbox 893 3316 1059 3395; x_wconf 89' lang='lat' dir='ltr'><strong>errigenda</strong></span> <span class='ocrx_word' id='word_1_208' title='bbox 1079 3317 1141 3377; x_wconf 90' lang='lat' dir='ltr'><strong>iam</strong></span> <span class='ocrx_word' id='word_1_209' title='bbox 1157 3316 1252 3375; x_wconf 89' lang='lat' dir='ltr'><strong>habet</strong></span> <span class='ocrx_word' id='word_1_210' title='bbox 1268 3317 1378 3376; x_wconf 89' lang='lat' dir='ltr'><strong>basem</strong></span> <span class='ocrx_word' id='word_1_211' title='bbox 1403 3298 1429 3391; x_wconf 78' lang='lat' dir='ltr'><strong>l,</strong></span> <span class='ocrx_word' id='word_1_212' title='bbox 1446 3315 1567 3395; x_wconf 91' lang='lat' dir='ltr'><strong>tignum</strong></span> 
     </span>
     <span class='ocr_line' id='line_1_27' title="bbox 294 3422 1565 3501; baseline -0.001 -18"><span class='ocrx_word' id='word_1_213' title='bbox 294 3424 304 3483; x_wconf 97' lang='lat' dir='ltr'><strong>l</strong></span> <span class='ocrx_word' id='word_1_214' title='bbox 340 3432 492 3501; x_wconf 88' lang='lat' dir='ltr'><strong>naszteny</strong></span> <span class='ocrx_word' id='word_1_215' title='bbox 515 3422 640 3497; x_wconf 90' lang='lat' dir='ltr'><strong>dictum,</strong></span> <span class='ocrx_word' id='word_1_216' title='bbox 665 3424 727 3483; x_wconf 86' lang='lat' dir='ltr'><strong>alia</strong></span> <span class='ocrx_word' id='word_1_217' title='bbox 750 3423 861 3487; x_wconf 88' lang='lat' dir='ltr'><strong>robora</strong></span> <span class='ocrx_word' id='word_1_218' title='bbox 892 3422 938 3497; x_wconf 89' lang='lat'><strong>12,</strong></span> <span class='ocrx_word' id='word_1_219' title='bbox 962 3424 1109 3484; x_wconf 89' lang='lat' dir='ltr'><strong>horreum</strong></span> <span class='ocrx_word' id='word_1_220' title='bbox 1133 3424 1283 3484; x_wconf 92' lang='lat' dir='ltr'><strong>dirrutum</strong></span> <span class='ocrx_word' id='word_1_221' title='bbox 1307 3443 1366 3483; x_wconf 89' lang='lat' dir='ltr'><strong>nec</strong></span> <span class='ocrx_word' id='word_1_222' title='bbox 1389 3432 1471 3483; x_wconf 84' lang='lat' dir='ltr'><strong>tecto</strong></span> <span class='ocrx_word' id='word_1_223' title='bbox 1495 3441 1565 3500; x_wconf 92' lang='lat' dir='ltr'><strong>pro·</strong></span> 
     </span>
     <span class='ocr_line' id='line_1_28' title="bbox 289 3529 1564 3611; baseline -0.002 -20"><span class='ocrx_word' id='word_1_224' title='bbox 289 3532 390 3591; x_wconf 91' lang='lat' dir='ltr'><strong>visum</strong></span> <span class='ocrx_word' id='word_1_225' title='bbox 415 3550 471 3609; x_wconf 89' lang='lat' dir='ltr'><strong>per</strong></span> <span class='ocrx_word' id='word_1_226' title='bbox 495 3530 729 3611; x_wconf 84' lang='lat' dir='ltr'><strong>negligentiam,</strong></span> <span class='ocrx_word' id='word_1_227' title='bbox 755 3530 896 3609; x_wconf 88' lang='lat' dir='ltr'><strong>adeoque</strong></span> <span class='ocrx_word' id='word_1_228' title='bbox 922 3530 1095 3594; x_wconf 88' lang='lat' dir='ltr'><strong>iudicamus</strong></span> <span class='ocrx_word' id='word_1_229' title='bbox 1118 3531 1162 3591; x_wconf 91' lang='lat' dir='ltr'><strong>ita</strong></span> <span class='ocrx_word' id='word_1_230' title='bbox 1177 3530 1351 3611; x_wconf 90' lang='lat' dir='ltr'><strong>negligenti</strong></span> <span class='ocrx_word' id='word_1_231' title='bbox 1375 3529 1435 3589; x_wconf 90' lang='lat' dir='ltr'><strong>alia</strong></span> <span class='ocrx_word' id='word_1_232' title='bbox 1452 3529 1564 3589; x_wconf 88' lang='lat' dir='ltr'><strong>robora</strong></span> 
     </span>
     <span class='ocr_line' id='line_1_29' title="bbox 288 3638 1565 3719; baseline -0.004 -20"><span class='ocrx_word' id='word_1_233' title='bbox 288 3661 326 3700; x_wconf 85' lang='lat' dir='ltr'><strong>ex</strong></span> <span class='ocrx_word' id='word_1_234' title='bbox 351 3639 422 3698; x_wconf 92' lang='lat' dir='ltr'><strong>luco</strong></span> <span class='ocrx_word' id='word_1_235' title='bbox 445 3639 614 3719; x_wconf 91' lang='lat' dir='ltr'><strong>denegare.</strong></span> <span class='ocrx_word' id='word_1_236' title='bbox 639 3639 742 3698; x_wconf 90' lang='lat' dir='ltr'><strong>Haras</strong></span> <span class='ocrx_word' id='word_1_237' title='bbox 767 3638 911 3717; x_wconf 89' lang='lat' dir='ltr'><strong>antiquas</strong></span> <span class='ocrx_word' id='word_1_238' title='bbox 935 3638 1133 3716; x_wconf 89' lang='lat' dir='ltr'><strong>reparatione</strong></span> <span class='ocrx_word' id='word_1_239' title='bbox 1161 3638 1373 3711; x_wconf 87' lang='lat' dir='ltr'><strong>necessarias;</strong></span> <span class='ocrx_word' id='word_1_240' title='bbox 1408 3638 1481 3698; x_wconf 91' lang='lat' dir='ltr'><strong>item</strong></span> <span class='ocrx_word' id='word_1_241' title='bbox 1511 3638 1565 3695; x_wconf 85' lang='lat' dir='ltr'><strong>ha·</strong></span> 
     </span>
     <span class='ocr_line' id='line_1_30' title="bbox 289 3744 845 3823; baseline -0.002 -16"><span class='ocrx_word' id='word_1_242' title='bbox 289 3767 342 3807; x_wconf 90' lang='lat' dir='ltr'><strong>ras</strong></span> <span class='ocrx_word' id='word_1_243' title='bbox 366 3744 524 3806; x_wconf 89' lang='lat' dir='ltr'><strong>maialium</strong></span> <span class='ocrx_word' id='word_1_244' title='bbox 548 3745 655 3805; x_wconf 90' lang='lat' dir='ltr'><strong>ruinae</strong></span> <span class='ocrx_word' id='word_1_245' title='bbox 679 3745 845 3823; x_wconf 84' lang='lat' dir='ltr'><strong>proximas.</strong></span> 
     </span>
    </p>
   </div>
   <div class='ocr_carea' id='block_1_7' title="bbox 289 3870 1569 4381">
    <p class='ocr_par' dir='ltr' id='par_1_7' title="bbox 289 3870 1569 4381">
     <span class='ocr_line' id='line_1_31' title="bbox 374 3870 1564 3949; baseline -0.005 -15"><span class='ocrx_word' id='word_1_246' title='bbox 374 3932 376 3935; x_wconf 87' lang='grc'><strong>,</strong></span> <span class='ocrx_word' id='word_1_247' title='bbox 400 3872 447 3935; x_wconf 93' lang='lat' dir='ltr'><strong>ll.</strong></span> <span class='ocrx_word' id='word_1_248' title='bbox 472 3873 616 3932; x_wconf 84' lang='lat' dir='ltr'><strong>Andreas</strong></span> <span class='ocrx_word' id='word_1_249' title='bbox 639 3870 810 3949; x_wconf 89' lang='lat' dir='ltr'><strong>Krumpak,</strong></span> <span class='ocrx_word' id='word_1_250' title='bbox 835 3872 976 3931; x_wconf 82' lang='lat' dir='ltr'><strong>subditus</strong></span> <span class='ocrx_word' id='word_1_251' title='bbox 1000 3873 1214 3945; x_wconf 89' lang='lat' dir='ltr'><strong>cameraticus,</strong></span> <span class='ocrx_word' id='word_1_252' title='bbox 1231 3872 1326 3931; x_wconf 87' lang='lat' dir='ltr'><strong>habet</strong></span> <span class='ocrx_word' id='word_1_253' title='bbox 1349 3872 1475 3931; x_wconf 91' lang='lat' dir='ltr'><strong>domum</strong></span> <span class='ocrx_word' id='word_1_254' title='bbox 1500 3890 1564 3929; x_wconf 89' lang='lat' dir='ltr'><strong>ma-</strong></span> 
     </span>
     <span class='ocr_line' id='line_1_32' title="bbox 289 3978 1569 4061; baseline -0.002 -20"><span class='ocrx_word' id='word_1_255' title='bbox 289 3983 350 4043; x_wconf 89' lang='lat' dir='ltr'><strong>lam</strong></span> <span class='ocrx_word' id='word_1_256' title='bbox 375 3981 538 4061; x_wconf 89' lang='lat' dir='ltr'><strong>antiquam</strong></span> <span class='ocrx_word' id='word_1_257' title='bbox 562 3980 753 4059; x_wconf 87' lang='lat' dir='ltr'><strong>indigentem</strong></span> <span class='ocrx_word' id='word_1_258' title='bbox 779 3980 941 4039; x_wconf 90' lang='lat' dir='ltr'><strong>roboribus</strong></span> <span class='ocrx_word' id='word_1_259' title='bbox 965 3980 1064 4056; x_wconf 86' lang='lat' dir='ltr'><strong>novis,</strong></span> <span class='ocrx_word' id='word_1_260' title='bbox 1100 4000 1137 4039; x_wconf 84' lang='lat' dir='ltr'><strong>ex</strong></span> <span class='ocrx_word' id='word_1_261' title='bbox 1161 3998 1224 4060; x_wconf 89' lang='lat' dir='ltr'><strong>qua</strong></span> <span class='ocrx_word' id='word_1_262' title='bbox 1247 3988 1350 4058; x_wconf 87' lang='lat' dir='ltr'><strong>potest</strong></span> <span class='ocrx_word' id='word_1_263' title='bbox 1373 3979 1431 4038; x_wconf 90' lang='lat' dir='ltr'><strong>sibi</strong></span> <span class='ocrx_word' id='word_1_264' title='bbox 1466 3978 1569 4054; x_wconf 88' lang='lat' dir='ltr'><strong>haras,</strong></span> 
     </span>
     <span class='ocr_line' id='line_1_33' title="bbox 289 4086 1565 4166; baseline -0.004 -17"><span class='ocrx_word' id='word_1_265' title='bbox 289 4098 321 4149; x_wconf 92' lang='lat' dir='ltr'><strong>et</strong></span> <span class='ocrx_word' id='word_1_266' title='bbox 343 4108 501 4149; x_wconf 88' lang='lat' dir='ltr'><strong>cameram</strong></span> <span class='ocrx_word' id='word_1_267' title='bbox 525 4106 680 4165; x_wconf 86' lang='lat' dir='ltr'><strong>reparare,</strong></span> <span class='ocrx_word' id='word_1_268' title='bbox 703 4088 848 4146; x_wconf 90' lang='lat' dir='ltr'><strong>horreum</strong></span> <span class='ocrx_word' id='word_1_269' title='bbox 873 4104 911 4145; x_wconf 88' lang='lat' dir='ltr'><strong>ex</strong></span> <span class='ocrx_word' id='word_1_270' title='bbox 935 4087 1069 4166; x_wconf 89' lang='lat' dir='ltr'><strong>antiquis</strong></span> <span class='ocrx_word' id='word_1_271' title='bbox 1092 4097 1124 4147; x_wconf 91' lang='lat' dir='ltr'><strong>et</strong></span> <span class='ocrx_word' id='word_1_272' title='bbox 1146 4086 1235 4147; x_wconf 89' lang='lat' dir='ltr'><strong>novis</strong></span> <span class='ocrx_word' id='word_1_273' title='bbox 1259 4086 1377 4146; x_wconf 85' lang='lat' dir='ltr'><strong>mixtim</strong></span> <span class='ocrx_word' id='word_1_274' title='bbox 1403 4086 1565 4146; x_wconf 90' lang='lat' dir='ltr'><strong>roboribus</strong></span> 
     </span>
     <span class='ocr_line' id='line_1_34' title="bbox 290 4192 1566 4273; baseline -0.002 -18"><span class='ocrx_word' id='word_1_275' title='bbox 290 4204 480 4255; x_wconf 87' lang='lat' dir='ltr'><strong>exstructum</strong></span> <span class='ocrx_word' id='word_1_276' title='bbox 503 4195 571 4255; x_wconf 84' lang='lat' dir='ltr'><strong>sine</strong></span> <span class='ocrx_word' id='word_1_277' title='bbox 602 4202 701 4273; x_wconf 86' lang='lat' dir='ltr'><strong>porta,</strong></span> <span class='ocrx_word' id='word_1_278' title='bbox 735 4204 765 4253; x_wconf 87' lang='lat' dir='ltr'><strong>et</strong></span> <span class='ocrx_word' id='word_1_279' title='bbox 800 4194 831 4253; x_wconf 91' lang='lat' dir='ltr'><strong>in</strong></span> <span class='ocrx_word' id='word_1_280' title='bbox 861 4193 1013 4272; x_wconf 90' lang='lat' dir='ltr'><strong>superiori</strong></span> <span class='ocrx_word' id='word_1_281' title='bbox 1044 4192 1074 4253; x_wconf 78' lang='lat'><strong>4.</strong></span> <span class='ocrx_word' id='word_1_282' title='bbox 1105 4203 1193 4271; x_wconf 89' lang='lat' dir='ltr'><strong>parte</strong></span> <span class='ocrx_word' id='word_1_283' title='bbox 1218 4203 1301 4253; x_wconf 86' lang='lat' dir='ltr'><strong>tecto</strong></span> <span class='ocrx_word' id='word_1_284' title='bbox 1324 4193 1448 4273; x_wconf 87' lang='lat' dir='ltr'><strong>penitus</strong></span> <span class='ocrx_word' id='word_1_285' title='bbox 1471 4193 1566 4253; x_wconf 89' lang='lat' dir='ltr'><strong>desti·</strong></span> 
     </span>
     <span class='ocr_line' id='line_1_35' title="bbox 289 4301 1450 4381; baseline 0 -20"><span class='ocrx_word' id='word_1_286' title='bbox 289 4311 399 4379; x_wconf 89' lang='lat' dir='ltr'><strong>tutum,</strong></span> <span class='ocrx_word' id='word_1_287' title='bbox 422 4310 586 4381; x_wconf 89' lang='lat' dir='ltr'><strong>praeterea</strong></span> <span class='ocrx_word' id='word_1_288' title='bbox 609 4309 737 4380; x_wconf 90' lang='lat' dir='ltr'><strong>puteum</strong></span> <span class='ocrx_word' id='word_1_289' title='bbox 761 4302 886 4374; x_wconf 91' lang='lat' dir='ltr'><strong>malurn,</strong></span> <span class='ocrx_word' id='word_1_290' title='bbox 909 4320 966 4379; x_wconf 94' lang='lat' dir='ltr'><strong>pro</strong></span> <span class='ocrx_word' id='word_1_291' title='bbox 990 4321 1052 4379; x_wconf 92' lang='lat' dir='ltr'><strong>quo</strong></span> <span class='ocrx_word' id='word_1_292' title='bbox 1076 4320 1138 4361; x_wconf 91' lang='lat' dir='ltr'><strong>una</strong></span> <span class='ocrx_word' id='word_1_293' title='bbox 1162 4320 1298 4380; x_wconf 90' lang='lat' dir='ltr'><strong>quaercu</strong></span> <span class='ocrx_word' id='word_1_294' title='bbox 1322 4301 1450 4381; x_wconf 91' lang='lat' dir='ltr'><strong>indiget.</strong></span> 
     </span>
    </p>
   </div>
   <div class='ocr_carea' id='block_1_8' title="bbox 287 4426 1571 5046">
    <p class='ocr_par' dir='ltr' id='par_1_8' title="bbox 287 4426 1571 4935">
     <span class='ocr_line' id='line_1_36' title="bbox 403 4426 1571 4505; baseline -0.001 -18"><span class='ocrx_word' id='word_1_295' title='bbox 403 4427 450 4494; x_wconf 82' lang='lat'><strong>12.</strong></span> <span class='ocrx_word' id='word_1_296' title='bbox 475 4428 595 4487; x_wconf 90' lang='lat' dir='ltr'><strong>Nobilis</strong></span> <span class='ocrx_word' id='word_1_297' title='bbox 619 4428 770 4505; x_wconf 88' lang='lat' dir='ltr'><strong>Iosephus</strong></span> <span class='ocrx_word' id='word_1_298' title='bbox 792 4428 911 4487; x_wconf 87' lang='lat' dir='ltr'><strong>Szever</strong></span> <span class='ocrx_word' id='word_1_299' title='bbox 934 4428 1029 4486; x_wconf 91' lang='lat' dir='ltr'><strong>habet</strong></span> <span class='ocrx_word' id='word_1_300' title='bbox 1045 4428 1171 4487; x_wconf 91' lang='lat' dir='ltr'><strong>domum</strong></span> <span class='ocrx_word' id='word_1_301' title='bbox 1196 4426 1272 4486; x_wconf 86' lang='lat' dir='ltr'><strong>satis</strong></span> <span class='ocrx_word' id='word_1_302' title='bbox 1296 4427 1411 4487; x_wconf 91' lang='lat' dir='ltr'><strong>bonam</strong></span> <span class='ocrx_word' id='word_1_303' title='bbox 1445 4446 1571 4500; x_wconf 91' lang='lat' dir='ltr'><strong>novam,</strong></span> 
     </span>
     <span class='ocr_line' id='line_1_37' title="bbox 289 4534 1567 4614; baseline -0.002 -19"><span class='ocrx_word' id='word_1_304' title='bbox 289 4536 434 4596; x_wconf 89' lang='lat' dir='ltr'><strong>horreum</strong></span> <span class='ocrx_word' id='word_1_305' title='bbox 470 4536 597 4610; x_wconf 91' lang='lat' dir='ltr'><strong>bonum,</strong></span> <span class='ocrx_word' id='word_1_306' title='bbox 631 4534 831 4614; x_wconf 88' lang='lat' dir='ltr'><strong>loenilegium</strong></span> <span class='ocrx_word' id='word_1_307' title='bbox 855 4534 980 4607; x_wconf 89' lang='lat' dir='ltr'><strong>bonum,</strong></span> <span class='ocrx_word' id='word_1_308' title='bbox 1015 4553 1157 4594; x_wconf 87' lang='lat' dir='ltr'><strong>cameras</strong></span> <span class='ocrx_word' id='word_1_309' title='bbox 1190 4554 1246 4612; x_wconf 90' lang='lat' dir='ltr'><strong>pro</strong></span> <span class='ocrx_word' id='word_1_310' title='bbox 1280 4536 1436 4595; x_wconf 86' lang='lat' dir='ltr'><strong>trumento</strong></span> <span class='ocrx_word' id='word_1_311' title='bbox 1466 4535 1567 4593; x_wconf 91' lang='lat' dir='ltr'><strong>bonas</strong></span> 
     </span>
     <span class='ocr_line' id='line_1_38' title="bbox 288 4640 1566 4720; baseline -0.002 -16"><span class='ocrx_word' id='word_1_312' title='bbox 288 4642 446 4704; x_wconf 89' lang='lat' dir='ltr'><strong>asseribus</strong></span> <span class='ocrx_word' id='word_1_313' title='bbox 469 4650 578 4717; x_wconf 88' lang='lat' dir='ltr'><strong>tectas,</strong></span> <span class='ocrx_word' id='word_1_314' title='bbox 613 4643 707 4701; x_wconf 87' lang='lat' dir='ltr'><strong>haras</strong></span> <span class='ocrx_word' id='word_1_315' title='bbox 738 4640 759 4700; x_wconf 79' lang='lat'>4</span> <span class='ocrx_word' id='word_1_316' title='bbox 783 4641 935 4701; x_wconf 88' lang='lat' dir='ltr'><strong>clausuris</strong></span> <span class='ocrx_word' id='word_1_317' title='bbox 959 4642 1111 4719; x_wconf 90' lang='lat' dir='ltr'><strong>provisas,</strong></span> <span class='ocrx_word' id='word_1_318' title='bbox 1135 4650 1167 4701; x_wconf 87' lang='lat' dir='ltr'><strong>et</strong></span> <span class='ocrx_word' id='word_1_319' title='bbox 1190 4642 1347 4703; x_wconf 88' lang='lat' dir='ltr'><strong>assericeo</strong></span> <span class='ocrx_word' id='word_1_320' title='bbox 1378 4650 1460 4701; x_wconf 84' lang='lat' dir='ltr'><strong>tecto</strong></span> <span class='ocrx_word' id='word_1_321' title='bbox 1492 4662 1566 4720; x_wconf 90' lang='lat' dir='ltr'><strong>pro-</strong></span> 
     </span>
     <span class='ocr_line' id='line_1_39' title="bbox 287 4749 1562 4829; baseline -0.001 -18"><span class='ocrx_word' id='word_1_322' title='bbox 287 4752 371 4811; x_wconf 91' lang='lat' dir='ltr'><strong>visas</strong></span> <span class='ocrx_word' id='word_1_323' title='bbox 405 4750 558 4829; x_wconf 85' lang='lat' dir='ltr'><strong>antiquas,</strong></span> <span class='ocrx_word' id='word_1_324' title='bbox 591 4768 689 4827; x_wconf 88' lang='lat' dir='ltr'><strong>penes</strong></span> <span class='ocrx_word' id='word_1_325' title='bbox 724 4749 869 4809; x_wconf 91' lang='lat' dir='ltr'><strong>horreum</strong></span> <span class='ocrx_word' id='word_1_326' title='bbox 906 4768 1064 4810; x_wconf 88' lang='lat' dir='ltr'><strong>cameram</strong></span> <span class='ocrx_word' id='word_1_327' title='bbox 1098 4751 1224 4826; x_wconf 90' lang='lat' dir='ltr'><strong>bonam,</strong></span> <span class='ocrx_word' id='word_1_328' title='bbox 1253 4750 1369 4809; x_wconf 90' lang='lat' dir='ltr'><strong>robora</strong></span> <span class='ocrx_word' id='word_1_329' title='bbox 1392 4768 1448 4828; x_wconf 89' lang='lat' dir='ltr'><strong>pro</strong></span> <span class='ocrx_word' id='word_1_330' title='bbox 1472 4750 1562 4810; x_wconf 91' lang='lat' dir='ltr'><strong>novis</strong></span> 
     </span>
     <span class='ocr_line' id='line_1_40' title="bbox 287 4854 1438 4935; baseline 0 -18"><span class='ocrx_word' id='word_1_331' title='bbox 287 4858 372 4918; x_wconf 89' lang='lat' dir='ltr'><strong>haris</strong></span> <span class='ocrx_word' id='word_1_332' title='bbox 398 4857 557 4933; x_wconf 86' lang='lat' dir='ltr'><strong>erigendis</strong></span> <span class='ocrx_word' id='word_1_333' title='bbox 580 4854 622 4916; x_wconf 88' lang='grc'><strong>32</strong></span> <span class='ocrx_word' id='word_1_334' title='bbox 652 4876 742 4925; x_wconf 87' lang='lat' dir='ltr'><strong>nova,</strong></span> <span class='ocrx_word' id='word_1_335' title='bbox 766 4857 926 4916; x_wconf 88' lang='lat' dir='ltr'><strong>lomacem</strong></span> <span class='ocrx_word' id='word_1_336' title='bbox 950 4858 1118 4935; x_wconf 84' lang='lat' dir='ltr'><strong>pistoream</strong></span> <span class='ocrx_word' id='word_1_337' title='bbox 1144 4865 1226 4917; x_wconf 91' lang='lat' dir='ltr'><strong>tecto</strong></span> <span class='ocrx_word' id='word_1_338' title='bbox 1250 4856 1438 4917; x_wconf 87' lang='lat' dir='ltr'><strong>destitutam.</strong></span> 
     </span>
    </p>

    <p class='ocr_par' dir='ltr' id='par_1_9' title="bbox 401 4962 1569 5046">
     <span class='ocr_line' id='line_1_41' title="bbox 401 4962 1569 5046; baseline -0.002 -19"><span class='ocrx_word' id='word_1_339' title='bbox 401 4962 448 5027; x_wconf 88' lang='grc'><strong>13.</strong></span> <span class='ocrx_word' id='word_1_340' title='bbox 473 4965 592 5025; x_wconf 91' lang='lat' dir='ltr'><strong>Nobilis</strong></span> <span class='ocrx_word' id='word_1_341' title='bbox 619 4966 768 5046; x_wconf 89' lang='lat' dir='ltr'><strong>Iosephus</strong></span> <span class='ocrx_word' id='word_1_342' title='bbox 792 4966 898 5027; x_wconf 89' lang='lat' dir='ltr'><strong>Koosz</strong></span> <span class='ocrx_word' id='word_1_343' title='bbox 921 4965 1018 5027; x_wconf 87' lang='lat' dir='ltr'><strong>habet</strong></span> <span class='ocrx_word' id='word_1_344' title='bbox 1041 4966 1261 5026; x_wconf 87' lang='lat' dir='ltr'><strong>domunculam</strong></span> <span class='ocrx_word' id='word_1_345' title='bbox 1285 4964 1445 5046; x_wconf 91' lang='lat' dir='ltr'><strong>antiquam</strong></span> <span class='ocrx_word' id='word_1_346' title='bbox 1478 4967 1569 5026; x_wconf 86' lang='lat' dir='ltr'><strong>valde</strong></span> 
     </span>
    </p>
   </div>
   <div class='ocr_carea' id='block_1_9' title="bbox 0 0 1973 5550">
    <p class='ocr_par' dir='ltr' id='par_1_10' title="bbox 0 0 1973 5550">
     <span class='ocr_line' id='line_1_42' title="bbox 0 0 1973 5550; baseline 0 0"><span class='ocrx_word' id='word_1_347' title='bbox 0 0 1973 5550; x_wconf 95' lang='lat' dir='ltr'><strong> </strong></span> 
     </span>
    </p>
   </div>
  </div>
 </body>
</html>
