3934 5550
440 400 507 463 538

437 618 519 677 tibus
544 618 627 695 apud
650 624 792 678 sanctam
815 617 1020 677 Catharinam
1045 626 1076 678 et
1099 617 1204 696 utique
1228 618 1260 677 in
1283 617 1436 679 universis
1461 619 1711 696 possessionibus

439 726 558 805 antiqui
581 726 634 806 qui
658 735 755 802 erant,
779 726 811 785 in
834 726 945 786 iisdem
969 726 1079 786 officiis
1103 727 1168 787 suis
1191 727 1425 788 confirmantur.

545 832 627 893 Cum
659 835 783 894 demum
814 835 949 911 peractis
975 834 1150 894 officiorum
1173 835 1230 895 rite
1255 834 1514 895 valedictionibus
1538 844 1569 896 et
1592 836 1716 896 electio·

437 941 537 1015 nibus,
561 960 728 1001 necessum
752 950 808 1015 est,
831 950 866 1000 ut
880 941 1030 1002 olficiales
1051 950 1083 1001 et
1098 950 1262 1002 exactores
1285 961 1349 1002 una
1372 962 1444 1002 cum
1467 944 1608 1023 generali
1626 963 1716 1004 exac-

436 1057 503 1108 tore
527 1048 664 1128 antiquo,
688 1049 800 1109 comite
826 1048 966 1128 Georgio
990 1067 1103 1128 nempe
1127 1049 1283 1123 Arbanaz,
1307 1068 1430 1110 necnon
1455 1070 1525 1110 cum
1549 1051 1716 1129 praelectis

437 1155 537 1217 silvae
560 1156 713 1216 rationem
731 1157 770 1216 de
786 1155 941 1234 perceptis
958 1156 1042 1230 dent,
1066 1157 1267 1216 committitur
1291 1157 1410 1217 eisdem
1426 1157 1577 1218 terminus
1594 1158 1718 1217 abhinc

441 1271 555 1324 octava
588 1263 664 1339 dies,
695 1271 727 1323 et
757 1264 798 1324 ad
829 1264 962 1324 eandem
987 1264 1175 1344 exigendam
1206 1265 1354 1345 egregius
1386 1265 1564 1325 Ludovicus
1587 1265 1718 1346 Vagich,

439 1372 609 1431 modernus
632 1390 738 1431 comes
763 1371 876 1450 Campi
892 1371 1135 1450 Turopoliensis,
1159 1373 1438 1434 reverendissimus
1459 1374 1602 1434 dominus
1619 1373 1716 1433 Geor·

437 1478 509 1558 gius
537 1478 717 1558 Pogledich,
740 1480 849 1540 Simon
880 1479 1056 1557 Pliuschak,
1090 1481 1269 1559 Stephanus
1304 1481 1501 1558 Suastouieh,
1537 1483 1614 1542 alter
1648 1482 1717 1541 Ste-

438 1587 562 1664 phanus
586 1586 752 1664 Plepelich,
776 1587 933 1668 Georgius
949 1588 1138 1660 Blaskouich
1162 1607 1224 1648 non
1241 1589 1385 1658 obstante
1409 1589 1500 1648 unius
1525 1589 1574 1648 vel
1591 1589 1717 1649 alterius

438 1694 590 1770 absentia,
614 1696 788 1774 deputatur.

543 1802 593 1862 Ad
624 1805 784 1883 querelam
815 1805 963 1865 nobilium
993 1805 1130 1865 Simonis
1161 1806 1337 1881 Pliuschak,
1366 1806 1489 1879 fiscalis,
1522 1815 1553 1865 et
1586 1805 1716 1886 Georgii

436 1909 592 1986 Arbanaz,
616 1912 734 1992 antiqui
759 1912 889 1988 comitis
922 1914 1039 1973 tactam
1072 1922 1180 1974 contra
1204 1914 1282 1974 filios
1303 1915 1450 1975 Andreae
1474 1914 1587 1975 literati
1610 1913 1714 1974 Ched-

435 2017 598 2093 nekouich,
630 2019 684 2097 qui
712 2019 845 2081 literalia
876 2021 1081 2082 instrumenta
1115 2022 1284 2082 antelatam
1309 2021 1564 2082 communitatem
1588 2038 1714 2081 concer-

435 2125 550 2192 nentia.
573 2125 682 2206 sigillis
706 2128 901 2188 comitalibus
924 2129 1101 2210 obsignata,
1126 2129 1156 2189 in
1180 2129 1272 2190 certis
1297 2130 1381 2190 cistis
1405 2130 1622 2204 devulsissent,
1647 2129 1707 2189 dis·

437 2232 606 2294 traxissent
641 2243 672 2294 et
707 2237 912 2314 aperuissent,
947 2238 1122 2318 eademque
1156 2237 1288 2298 literalia
1323 2240 1527 2298 instrumenta
1562 2236 1716 2298 nonnullis

435 2341 577 2418 personis
612 2343 744 2404 lustrare
774 2344 991 2423 permisissent
1022 2354 1053 2406 et
1076 2346 1306 2406 concessissent
1330 2347 1423 2406 etiam
1456 2346 1620 2419 extraneis,
1644 2345 1715 2406 ideo

435 2466 491 2525 per
515 2448 667 2509 eiusmodi
691 2470 855 2512 excessum
879 2471 940 2512 non
964 2453 1065 2512 solum
1088 2453 1142 2514 filii
1159 2453 1299 2513 annotati
1315 2453 1427 2514 literati
1444 2454 1589 2513 Andreae
1606 2452 1709 2513 Ched-

436 2556 599 2631 nekouich,
629 2560 686 2618 sed
717 2569 747 2619 et
771 2561 962 2640 lustratores,
994 2562 1139 2623 videlicet
1169 2562 1280 2623 nobilis
1310 2563 1444 2622 loannes
1475 2563 1645 2641 Ztepanicb
1682 2572 1712 2622 et

437 2663 587 2725 Matthias
618 2665 754 2743 Czeliclr,
779 2676 810 2728 et
841 2669 891 2729 alii
916 2670 943 2729 si
966 2670 1019 2748 qui
1043 2670 1207 2749 comperiri
1231 2679 1261 2730 et
1285 2671 1391 2730 resciri
1415 2670 1557 2749 poterint,
1583 2671 1622 2730 ad
1646 2670 1707 2749 pri·

431 2770 525 2832 mitus
555 2775 722 2836 affuturam
752 2779 861 2838 sedem
888 2780 1051 2857 spanalem
1075 2779 1190 2839 citandi
1213 2788 1244 2839 et
1268 2780 1420 2839 evocandi
1445 2778 1629 2853 decernitur,
1654 2778 1707 2838 ubi

432 2879 525 2941 finale
549 2882 696 2943 iudicium
720 2886 882 2964 accipient.

538 2990 585 3048 Ex
602 3011 663 3069 quo
679 2993 806 3052 nonnuli
829 2993 914 3053 fures
930 2995 961 3054 in
974 2995 1154 3075 captivitate
1172 2996 1349 3069 existerent,
1373 3003 1578 3074 sumptusque
1602 3012 1708 3055 essen·

431 3097 505 3155 tiam
531 3098 570 3157 ad
587 3098 619 3158 id
636 3101 814 3175 necessarii,
831 3121 933 3181 neque
956 3104 988 3163 id
1012 3104 1077 3162 siue
1103 3102 1206 3181 aliqua
1226 3103 1452 3163 contributione
1473 3103 1579 3182 perfici
1603 3122 1705 3181 posse,

430 3204 502 3264 ideo
525 3207 665 3267 unanimi
688 3215 761 3268 voto
785 3210 961 3269 decernitur
984 3230 1055 3270 eam
1079 3211 1301 3290 imponendam
1324 3229 1394 3270 esse
1419 3230 1474 3289 per
1498 3230 1553 3270 sex
1569 3229 1706 3291 grossos,

431 3332 468 3371 ac
493 3332 610 3391 eosque
635 3315 675 3374 ad
698 3315 812 3375 testum
843 3317 1067 3394 purificationis
1096 3319 1128 3379 Β.
1146 3318 1188 3379 Μ.
1209 3311 1355 3398 virginis³
1379 3318 1436 3377 sub
1460 3336 1563 3397 poena
1594 3318 1708 3397 duplae

431 3420 618 3501 exigendam
649 3424 753 3484 medio
785 3426 1029 3503 praemissorum
1065 3426 1385 3505 superintendendum
1428 3426 1524 3506 vulgo
1569 3444 1707 3486 saczme-

431 3537 573 3602 suorum,
597 3531 650 3609 qui
674 3532 768 3593 etiam
792 3542 956 3595 exactores
988 3535 1079 3595 simul
1105 3534 1343 3611 constituuntur,
1368 3553 1471 3613 poena
1495 3553 1571 3594 vero
1595 3533 1709 3612 duplae

430 3634 596 3713 incurrent,
627 3638 653 3697 si
683 3640 753 3718 quis
786 3647 858 3701 ante
889 3642 1096 3719 praemissum
1127 3643 1241 3702 festum
1273 3639 1454 3720 persolvere
1477 3636 1631 3722 neglexit⁴
1656 3651 1710 3701 aut

430 3760 492 3801 non
515 3743 656 3819 voluerit,
688 3747 729 3806 ad
761 3748 919 3808 dominum
952 3750 1097 3810 comitem
1122 3769 1178 3828 per
1201 3756 1403 3828 praenotatos
1428 3757 1591 3809 exactores
1614 3748 1670 3809 def
1686 3782 1702 3793 -

430 3849 569 3924 rendam,
600 3854 653 3931 qui
685 3853 712 3913 si
744 3855 838 3915 etiam
863 3858 1100 3933 committerent,
1132 3866 1245 3919 extunc
1277 3858 1420 3918 dominus
1453 3876 1558 3917 eomes
1592 3855 1709 3916 scilicet

429 3963 607 4017 exactorem
641 3959 738 4021 libere
768 3963 878 4039 punire
910 3972 941 4023 et
971 3964 1124 4024 eiusmodi
1154 3966 1281 4043 duplam
1317 3984 1354 4025 ex
1388 3986 1426 4025 eo
1454 3966 1570 4026 habere
1594 3964 1708 4042 poterit

429 4062 540 4145 vigore
563 4070 738 4144 praesentis
762 4070 970 4131 conclusionis
994 4080 1025 4131 et
1047 4073 1214 4135 constituti.

911 4180 1089 4240 Ludovicus
1113 4181 1245 4261 Vagich,
1278 4200 1384 4241 comes
1415 4180 1570 4241 terrestris
1598 4180 1663 4240 uni·

911 4287 1068 4348 versitatis
1099 4288 1245 4348 nobilium
1271 4288 1384 4367 Campi
1407 4288 1586 4366 Turopolia,
1609 4307 1666 4366 per

1069 4415 1163 4474 quern
1188 4406 1220 4456 et
1242 4407 1384 4457 correcta
1411 4416 1450 4458 m.
1475 4416 1503 4475 p.

533 4496 679 4569 Originale
697 4500 901 4567 protocollum:
919 4502 1176 4557 Politicoiuridica.
1197 4518 1293 4556 annor.
1321 4500 1515 4557 reon-1702.
1541 4518 1605 4574 pag.
1630 4502 1708 4557 1-3.

428 4585 459 4639 ln
477 4586 592 4641 archivo
612 4603 754 4641 commun.
776 4589 843 4642 nob.
862 4590 900 4643 dc
917 4590 1081 4662 Turopolje.

537 4711 706 4780 ¹scriptum
733 4718 985 4772 ‹convertendos‹.
1030 4717 1196 4786 'scripturn
1216 4720 1381 4785 „adnesto‘·.
1421 4720 1472 4773 ’a
1494 4718 1572 4773 1651.
1592 4720 1616 4773 2.
1638 4720 1707 4772 febr.

428 4801 439 4830 ⁴
458 4802 500 4855 sic
519 4801 707 4873 (neglexerit).

1052 4916 1133 4997 *Ι*
