3934 5550
940 650 943 655 '
1039 630 1081 699 ln
1105 628 1247 699 ultima
1271 635 1442 718 pagina:

913 759 1054 825 Thomas
1078 764 1267 842 Lacknuych
1294 812 1300 825 .
1324 764 1394 827 den.
1423 762 1447 824 l.
1466 762 1556 823 solvit

916 848 1247 959 Paulus'Mudych'.
1295 920 1300 933 .
1351 894 1363 925 ›
1418 870 1444 934 l.
1495 892 1507 925 »
1610 918 1612 925 ,

916 956 1044 1037 Marcus
1067 967 1303 1057 Stephanych.
1353 1001 1366 1033 ›
1421 978 1447 1041 l.
1481 974 1511 1032 s»

915 1083 1053 1145 Dorotea
1077 1078 1323 1161 Czuetano'nych
1352 1108 1364 1139 ›
1420 1084 1444 1146 l.

914 1191 1073 1271 Georgius
1097 1192 1301 1271 Pogledych.
1353 1216 1366 1247 l
1421 1192 1444 1251 1.

915 1298 1029 1358 Micael
1054 1300 1196 1359 Horuath
1244 1347 1250 1359 .
1297 1346 1303 1360 .
1354 1322 1366 1351 i
1423 1302 1447 1361 l.

916 1406 1065 1466 Nicolaus
1092 1406 1249 1485 Pepelych
1297 1454 1303 1467 .
1353 1429 1366 1461 n
1421 1405 1446 1467 l.

839 1600 843 1607 ἱ
987 1526 1132 1597 Originale
1161 1528 1350 1581 chartaceum.
1384 1529 1415 1581 ln
1444 1529 1557 1583 archivo

916 1632 1059 1671 commun.
1079 1618 1146 1671 nob.
1165 1618 1202 1670 de
1223 1616 1390 1687 Turopolje:
1410 1616 1559 1687 Conscrip-

915 1706 1018 1759 tiones.

381 1832 551 1887 'Addimus
571 1848 588 1886 a
606 1831 694 1885 latere
722 1831 815 1884 simile
844 1830 1004 1900 registrum,
1032 1832 1110 1900 quod
1139 1832 1297 1885 solutiones
1325 1840 1413 1887 notat.
1439 1832 1558 1885 Nomina

271 1925 347 1977 idem
367 1930 442 1989 sunt,
461 1938 535 1991 quae
554 1923 582 1974 in
601 1922 706 1989 primo;
725 1921 803 1989 quod
822 1921 945 1973 variatur
957 1922 1124 1988 inscriptum
1144 1928 1196 1975 est.
1236 1920 1247 1950 ¹
1265 1922 1399 1991 Sequitur
1418 1922 1557 1975 deletum:

272 2014 413 2068 »Thomas
423 2012 594 2083 lackouych
615 2054 621 2066 .
641 2053 647 2065 .
667 2012 731 2064 den.
752 2010 907 2065 bOsolvit.‹
945 2012 953 2037 ¹
971 2010 1106 2079 Sequitur
1115 2012 1254 2065 deletum:
1276 2012 1402 2066 »Relicta
1420 2013 1554 2066 Matthiae

270 2104 369 2157 Mlinar
388 2141 395 2154 .
415 2141 422 2153 .
442 2104 507 2156 den.
526 2100 693 2155 35.s01vit.‹
732 2100 836 2154 ‘Ante
848 2101 920 2154 haec
939 2101 968 2153 in
988 2100 1042 2154 hoc
1055 2102 1177 2170 registro
1191 2102 1269 2169 prius
1282 2102 1552 2173 Rakaryeoccurrit.

271 2194 432 2263 'Sequitur
450 2192 596 2246 deletum:
617 2191 735 2245 »Paulus
754 2190 876 2261 Mudych
895 2191 961 2243 den.
987 2189 1047 2243 30.‹
1088 2190 1157 2243 'sic
1186 2190 1348 2262 (Gorycha).
1387 2190 1396 2219 ¹
1426 2191 1554 2259 sequitur

269 2285 395 2339 deletum
417 2284 460 2336 »tl
481 2284 505 2336 l.
525 2283 590 2335 den.
610 2281 670 2334 su«
710 2282 867 2351 ³sequitur
886 2280 1025 2333 deletum:
1047 2278 1158 2333 »Gener
1177 2278 1261 2333 Marci
1281 2279 1472 2349 Radenchych
1487 2280 1551 2332 den.

271 2374 314 2427 db.
332 2373 416 2426 solvit
444 2370 586 2443 Georgius
600 2366 733 2435 ¹Czuetlro
752 2371 817 2423 den.
836 2368 871 2422 ab
899 2368 991 2422 solvit.
1011 2367 1167 2437 Gregorius
1188 2368 1298 2438 Notych
1317 2370 1382 2422 den.
1401 2368 1443 2421 25.

883 2654 955 2725 37.

376 2856 470 2916 Anno
498 2853 591 2918 1601.
616 2853 645 2917 8.
671 2857 784 2935 aprilis.
809 2857 1037 2934 Wolrowynae.

381 3054 518 3113 loannes
541 3053 758 3130 Draslrowych
781 3061 839 3112 etc.
863 3053 974 3126 banus,
998 3053 1133 3132 capitulo
1158 3054 1231 3114 eccl.
1257 3053 1472 3116 Chasmensis.
1496 3054 1556 3115 Ex·

272 3162 408 3241 positum
434 3169 483 3220 est
505 3160 564 3239 ipsi
588 3160 618 3220 in
642 3179 778 3238 persona
802 3161 924 3240 egregii
948 3161 1073 3220 loannis
1097 3161 1279 3241 Pogledych
1295 3161 1334 3220 de
1350 3161 1556 3238 Kwrylowcz,

274 3269 396 3330 comitis
418 3277 500 3338 terr„
525 3287 562 3328 ac
586 3266 803 3327 universorum
827 3267 975 3328 nobilium
1001 3267 1115 3346 Campi
1141 3268 1369 3346 Zagrabiensis,
1399 3272 1556 3347 quomodo

272 3375 412 3454 proxime
429 3373 606 3454 praeteritis
622 3373 733 3434 diebus
749 3393 856 3434 comes
880 3375 1021 3435 Thomas
1042 3375 1200 3453 Erdewdy
1215 3385 1273 3435 etc.
1295 3376 1458 3436 universos
1480 3397 1556 3438 usus

270 3483 413 3545 territorii
437 3483 494 3558 sui,
518 3483 662 3544 videlicet
686 3492 860 3543 castrorum
882 3484 978 3561 Selyn
1002 3493 1033 3542 et
1058 3481 1188 3559 Wywar
1212 3485 1242 3544 in
1259 3485 1408 3544 comitatu
1434 3485 1553 3565 Zagra-

271 3591 371 3652 biensi
395 3591 601 3664 existentium,
625 3590 744 3651 eisdem
767 3590 921 3651 nobilibus
944 3591 1048 3651 medio
1073 3592 1194 3672 egregii
1220 3591 1307 3651 Pauli
1324 3592 1553 3667 Schytaroszy,

272 3697 553 3769 iudicisnohilium
590 3699 756 3758 comitatus
790 3699 1013 3777 Zagrabiensis
1049 3698 1266 3758 interdixisset.
1299 3699 1359 3758 Pro
1393 3717 1431 3757 eo
1464 3699 1545 3758 ilem

273 3808 373 3866 banus
406 3806 571 3866 committit
597 3805 733 3884 capitulo
757 3805 945 3884 supradicto,
969 3815 1004 3864 ut
1037 3825 1094 3886 per
1125 3805 1283 3866 hominem
1320 3806 1445 3884 capituli
1481 3807 1556 3866 fide·

276 3915 404 3994 dignum
430 3921 609 3973 ammoneat
632 3912 826 3990 praedictum
850 3912 996 3972 comitem
1021 3913 1175 3973 Thomam
1201 3913 1367 3990 Erdewdy‚
1400 3921 1433 3971 ut
1464 3914 1555 3986 idem,

274 4041 396 4083 necnon
433 4020 590 4092 oiticiales¹
616 4019 784 4080 servitores
807 4029 839 4079 et
861 4019 1046 4099 iobagiones
1071 4020 1167 4099 ipsius
1192 4019 1321 4096 comitis,
1346 4021 1385 4079 ab
1402 4019 1555 4080 universis

274 4129 536 4209 pascuationibus,
560 4127 784 4189 suscisionibus
808 4128 952 4186 arborum
977 4125 1231 4206 glandiierarum,
1249 4147 1286 4186 ac
1303 4127 1432 4187 aliorum
1455 4127 1553 4206 ligno·

276 4257 362 4312 rum,·
376 4245 407 4296 et
431 4255 542 4295 usuum
556 4223 702 4294 territorii
725 4233 873 4293 nobilium
898 4233 1012 4311 Campi
1035 4233 1267 4313 Zagrabiensis‚
1291 4253 1361 4294 sese
1385 4235 1425 4294 de
1448 4244 1553 4294 cetero

162 4387 172 4402 .
274 4344 466 4418 abstineant;
491 4361 530 4402 ac
561 4341 707 4421 quicquid
730 4341 797 4419 ipse
823 4359 931 4400 comes
953 4340 1065 4400 dixerit
1090 4342 1138 4401 vel
1163 4341 1365 4418 responderit,
1390 4340 1475 4400 iuxta
1506 4361 1553 4401 re·

274 4453 420 4512 lationem
446 4451 519 4510 dicti
543 4449 676 4510 hominis
699 4447 825 4527 capituli
849 4447 955 4507 literas
979 4448 1206 4507 testimoniales
1223 4447 1372 4526 praefatis
1399 4467 1555 4526 exponen·

273 4561 355 4620 tibus
379 4533 543 4619 extradare
568 4557 683 4617 debeat
705 4555 898 4635 praedictum
922 4555 1090 4634 capitulum
1116 4554 1323 4615 Chasmense.

380 4701 525 4772 Originale
538 4700 726 4762 chartaceum,
740 4699 841 4751 subtus
855 4713 1022 4765 oppressum
1037 4703 1082 4750 est
1095 4696 1225 4766 sigillum.
1241 4698 1272 4748 ln
1287 4696 1400 4748 archivo
1416 4712 1553 4750 commun

274 4794 339 4846 nob.
359 4793 396 4845 de
414 4791 576 4861 Turopolje.
