3934 5550
1074 619 1116 686 ⁷.

559 779 651 840 Anno
679 778 770 842 1805.
795 779 845 842 25.
869 780 1049 840 novembris
1076 799 1176 859 usque
1200 797 1341 838 mensem
1363 778 1554 838 februarium
1579 797 1605 837 a.
1635 775 1733 836 1806.

453 886 639 966 Zagrabiae.

454 1041 638 1107 Articulus
669 1044 948 1130 congregationis
975 1046 1162 1108 comitatus
1185 1041 1432 1129 Zagvabiensis
1455 1043 1496 1106 de
1518 1042 1737 1106 testimonia·

454 1148 544 1213 lilius
569 1156 675 1235 super
706 1150 883 1216 nobilitate
905 1158 966 1235 per
989 1151 1255 1214 universitatem
1288 1150 1410 1234 Campi
1439 1149 1631 1235 Turopolya
1664 1171 1741 1212 ain·

871 1257 968 1343 plius
992 1279 1062 1322 non
1085 1257 1319 1321 extrudendis.

563 1456 656 1516 Anno
687 1457 804 1517 domini
834 1457 998 1517 millesimo
1027 1457 1288 1536 octingentesimo
1312 1457 1430 1535 quinto,
1455 1455 1505 1514 die
1529 1475 1605 1516 vero
1630 1454 1681 1515 25.
1707 1467 1743 1514 et

456 1563 658 1641 sequentibus
682 1563 798 1623 mensis
820 1564 1009 1636 novembris,
1042 1563 1225 1637 decembris,
1257 1563 1389 1624 ianuarii
1413 1571 1444 1622 et
1466 1562 1615 1622 februarii
1643 1559 1743 1626 1806.

457 1671 514 1728 sub
545 1671 701 1748 praesidio
732 1671 928 1731 illustrissimi
960 1671 1077 1731 domini
1111 1670 1232 1730 comitis
1265 1669 1392 1729 Antonii
1426 1669 1549 1729 Amade
1589 1664 1629 1728 de
1659 1671 1744 1728 Var-

457 1779 550 1853 kouy,
580 1778 721 1857 perpetui
753 1779 784 1836 iu
810 1779 1034 1854 Marczalih'oe,
1065 1799 1089 1839 s.
1113 1799 1138 1839 c.
1162 1787 1196 1837 et
1217 1798 1240 1837 r.
1266 1799 1292 1838 a.
1317 1777 1490 1837 maiestatis
1523 1777 1696 1852 camerarii,
1722 1779 1743 1837 i

457 1885 574 1944 ordinis
596 1904 621 1946 s,
651 1885 802 1963 Stephani
826 1886 910 1966 regis
935 1887 1096 1964 apostolici
1130 1885 1251 1966 equitis,
1283 1894 1314 1945 et
1343 1886 1470 1944 tabulae
1507 1885 1743 1964 septemviralis

457 1991 614 2065 coiudicis,
638 2000 670 2051 et
693 1992 787 2051 incliti
810 1993 975 2052 comitatus
1000 1993 1224 2074 Zagrabieusis
1248 1993 1386 2070 supremi
1411 1993 1541 2066 comitis,
1577 1993 1741 2053 celebrata

458 2099 614 2178 generalis
638 2099 779 2159 eiusdem
804 2101 897 2160 incliti
921 2101 1088 2160 comitatus
1112 2101 1329 2181 congregatio.

1062 2297 1143 2357 Acta

931 2455 1062 2534 (ceteris
1084 2457 1266 2535 exmissis).

945 2654 1181 2716 ARTICULUS
1206 2654 1257 2715 40.

568 2820 626 2878 De
658 2819 1070 2879 testimonialibus
1103 2822 1525 2897 supernobilitate
1550 2840 1624 2897 per
1651 2821 1742 2878 uni-

463 2928 739 2987 versitatem
770 2928 924 3006 Campi
958 2929 1227 3007 Turopolya
1259 2930 1457 3007 amplius
1487 2949 1572 2989 non
1595 2937 1743 2988 extra-

462 3035 640 3095 dandis

570 3198 616 3255 Ex
639 3198 794 3270 incidenti,
817 3199 902 3276 quod
918 3200 1075 3258 excelsum
1096 3199 1257 3259 consilium
1282 3219 1360 3279 erga
1383 3200 1499 3258 iactam
1523 3200 1562 3257 ab
1587 3198 1658 3257 hinc
1682 3198 1745 3257 sub

467 3304 491 3363 l.
515 3306 700 3382 septembris
737 3303 828 3367 1805.
858 3305 888 3363 in
922 3307 1033 3365 merito
1061 3307 1316 3367 testimonialium
1348 3328 1442 3385 super
1473 3306 1635 3366 nobilitate
1671 3306 1743 3364 Ste-

463 3414 557 3491 phani
581 3422 612 3472 et
636 3414 793 3472 Francisci
808 3413 951 3472 Volaricb
978 3432 1033 3490 per
1057 3414 1292 3475 universitatem
1309 3414 1421 3493 Campi
1438 3414 1618 3491 Turopolya
1635 3422 1739 3471 extra-

462 3522 615 3587 datarum.
641 3522 930 3581 remonstrationem
953 3522 994 3581 de
1018 3522 1155 3601 benigno
1181 3522 1267 3581 iussu
1293 3523 1379 3601 regio
1404 3523 1461 3581 sub
1490 3520 1537 3583 17.
1561 3521 1739 3581 decembris

464 3649 491 3689 a.
516 3650 544 3705 p.
567 3630 641 3688 Nro.
666 3626 792 3689 28.623.
816 3629 1048 3703 reintimaverit,
1065 3638 1099 3687 ut
1114 3640 1259 3689 cessante
1283 3630 1418 3689 ulteriori
1443 3630 1526 3689 circa
1548 3637 1739 3707 provocatas

465 3736 688 3795 testimoniales
712 3757 807 3813 super
831 3737 990 3796 nobilitate
1015 3713 1175 3815 nunquam
1201 3756 1255 3814 per
1280 3737 1515 3799 universitatem
1539 3736 1661 3813 Campi,
1685 3737 1745 3794 sed

466 3843 647 3901 comitatum
678 3843 760 3902 hunc
784 3843 997 3921 expediantur,
1024 3844 1195 3923 benignam
1218 3845 1300 3903 hanc
1325 3845 1546 3904 resolutionem
1571 3863 1641 3902 cum
1667 3844 1745 3902 sede

465 3949 626 4009 iudiciaria
656 3958 687 4009 et
718 3950 840 4028 Campo
872 3952 1052 4028 Turopolya
1080 3953 1183 4011 medio
1208 3952 1323 4012 domini
1347 3952 1495 4011 ordinarii
1519 3952 1628 4010 iudicis
1655 3951 1744 4010 nobi·

466 4058 541 4116 lium
564 4057 729 4138 Chegetek
752 4056 1046 4119 communicandam
1069 4059 1224 4119 ordinavit
1247 4060 1442 4120 universitas

941 4183 1073 4256 (ceteris
1099 4183 1284 4263 exmissis.)

790 4349 918 4407 Lectum
940 4349 1146 4422 extradatum,
1167 4348 1355 4425 publicatum
1372 4357 1404 4407 et
1420 4347 1700 4427 improtocollatum

790 4475 847 4533 per
872 4456 1036 4534 losephum
1061 4456 1245 4530 Kussevich,
1270 4455 1364 4515 incliti
1389 4455 1553 4515 comitatus
1584 4455 1702 4534 Zagra·

970 4564 1086 4624 biensis
1112 4565 1247 4623 iuratum
1270 4563 1424 4623 notarium
1449 4583 1488 4624 m.
1513 4583 1541 4640 p.

577 4705 765 4757 Protocollum
786 4706 1039 4775 congregationum
1058 4707 1212 4761 comitatus
1231 4706 1426 4773 Zagrabierrsis
1446 4722 1469 4758 a.
1492 4703 1577 4770 1805,
1597 4722 1622 4771 p.
1635 4703 1698 4757 870.
1718 4704 1751 4756 ln

475 4795 586 4849 archivo
606 4797 735 4849 eiusdem
754 4797 916 4850 comitatus.
