3934 5550
380 361 447 428 360

381 601 420 640 ex
447 579 553 640 solidis
576 577 738 638 roboribus
762 583 908 637 errectas.
932 576 1010 636 ltem
1032 577 1127 635 haras
1150 574 1309 635 maialium
1340 574 1524 650 mediocres,
1555 594 1659 636 came·

387 707 456 750 ram
479 687 696 746 frumentalem
730 684 890 764 antiquam
924 685 964 743 ad
996 684 1076 743 duas
1107 684 1268 743 clausuras
1300 683 1429 742 basibus
1459 682 1652 762 indigentem

377 805 459 856 tecto
484 794 566 854 bono
590 811 652 853 non
676 792 834 870 provisam
859 791 1017 851 assericio
1041 791 1120 850 Item
1143 809 1302 851 cameram
1325 791 1367 850 ad
1389 790 1470 850 duas
1492 791 1655 850 clausuras

329 919 331 922 ·
377 921 470 962 secus
493 901 616 974 bonam,
640 900 697 959 sed
720 906 803 958 tecto
826 898 909 958 bono
933 897 1083 958 assericio
1106 917 1169 957 non
1193 899 1359 976 provisam.
1392 897 1540 957 Culinam
1561 898 1657 956 forin-

378 1027 484 1069 secam
520 1009 681 1086 antiquam
713 1005 766 1066 ubi
798 1014 830 1066 et
859 1005 969 1065 fornax
1012 1005 1157 1084 pistorea,
1181 1013 1265 1065 tecto
1296 1005 1445 1065 assericio
1478 1023 1542 1064 non
1575 1005 1659 1064 bono

380 1115 548 1194 provisam.
571 1115 707 1174 Harulas
731 1113 880 1173 alatilium
905 1112 1051 1191 antiquas
1074 1110 1106 1171 in
1129 1120 1213 1172 statu
1236 1112 1395 1174 mediocri.

484 1219 515 1282 6.
540 1221 660 1282 Nobilis
690 1221 828 1280 Mathias
858 1219 979 1280 Stuban
1010 1220 1106 1280 habet
1136 1221 1264 1282 domum
1286 1221 1319 1279 in
1347 1227 1431 1280 statu
1461 1219 1598 1299 pessimo
1622 1229 1654 1280 et

378 1333 439 1390 hoc
461 1331 573 1391 saltem
596 1329 730 1409 primurn
746 1327 930 1402 cubiculum,
947 1328 1102 1407 posterius
1125 1328 1251 1404 nullum,
1267 1328 1413 1387 horreum
1433 1327 1595 1406 antiquum
1611 1345 1658 1386 re-

378 1437 541 1517 paratione
565 1437 719 1518 indigens,
743 1454 886 1496 cameras
910 1435 951 1495 ad
973 1446 1038 1496 tres
1062 1437 1224 1495 clausuras
1240 1454 1348 1509 novas,
1364 1436 1459 1495 haras
1475 1433 1656 1494 animalium

379 1547 421 1606 ad
443 1547 604 1606 clausuras
628 1542 658 1620 4,
682 1544 811 1603 basibus
837 1551 868 1603 et
896 1543 1094 1622 reparatione
1109 1542 1296 1623 indigentes,
1312 1543 1473 1602 fornacem
1488 1541 1658 1620 pistoream

382 1652 582 1714 mediocrem.

487 1759 517 1822 7.
541 1759 660 1819 Nobilis
684 1759 807 1820 Blasius
831 1760 952 1820 Stuban
975 1759 1070 1819 habet
1094 1759 1222 1818 domum
1245 1777 1361 1819 novam
1385 1777 1424 1817 ex
1441 1757 1549 1818 solidis
1565 1756 1655 1816 robo-

380 1868 465 1928 ribus
481 1875 633 1928 erreetam
650 1866 794 1927 omnibus
809 1866 977 1946 provisam.
994 1867 1072 1927 ltem
1086 1868 1233 1927 horreum
1249 1866 1410 1946 antiquum
1426 1884 1520 1925 secus
1535 1865 1661 1939 bonum,

380 1977 475 2038 haras
505 1975 664 2034 maialium
698 1993 806 2048 novas,
830 1993 990 2034 cameram
1018 1974 1237 2034 frumentalem
1266 1975 1382 2034 bonam
1413 1973 1558 2033 omnibus
1589 1991 1660 2051 pro·

382 2085 490 2158 visam,
521 2085 616 2144 haras
651 2082 831 2143 animalium
855 2083 895 2142 ad
919 2091 982 2142 tres
1014 2084 1176 2145 clausuras
1206 2082 1334 2142 basibus
1366 2082 1553 2161 indigentes
1585 2081 1661 2139 ltem

381 2193 539 2252 camerula
562 2191 684 2270 privata
708 2191 829 2250 Nicolai
853 2191 930 2250 satis
953 2191 1045 2251 bona.
1070 2192 1147 2250 Item
1169 2191 1329 2250 camerula
1352 2189 1475 2267 privata
1498 2187 1658 2246 Barbarae

384 2301 498 2360 viduae
522 2299 554 2358 in
577 2300 659 2358 bono
682 2307 775 2360 statu.
799 2299 876 2358 ltenr
900 2299 1028 2359 domum
1050 2298 1193 2358 fabrilem
1216 2297 1378 2376 antiquam
1399 2304 1484 2356 tecto
1500 2295 1584 2353 bono
1601 2315 1663 2353 non

381 2409 541 2487 provisam
564 2426 620 2486 per
643 2406 877 2486 negligentiam,
900 2406 1061 2467 lomacem
1091 2406 1262 2485 pistoream
1292 2405 1499 2484 pariformiter
1531 2405 1574 2463 uti
1607 2404 1661 2463 do·

385 2535 455 2576 mus
479 2515 603 2576 fabrilis.
785 2515 788 2518 ’

489 2621 520 2688 8.
543 2623 679 2682 Mathias
710 2621 831 2682 Stuban
860 2621 955 2682 habet
984 2623 1113 2682 domum
1144 2641 1260 2681 novam
1291 2640 1329 2681 ex
1361 2622 1468 2682 solidis
1499 2620 1663 2681 roboribus

383 2733 499 2793 factam
522 2731 656 2811 denique
679 2730 823 2791 omnibus
853 2729 1021 2809 provisam.
1051 2732 1129 2791 ltern
1163 2731 1310 2791 horreum
1343 2730 1503 2810 antiquum
1536 2748 1662 2809 repara·

383 2840 477 2917 tione,
504 2848 536 2899 et
570 2838 654 2899 aliud
688 2839 865 2899 horreolum
905 2838 1013 2898 itidem
1053 2839 1250 2917 reparatione
1293 2840 1520 2913 necessarium,
1567 2838 1662 2897 haras

385 2948 564 3009 animalium
588 2948 629 3007 ad
652 2945 673 3006 4
697 2948 859 3007 clausuras
883 2946 1058 3007 mediocres
1081 2946 1209 3007 basibus
1231 2945 1426 3026 indigentes3
1457 2946 1531 3006 item
1566 2947 1661 3005 haras

385 3055 552 3132 maialium,
575 3063 607 3115 et
630 3054 786 3115 stabulum
809 3053 867 3114 sub
891 3073 954 3113 uno
977 3063 1060 3113 tecto
1091 3054 1186 3115 etiam
1210 3053 1338 3114 basibus
1361 3052 1556 3133 indigentes3
1592 3054 1665 3113 item

385 3182 543 3225 cameram
566 3164 784 3223 frumentalem
807 3164 938 3237 bonam;
961 3162 1036 3221 item
1071 3163 1166 3222 haras
1197 3162 1297 3223 bonas
1312 3170 1397 3222 tecto
1418 3162 1567 3222 assericio
1584 3162 1668 3220 bono

385 3292 448 3333 non
470 3272 622 3351 provisas.
645 3272 722 3331 ltem
746 3278 817 3349 post
840 3270 968 3331 domum
992 3289 1107 3331 novam
1131 3270 1194 3330 alia
1217 3271 1329 3331 domus
1360 3270 1489 3349 antiqua
1519 3270 1551 3329 in
1583 3277 1667 3329 statu

387 3380 532 3460 pessim0,
556 3398 637 3458 quae
661 3378 773 3438 domus
789 3386 837 3438 est
860 3378 1020 3457 Stephani,
1044 3379 1097 3458 qui
1117 3378 1230 3438 alicubi
1252 3379 1284 3438 in
1307 3378 1447 3457 partibus
1471 3376 1667 3437 inferioribus

386 3488 551 3548 Sclavonie
574 3506 630 3565 per
656 3505 755 3545 annos
783 3484 821 3545 12
846 3496 990 3565 vagatur,
1006 3486 1094 3547 cuius
1118 3504 1195 3545 uxor
1219 3486 1379 3545 Dorothea
1394 3504 1466 3545 cum
1490 3486 1577 3563 prole
1593 3484 1667 3543 Hel·

386 3598 457 3655 lena
481 3603 529 3654 est
553 3593 644 3654 simul
668 3594 698 3653 in
722 3594 815 3653 domo
838 3612 930 3668 nova,
962 3613 1057 3673 quam
1087 3595 1213 3654 domum
1237 3594 1397 3672 antiquam
1428 3595 1544 3673 hospes
1575 3594 1670 3652 vellet

388 3702 535 3775 vendere,
560 3709 591 3761 et
614 3702 640 3761 si
665 3700 770 3761 debita
786 3702 932 3761 exolvere
950 3701 1128 3761 admitteret
1151 3700 1293 3779 praefata
1316 3701 1485 3778 Dorothea,
1509 3720 1590 3780 quae
1614 3700 1669 3759 do·

387 3826 457 3869 mus
480 3808 620 3887 proxime
644 3816 775 3881 corruet,
797 3808 856 3867 nisi
881 3808 1043 3868 vendatur.

494 3913 524 3975 9.
548 3915 666 3975 Nobilis
690 3916 833 3977 Andreas
850 3916 1017 3977 Krisanich
1039 3916 1071 3975 in
1094 3916 1189 3977 domo
1212 3916 1303 3975 simul
1326 3917 1477 3996 Stephani
1501 3916 1667 3977 Chumlich

388 4022 543 4098 habitans,
559 4023 654 4084 habet
677 4008 804 4083 domum
829 4024 859 4083 ln
882 4023 1021 4103 pessimo
1045 4032 1136 4097 statu,
1160 4024 1213 4083 ubi
1230 4043 1345 4083 novam
1360 4023 1477 4103 incepit
1489 4025 1673 4099 ellaborare,

389 4131 506 4192 etiam
529 4133 610 4192 ultra
638 4130 676 4191 10
701 4133 829 4192 arbores
862 4151 918 4211 pro
943 4132 1055 4192 eadem
1079 4133 1269 4192 exstruenda
1299 4132 1453 4211 aquisivit,
1476 4152 1517 4192 ex
1542 4134 1673 4211 antiqua

388 4258 464 4299 vero
488 4241 582 4299 domo
604 4248 708 4319 potest
732 4239 815 4299 aliud
839 4240 1016 4300 aedificium
1029 4240 1088 4299 sibl
1104 4240 1316 4299 necessarium
1343 4240 1493 4320 errigere,
1521 4241 1671 4300 horreum

389 4367 504 4407 novum
529 4348 661 4421 bonum;
685 4347 759 4407 item
775 4348 931 4407 stabulum
947 4366 1045 4425 penes
1067 4348 1212 4406 horreum
1236 4348 1352 4406 bonum
1369 4347 1427 4406 sub
1443 4348 1557 4407 eodem
1571 4357 1672 4422 tecto;

389 4456 463 4515 item
496 4456 589 4514 haras
624 4455 802 4514 animalium
828 4456 867 4514 ad
891 4464 955 4514 tres
979 4456 1141 4515 clausuras
1165 4446 1265 4513 novas
1291 4456 1391 4514 bonas
1421 4454 1603 4533 pavimento
1625 4456 1670 4514 in·

390 4562 494 4623 feriori
518 4563 703 4643 indigentes.
742 4564 820 4622 Item
854 4563 1057 4643 foenilegium
1089 4562 1250 4641 antiquum
1282 4562 1409 4622 basibus
1440 4564 1671 4637 necessarium

389 4671 465 4729 item
489 4688 650 4729 cameram
675 4670 891 4729 frumentalem
915 4670 1030 4729 bonam
1055 4669 1095 4728 ad
1119 4670 1199 4728 duas
1229 4669 1400 4747 clausuras,
1430 4670 1593 4731 fornacem
1625 4670 1671 4749 pi·

391 4786 527 4836 stoream
552 4778 582 4836 in
606 4778 689 4837 bono
712 4785 804 4837 statu.

503 4884 550 4944 10.
574 4886 711 4945 Michael
735 4886 916 4946 lfovachich
940 4887 1036 4945 habet
1067 4887 1194 4946 domum
1223 4886 1348 4959 bonam,
1379 4885 1524 4945 horreum
1555 4904 1670 4945 novum
