3934 5550
1492 420 1554 483 157

274 653 348 695 nam
371 636 486 699 ibidem
505 641 728 714 effectuaverit,
753 658 800 708 ea,
825 648 858 699 ut
881 642 964 703 idem
993 659 1100 701 coram
1114 638 1247 699 statibus
1270 646 1302 697 et
1324 637 1484 699 ordinibus
1507 656 1552 697 re·

273 744 362 817 ferat,
378 763 553 825 congruum
573 748 764 822 iudicamus;
788 748 844 808 sed
868 749 963 809 etiam
988 749 1049 809 alia
1071 746 1229 827 publicum
1243 746 1332 826 regni
1355 745 1554 806 commodum

273 854 495 913 concernentia
519 863 686 916 occurrunt
709 855 847 936 negotia,
870 874 952 934 quae
976 856 1008 915 in
1031 854 1168 915 medium
1192 852 1389 913 dominorum
1410 852 1553 933 regnico-

274 960 376 1019 larum
400 958 505 1021 danda
529 970 561 1022 et
584 963 789 1042 proponenda
813 970 999 1038 censentur;
1022 982 1059 1023 ac
1083 962 1213 1042 proinde
1236 961 1391 1022 universis
1422 960 1555 1022 dominis

275 1062 407 1127 statibus
431 1076 462 1129 et
485 1069 646 1131 ordimbus
676 1070 767 1152 regni
797 1070 897 1147 huius,
930 1071 1096 1131 autoritate
1126 1075 1243 1146 nostra,
1273 1089 1337 1149 qua
1367 1071 1459 1148 pleno
1490 1070 1556 1131 iure

273 1174 434 1255 fungimur
456 1176 571 1254 banali,
595 1179 875 1259 congregationem
911 1197 968 1259 pro
1002 1178 1052 1239 die
1077 1176 1107 1241 8.
1139 1178 1256 1238 mensis
1285 1177 1442 1255 februarii,
1465 1176 1498 1237 in
1520 1176 1555 1237 li·

275 1282 352 1343 bera
377 1301 414 1343 ac
438 1283 527 1365 regia
559 1284 684 1347 civitate
715 1286 920 1367 Zagrabiensi
952 1286 1156 1366 praefigimus
1187 1284 1418 1360 celebrandam,
1440 1303 1504 1365 quo
1526 1284 1557 1346 in

274 1390 407 1453 termino
430 1400 462 1451 et
484 1392 554 1453 loco
580 1413 738 1474 generosa
762 1394 933 1455 dominatio
958 1402 1064 1454 vestra
1080 1412 1264 1473 comparere
1287 1392 1420 1454 studeat.
1444 1392 1485 1453 Et
1500 1411 1554 1454 va·

275 1498 338 1557 leat
366 1497 502 1561 feliciter.
527 1500 711 1563 Generosae
743 1502 963 1564 dominationis
995 1510 1120 1563 vestrae
1153 1500 1273 1564 amicus
1296 1501 1337 1563 ad
1367 1499 1472 1563 officia
1502 1518 1556 1581 pa·

275 1612 362 1665 ratus

389 1750 515 1828 Selliny,
540 1750 591 1816 21.
615 1752 746 1815 ianuarii
774 1750 865 1816 1683.

891 1897 927 1961 C.
952 1897 1102 1959 Nicotaus
1117 1898 1273 1975 Erdeody,
1296 1899 1398 1957 banus
1420 1918 1461 1962 66
1484 1918 1513 1978 p.

383 2040 420 2099 ln
446 2041 493 2100 do
503 2059 581 2099 rso:
606 2040 770 2101 Generoso
785 2041 911 2101 domino
927 2041 1021 2101 Petro
1036 2042 1175 2103 Uallicza
1192 2040 1285 2101 aliter
1300 2040 1560 2119 Szenkouachlry,

277 2146 488 2210 universitatis
512 2149 662 2211 nobilium
685 2149 801 2229 Campi
823 2150 1048 2231 Zagrabiensis
1071 2151 1252 2230 Turopolya
1275 2149 1349 2211 dicti
1372 2148 1477 2210 comiti
1498 2157 1559 2210 ter·

277 2255 368 2315 restri
391 2264 458 2331 etc,
483 2256 584 2318 amieo
608 2258 903 2321 observandissime
1185 2334 1189 2340 ᾗ

386 2362 541 2424 ibidem
567 2364 808 2427 annotatio:
832 2366 1039 2427 Praesentata
1063 2364 1114 2429 23.
1138 2364 1270 2426 ianuarii
1297 2361 1390 2427 1683.

385 2502 533 2577 Originale
560 2508 752 2575 chartaceum,
781 2525 797 2563 a
823 2516 906 2579 tergo
934 2510 962 2562 in
992 2509 1120 2579 margine
1147 2523 1316 2575 apprensum
1336 2507 1475 2578 sigillum,
1502 2523 1559 2578 quo

279 2592 362 2649 litera
380 2594 477 2650 clausa
495 2603 564 2651 erat.
584 2598 615 2651 ln
635 2598 749 2653 archivo
767 2599 996 2665 commun.,nob.
1015 2599 1053 2652 de
1071 2597 1234 2668 anopolje.

386 2701 500 2757 Similes
519 2704 698 2761 invitatoriae
720 2706 757 2761 ad
769 2706 932 2778 generalem
944 2706 1198 2778 congregationem
1211 2706 1292 2776 regni
1304 2712 1404 2759 extem
1416 2706 1445 2759 in
1457 2705 1561 2761 eodem

282 2791 396 2848 archivo
415 2811 500 2864 quam
521 2796 672 2866 plurimae:

388 2882 442 2938 Pro
461 2887 567 2940 comite
585 2893 652 2944 terr.
671 2888 775 2942 eodem
794 2887 880 2944 Petro
898 2887 1013 2944 Valicza
1029 2888 1097 2942 bani
1112 2887 1219 2942 Nicolai
1229 2885 1347 2959 Erdbdy
1364 2889 1392 2942 d.
1412 2888 1440 2941 d.
1458 2887 1562 2953 Obres,

283 2971 307 3024 1.
327 2973 490 3028 decembris
509 2973 588 3030 1688.
608 2976 645 3031 ad
663 2978 916 3048 congregationem
937 2978 979 3030 16.
999 2978 1061 3030 dec.
1081 2977 1235 3048 Zagrabiae
1253 2977 1464 3031 celebrandam.

389 3064 416 3118 6.
445 3065 472 3118 d.
497 3065 707 3135 Keresatinecz,
732 3067 774 3122 12.
800 3067 893 3124 martii
919 3067 990 3122 1684
1014 3068 1051 3122 ad
1075 3083 1209 3138 congreg.
1234 3067 1277 3122 22.
1298 3068 1392 3122 martii
1410 3067 1563 3139 Zagrabiae

282 3153 386 3206 celebr.

390 3243 417 3296 6.
436 3245 464 3298 6.
483 3242 625 3314 Obrea,1.
644 3248 790 3302 decembr.
813 3245 891 3300 1684.
912 3248 949 3300 ad
967 3262 1101 3318 congreg.
1122 3247 1165 3300 11.
1191 3248 1253 3302 dec.
1279 3247 1433 3318 Zagrabiae
1459 3246 1564 3300 celebr.

391 3333 418 3386 6.
447 3335 474 3387 d.
503 3333 668 3403 Radalrouo,
697 3336 740 3390 15.
769 3336 863 3390 martii
883 3335 961 3390 1685.
989 3337 1027 3390 ad
1054 3351 1188 3407 congreg.
1217 3335 1371 3406 Zagrabiae
1400 3333 1442 3390 80.
1471 3334 1564 3388 martii

284 3420 388 3476 celebr.

317 3479 319 3488 Α
391 3512 418 3566 6.
438 3513 645 3582 6861116181Ι
665 3517 731 3570 maii
753 3515 828 3571 1685.
848 3517 884 3570 ad
903 3531 1038 3586 congreg.
1058 3515 1212 3585 Zagrabiae
1231 3514 1266 3568 14
1284 3515 1353 3568 iunii
1371 3513 1476 3568 celebr.

390 3604 419 3659 6.
438 3604 465 3657 6.
490 3603 597 3673 Sebini,
613 3605 657 3660 80.
683 3607 745 3660 dec.
766 3604 844 3661 1686.
871 3607 908 3661 66
923 3621 1058 3676 congreg.
1078 3605 1232 3676 Zagrabiae
1253 3605 1295 3659 20.
1316 3603 1434 3659 ianuarii
1455 3603 1535 3660 168‘l.

285 3691 388 3748 celebr.

391 3783 418 3836 6.
439 3784 466 3836 6.
485 3783 617 3852 blokricz,
636 3785 679 3838 20.
699 3792 764 3853 sept
791 3783 868 3839 1681.
883 3786 920 3839 66
938 3800 1072 3856 congreg.
1092 3783 1134 3839 18.
1153 3791 1209 3839 oct
1229 3783 1383 3855 Zagrabiae
1402 3783 1506 3839 celebr.

391 3873 418 3926 6.
438 3874 465 3927 6.
484 3873 650 3942 Radakouo,
662 3873 705 3929 28.
724 3875 794 3930 febr.
817 3873 895 3931 1888.
915 3877 952 3930 66
970 3891 1105 3946 congreg.
1126 3874 1168 3928 15.
1187 3881 1268 3934 mart
1288 3874 1442 3946 Zagrabiae
1461 3873 1565 3926 celebr.

393 3962 420 4016 d
446 3963 473 4016 6.
499 3963 662 4034 Zagrabiae,
682 3962 724 4018 18.
744 3978 809 4018 nov.
830 3963 908 4019 1688.
928 3964 963 4017 66
982 3979 1117 4034 congreg.
1137 3963 1180 4018 26.
1199 3979 1265 4017 nov.
1284 3963 1438 4034 Zagrabiae
1457 3963 1561 4016 celebr.

394 4052 421 4106 d.
441 4054 469 4108 6.
488 4053 655 4121 Radalrouo,
674 4054 717 4109 26.
737 4055 790 4108 166.
811 4054 889 4108 1690.
909 4055 945 4108 66
963 4070 1098 4125 congreg.
1119 4053 1154 4107 18
1178 4053 1248 4108 iebr.
1260 4053 1414 4125 Zagrabiae
1431 4053 1460 4106 in
1479 4054 1567 4107 domo

284 4141 430 4196 senatoria
444 4142 550 4196 celebr.

391 4232 419 4287 6.
447 4233 474 4286 6.
504 4231 714 4300 Keresatinecz,
742 4234 785 4288 22.
816 4233 894 4303 april.
926 4233 1005 4288 1681.
1034 4234 1070 4288 66
1098 4249 1233 4304 congreg.
1261 4233 1286 4288 t.
1315 4231 1383 4286 maii
1410 4231 1566 4302 Zagrabiae

285 4320 389 4376 celebr.

392 4412 419 4466 6.
439 4412 466 4466 6.
484 4413 590 4476 5611161,
609 4413 633 4466 t.
653 4414 797 4467 decembr.
817 4412 886 4467 1681
906 4413 943 4468 66
961 4428 1097 4484 congreg.
1111 4413 1154 4465 22.
1175 4413 1238 4466 666.
1258 4411 1412 4482 Zagrabiae
1431 4409 1459 4464 in
1479 4412 1567 4466 domo

286 4502 428 4567 praetoria
446 4505 589 4557 senatoria
607 4503 731 4557 civitatis
750 4503 904 4574 Zagrabiae
922 4502 1027 4557 celebr.

392 4590 419 4645 6.
439 4591 466 4646 6.
485 4591 616 4660 1116166166,
635 4592 678 4646 21.
704 4592 849 4646 decembr.
876 4591 952 4645 1682.
979 4591 1016 4645 ad
1041 4606 1173 4661 congreg.
1194 4590 1219 4642 5.
1239 4590 1293 4644 166.
1316 4588 1393 4644 1698.
1413 4590 1567 4661 Zagrabiae

285 4677 389 4733 celebr.

393 4770 420 4823 6.
440 4771 466 4823 6.
486 4769 589 4838 06666,
610 4771 651 4824 19.
672 4770 751 4839 april.
770 4770 848 4824 1692.
869 4771 906 4824 66
924 4785 1059 4840 congreg.
1078 4768 1122 4822 80.
1143 4769 1222 4837 april.
1242 4769 1395 4840 Zagrabiae
1414 4770 1517 4825 celebr.

393 4860 420 4912 d.
440 4859 466 4912 6.
486 4859 589 4926 05666,
608 4859 651 4914 26.
670 4859 729 4912 iulii
749 4859 827 4913 1692.
847 4860 883 4914 66
902 4874 1038 4930 congreg.
1058 4859 1099 4911 11.
1120 4861 1232 4929 augusti
1251 4858 1406 4930 Zagrabiae
1423 4859 1529 4913 celebr.

393 4949 421 5002 d.
441 4949 467 5002 6.
487 4949 696 5016 Keresatinecn,
710 4950 752 5004 22.
773 4949 827 5004 166.
848 4947 927 5006 1668.
945 4948 982 5006 ed
1001 4963 1137 5022 congreg.
1156 4947 1199 5003 28.
1218 4949 1272 5004 ian.
1291 4948 1445 5021 Zagrabiae
1464 4949 1561 5004 celebr
