3934 5550
410 361 473 436 576

411 591 479 650 liter
504 592 622 669 seponi,
647 599 678 650 et
701 599 822 668 partem
857 581 888 649 in
920 603 1048 649 cansam
1083 597 1246 648 attractam
1280 577 1477 648 admeritorie
1508 577 1687 668 responderi

409 699 552 778 compelli
576 699 653 779 petit
676 706 707 758 et
731 706 879 757 reservat

516 807 704 866 Procurator
728 805 759 864 in
783 824 911 865 causam
928 814 1145 866 attractarum:
1172 805 1283 864 virtute
1301 805 1414 864 citatae
1439 805 1518 885 legis
1541 803 1622 864 inter
1640 824 1687 864 re·

407 913 491 992 liqua
518 913 668 992 requisita
691 913 897 972 essentialiter
922 913 1086 991 requiritur
1110 912 1321 972 denominatio
1344 911 1463 985 iudiciS,
1496 930 1602 971 coram
1625 930 1687 990 quo

407 1038 504 1080 cansa
521 1021 783 1080 controvertenda
799 1021 941 1094 occurrit,
958 1029 990 1079 et
1007 1020 1059 1098 qui
1078 1019 1171 1079 aillnd
1187 1019 1399 1078 intermissum
1414 1027 1498 1079 esset
1515 1017 1689 1078 nesciretur

405 1124 516 1186 iudicis
545 1126 763 1205 competentia,
788 1136 819 1187 et
842 1127 913 1187 ideo
937 1127 981 1185 uti
1006 1145 1108 1204 supra.

514 1235 575 1293 Pro
600 1243 706 1294 actore
730 1254 802 1293 eum
822 1234 1046 1312 protestatione
1070 1233 1191 1310 reponit
1215 1233 1245 1292 in
1269 1233 1409 1292 districtu
1429 1233 1558 1292 huiusce
1574 1231 1689 1309 Campi

406 1343 558 1402 eiusmodi
577 1343 781 1402 criminalium
798 1361 965 1402 cansarum
984 1342 1101 1400 nullum
1118 1341 1211 1400 alium
1228 1360 1322 1419 quam
1339 1341 1484 1400 comitem
1508 1349 1687 1400 terrestrem

407 1469 478 1510 cum
502 1450 619 1526 inclyta
650 1451 725 1509 sede
758 1449 893 1510 iudicem
917 1457 1146 1528 competentem
1172 1467 1250 1522 esse,
1275 1457 1306 1509 et
1329 1449 1409 1528 parti
1434 1449 1464 1508 in
1489 1459 1616 1509 causam
1642 1456 1686 1507 at·

406 1564 525 1616 tractae
557 1565 588 1616 et
621 1557 762 1616 eiusdem
794 1556 987 1634 procuratori
1018 1555 1095 1615 satis
1123 1564 1232 1615 notum
1256 1574 1335 1630 esse,
1359 1555 1431 1615 hinc
1455 1555 1538 1614 circa
1562 1573 1685 1633 compe·

406 1663 537 1724 tentiam
557 1663 712 1725 iudicatus
739 1665 819 1724 sicut
842 1665 926 1724 nulla
949 1664 1022 1723 oriri
1046 1672 1153 1741 posset
1175 1663 1326 1742 quaestio,
1344 1664 1387 1723 ita
1410 1683 1533 1743 quoque
1558 1663 1685 1724 omissio

405 1772 546 1832 eiusdem
579 1773 725 1852 specifice
760 1772 970 1850 expressionis
1005 1780 1092 1831 tanto
1127 1775 1230 1831 minus
1261 1772 1386 1831 officere
1418 1781 1533 1850 posset,
1568 1779 1685 1851 quanto

406 1882 518 1941 clarius
543 1889 590 1940 est
614 1881 743 1940 easdem
776 1880 915 1940 actiones
940 1899 996 1958 per
1020 1879 1217 1939 substitutum
1242 1880 1387 1940 comitem
1411 1887 1589 1940 terrestrem
1614 1879 1684 1938 sub-

406 1989 540 2065 scriptas
564 2007 643 2059 esse,
667 2007 765 2067 quare
790 1987 832 2046 uti
857 2007 961 2065 supra.

497 2097 558 2154 Pro
572 2095 602 2154 in
615 2114 745 2155 causam
758 2094 897 2154 attractis
910 2094 1041 2172 reponit,
1056 2115 1112 2172 per
1124 2096 1222 2154 solam
1236 2094 1493 2171 subscriptionem
1506 2113 1568 2153 non
1581 2093 1685 2153 doceri

406 2202 647 2280 competentiam
662 2200 828 2274 iudicatus,
852 2201 910 2260 nisi
927 2202 1163 2280 praeambulum
1181 2221 1250 2260 cum
1268 2201 1494 2279 subscriptione
1510 2201 1685 2274 concordet,

405 2317 436 2368 et
459 2309 530 2367 hinc
556 2329 627 2368 cum
650 2309 681 2368 in
704 2309 908 2387 praeambulo
932 2327 996 2368 non
1013 2317 1141 2382 extaret,
1166 2327 1271 2367 coram
1295 2328 1356 2387 quo
1384 2327 1481 2368 causa
1504 2309 1686 2368 suscitanda

408 2416 522 2490 vemet,
531 2416 716 2494 subscriptio
727 2417 820 2478 etiam
832 2417 863 2475 id
872 2416 974 2494 ipsum
983 2435 1045 2476 non
1055 2415 1298 2492 superaret,ide0
1309 2415 1402 2474 refert
1411 2434 1445 2475 se
1455 2416 1495 2475 ad
1504 2416 1685 2493 praemissa.

516 2521 577 2582 Pro
602 2532 707 2583 actore
731 2533 823 2583 notus
844 2532 892 2582 est
908 2523 1014 2600 inclyti
1037 2523 1166 2582 huiusce
1191 2522 1304 2600 Campi
1327 2523 1468 2602 publicus
1485 2524 1687 2604 magistratus

406 2646 503 2708 quare
527 2629 570 2689 uti
594 2649 697 2708 supra.

517 2737 578 2797 Pro
609 2737 641 2797 in
674 2756 802 2798 causam
827 2738 967 2799 attractis
998 2739 1069 2798 licet
1102 2746 1193 2798 notus
1229 2738 1268 2797 sit
1299 2739 1427 2801 huiusce
1452 2739 1565 2819 Campi
1588 2738 1687 2819 magi·

407 2850 522 2903 stratus
546 2863 609 2904 non
633 2853 764 2919 constat,
794 2854 901 2905 tamen
933 2865 972 2904 an
1005 2845 1034 2904 in
1070 2846 1278 2923 praesentiam
1303 2846 1443 2907 eiusdem
1477 2850 1526 2907 vel
1554 2846 1687 2906 subscri·

408 2950 510 3010 beatis
535 2969 650 3012 causae
674 2952 851 3012 diiudicatio
876 2952 993 3012 inviata
1017 2960 1109 3026 esset,
1133 2952 1203 3012 ideo
1228 2953 1271 3012 uti
1295 2972 1397 3032 supra

517 3058 730 3118 Deliberatum
745 3067 806 3119 est:
830 3059 877 3117 Ex
901 3078 963 3137 quo
987 3059 1199 3137 praeinsertae
1219 3078 1328 3120 omnes
1352 3070 1499 3139 quattuor
1514 3063 1545 3121 in
1560 3080 1686 3143 causam

410 3172 563 3224 attractae
594 3185 651 3243 pro
682 3166 833 3226 hodierno
867 3166 1051 3225 iudiciorum
1083 3166 1215 3227 termino
1248 3186 1284 3227 ac
1316 3168 1385 3227 loco
1415 3188 1501 3229 more
1536 3171 1687 3229 hactenus

409 3281 559 3331 consueto
591 3273 781 3333 sufficienter
812 3274 1002 3334 certificatae
1038 3275 1221 3351 habeantur,
1252 3276 1375 3353 publica
1404 3296 1479 3337 vero
1511 3286 1541 3337 et
1566 3277 1686 3357 vulgari

409 3379 519 3439 notitia
550 3380 746 3440 authoritatis
776 3380 905 3441 huiusce
941 3380 1160 3442 iurisdictionis
1184 3391 1215 3442 et
1239 3383 1442 3462 magistratus
1478 3392 1619 3463 spectata
1647 3384 1685 3443 si·

411 3487 536 3566 mulque
560 3488 736 3564 observata,
761 3489 816 3548 sed
841 3498 872 3548 et
896 3488 964 3566 ipsa
988 3488 1102 3567 Campi
1122 3490 1347 3551 consuetudine
1371 3512 1430 3551 usn
1455 3501 1580 3573 recepta
1594 3494 1687 3553 modo

410 3594 538 3672 praevio
568 3604 690 3655 erectas
729 3605 760 3656 et
791 3616 873 3656 nunc
908 3597 1074 3657 suscitatas
1118 3606 1226 3659 contra
1254 3600 1464 3677 praeinsertas
1494 3602 1526 3660 in
1558 3620 1685 3662 causam

410 3710 559 3762 attractas
583 3704 809 3782 subscriptione
837 3705 996 3764 substituti
1020 3706 1141 3766 comitis
1166 3708 1321 3767 terrestris
1345 3708 1534 3769 sufficienter
1557 3710 1687 3771 iudicari

409 3810 646 3884 authenticatas,
670 3811 812 3890 adeoque
835 3813 1007 3872 secundum
1033 3814 1161 3874 easdem
1185 3834 1248 3893 qua
1270 3816 1349 3875 tales
1372 3817 1490 3878 reiecta
1514 3818 1685 3878 eorundem

410 3917 620 3993 procuratoris
644 3918 825 3996 exceptione
849 3920 978 3979 ulterius
1002 3921 1033 3979 in
1057 3922 1167 3980 merito
1191 3923 1319 4000 procedi
1342 3924 1466 3985 debere.

517 4024 578 4083 Pro
607 4025 819 4103 suprascripta
849 4026 991 4086 Barbara
1022 4026 1210 4108 Czygettich
1245 4031 1450 4113 {praetensive
1495 4032 1525 4091 in
1559 4050 1686 4093 causam

410 4139 551 4204 attracta,
586 4141 769 4207 procurator
804 4131 888 4193 idem
919 4134 971 4212 qui
1001 4153 1097 4212 supra
1128 4135 1258 4213 praevia
1289 4155 1382 4215 super
1415 4139 1588 4217 praemissa
1611 4140 1687 4201 iudi·

410 4237 505 4296 ciaria
540 4237 764 4299 deliberatione
796 4248 827 4300 et
855 4241 1071 4318 appellatione,
1097 4242 1321 4320 protestatione
1344 4254 1531 4323 praetensae
1556 4248 1687 4308 actionis

411 4345 519 4404 merita
545 4353 653 4405 contra
686 4348 786 4426 ipsam
811 4356 915 4409 erecta
939 4357 1036 4429 negat
1060 4370 1098 4409 ex
1121 4350 1253 4431 integro,
1278 4359 1309 4412 et
1332 4353 1405 4432 quia
1429 4354 1513 4415 nulla
1536 4375 1573 4416 ex
1599 4375 1687 4434 prae·

410 4453 579 4530 assumptis
611 4473 648 4513 ex
680 4464 768 4532 parte
808 4456 874 4516 fisci
920 4465 1030 4518 contra
1067 4458 1295 4537 suprascriptas
1329 4461 1360 4520 in
1395 4481 1508 4523 causas
1541 4471 1688 4523 attractas

409 4559 524 4637 probas
550 4570 697 4621 attactam
723 4564 894 4624 barbaram
913 4564 1090 4645 Czigettich
1114 4567 1144 4625 in
1168 4568 1279 4628 merito
1303 4578 1412 4631 contra
1426 4570 1528 4649 ipsam
1544 4580 1687 4650 praeteri·

409 4662 487 4736 sive}
503 4674 607 4726 erecto
631 4668 810 4745 simpliciter
833 4671 966 4730 eandem
991 4673 1068 4750 petit
1091 4673 1210 4733 absolvi
1234 4682 1265 4733 et
1281 4695 1337 4753 pro
1362 4677 1504 4738 absoluta
1528 4679 1688 4741 declarari.

519 4774 579 4833 Pro
604 4783 709 4834 actore
734 4786 923 4854 protestatur
946 4798 1042 4857 super
1057 4780 1207 4859 negativa
1223 4790 1255 4840 et
1272 4784 1393 4862 reponit
1405 4784 1592 4845 assertivum
1609 4806 1688 4859 esse,

411 4883 495 4960 quod
519 4889 628 4941 contra
648 4884 892 4962 suprascriptam
916 4886 947 4945 in
971 4906 1099 4946 causam
1118 4895 1282 4947 attractam
1307 4890 1422 4950 nnllam
1448 4912 1484 4951 ex
1509 4894 1689 4972 praemissis
