3934 5550
422 421 487 491 592

419 664 490 704 cum
514 643 635 722 corpori
660 662 717 702 suo
741 641 875 720 imprimi
899 639 1087 712 admisisset,
1111 641 1217 719 sieqne
1242 641 1368 700 demoni
1398 649 1582 718 perpetuum
1607 657 1698 699 vasa·

415 752 532 830 logium
556 751 769 828 praestitisset,
805 750 931 826 saepius
961 769 1084 826 qnoque
1117 769 1186 807 enm
1220 749 1329 808 eodem
1368 749 1500 807 demone
1530 748 1695 806 carnaliter

415 857 620 925 convixisset,
654 857 716 917 imo
745 877 817 917 cnm
846 855 915 915 aliis
948 855 1150 932 eomplicibus
1183 856 1247 915 suis
1272 856 1313 915 ad
1337 855 1477 915 eiusdem
1509 855 1692 915 detestantis

413 965 540 1026 sceleris
572 964 634 1024 reis
665 964 724 1024 sibi
755 963 927 1043 peroptime
952 963 1042 1036 notiS,
1079 982 1115 1022 ac
1148 982 1204 1023 suo
1228 963 1306 1036 loco,
1332 969 1471 1040 tempore
1496 971 1526 1021 et
1550 963 1602 1022 via
1625 963 1691 1022 iure

413 1073 579 1153 superinde
596 1073 827 1146 conveniendis
852 1071 991 1132 adhibita
1008 1072 1149 1132 demonis
1173 1091 1232 1149 ope
1257 1091 1314 1150 per
1338 1079 1421 1145 ae‘ra,
1438 1079 1571 1144 montes,
1587 1071 1690 1146 colles,

414 1181 510 1240 valles
541 1189 573 1240 et
607 1180 731 1240 deserta
765 1180 902 1240 volasset
926 1188 957 1239 et
981 1180 1181 1254 ambulasset,
1207 1179 1422 1258 eiusmodique
1445 1178 1600 1238 diabolica
1625 1187 1690 1238 arte

412 1296 623 1366 tempestates
647 1288 789 1364 pruinam
814 1296 844 1346 et
867 1287 1053 1367 grandinem
1078 1305 1148 1346 cum
1173 1286 1373 1364 complicibus
1398 1285 1462 1346 suis
1497 1286 1690 1358 confecisset,

411 1394 529 1454 fructus
560 1403 661 1454 terrae
694 1395 860 1454 mandatos
892 1394 1129 1472 absumpsisset,
1156 1393 1319 1471 taliterque
1344 1393 1524 1452 modalitate
1549 1395 1689 1454 homines

411 1503 596 1563 necessariis
632 1503 714 1563 vitae
746 1502 857 1562 mediis
884 1502 1065 1580 privasset,
1100 1501 1265 1575 consortia,
1294 1501 1393 1577 ludos,
1427 1501 1689 1582 congregationes

411 1610 590 1684 diabolicas,
615 1609 808 1688 aliarumque
829 1628 978 1690 sagarum
997 1609 1235 1687 frequentasset,
1251 1618 1414 1688 praeterea
1430 1609 1569 1688 pluribus
1593 1609 1689 1668 homi·

412 1719 510 1792 nibus,
528 1719 647 1778 tenellis
667 1718 805 1797 prolibus
830 1726 861 1777 et
883 1717 1067 1795 peccoribus
1091 1737 1146 1795 per
1170 1717 1323 1777 eiusmodi
1339 1717 1524 1777 diabolicam
1541 1725 1639 1776 artem
1661 1724 1691 1775 et

411 1825 664 1911 infascinationes
682 1825 848 1898 nocuisset,
866 1825 1004 1903 quinimo
1019 1825 1145 1902 saepius
1162 1825 1255 1884 etiam
1275 1845 1292 1884 e
1310 1823 1388 1884 vivis
1405 1824 1588 1899 sustulisset,
1606 1833 1636 1883 et
1650 1842 1689 1882 ne

410 1932 475 1992 fors
498 1933 602 2010 plures
619 1932 787 2009 complices
802 1951 875 1991 suas
893 1951 989 2010 sagas
1015 1933 1055 2014 ad
1079 1931 1212 1990 eandem
1238 1931 1445 1990 exercendam
1463 1930 1687 2010 professionem

410 2046 441 2098 et
453 2040 555 2098 scelus
569 2038 803 2116 practicandum
816 2039 985 2118 adegisset,
998 2037 1206 2115 compulisset,
1218 2037 1434 2116 persuasisset,
1446 2038 1688 2116 induxissetque,

410 2147 544 2225 denique
576 2147 712 2206 animam
744 2154 775 2205 et
806 2164 918 2223 corpus
949 2166 1040 2234 suurn
1072 2146 1281 2205 infensissimo
1305 2146 1430 2206 humani
1455 2147 1581 2227 generis
1608 2147 1688 2205 hosti

409 2253 533 2314 diabolo
556 2250 756 2327 immolasset,
785 2253 949 2331 taliterque
964 2255 1007 2313 'se
1032 2272 1139 2314 veram
1165 2261 1195 2314 et
1219 2254 1415 2313 manifestam
1440 2273 1551 2334 sagam
1576 2255 1687 2313 eadem

408 2362 439 2421 in
464 2381 592 2422 causam
625 2368 757 2424 attracta
781 2361 946 2434 effecisset,
975 2380 1111 2438 poenam
1140 2363 1211 2441 lege
1235 2361 1341 2421 divina
1365 2370 1397 2420 et
1419 2361 1556 2420 humana
1580 2379 1687 2439 super-

409 2469 481 2529 inde
505 2469 657 2529 sancitam
681 2469 837 2529 incurrere
862 2468 946 2527 haud
968 2467 1175 2527 formidasset.

513 2577 639 2636 Peteret
662 2577 792 2658 proinde
815 2577 1024 2635 mentionatus
1048 2576 1163 2636 fiscalis
1184 2585 1214 2636 et
1233 2586 1326 2650 actor,
1351 2577 1459 2656 vigore
1485 2575 1574 2655 regni
1589 2594 1684 2655 gene·

408 2685 480 2744 ralis
504 2684 628 2756 decreti,
646 2684 836 2761 aliarumque
856 2685 962 2762 legum
983 2701 1079 2761 supra
1098 2684 1249 2742 eiusmodi
1270 2683 1426 2742 atrocibus
1446 2681 1566 2742 delictis
1590 2688 1685 2741 statu·

407 2806 518 2869 tarum,
544 2793 673 2870 praevia
689 2792 827 2871 legitima
846 2792 1068 2851 certificatione
1096 2792 1284 2852 totiesfatam
1310 2792 1341 2851 in
1368 2810 1496 2851 cansam
1522 2799 1685 2851 attractam

406 2902 438 2960 in
462 2901 510 2960 ius
535 2911 566 2960 et
589 2919 717 2959 causam
753 2900 930 2976 convenire,
962 2918 1000 2957 ac
1024 2900 1062 2959 de
1095 2900 1206 2959 eadem
1230 2899 1377 2959 iudicium
1402 2908 1433 2959 et
1456 2899 1603 2959 iustitiam
1627 2898 1684 2957 sibi

405 3008 552 3087 impendi,
584 3010 717 3067 eandem
749 3007 893 3066 videlicet
924 3007 956 3065 in
988 3026 1116 3067 causam
1142 3016 1306 3067 attractam
1331 3008 1370 3067 ad
1394 3005 1574 3087 detegenda
1596 3006 1684 3084 plura

407 3115 467 3175 alia
491 3114 602 3175 similia
620 3135 676 3194 per
701 3117 834 3175 eandem
851 3124 1030 3194 perpetrata
1047 3126 1077 3175 et
1092 3116 1259 3175 commissa
1275 3117 1403 3203 scelera,
1418 3116 1584 3195 pluresque
1601 3133 1683 3173 com-

405 3223 501 3300 plices
532 3223 725 3297 revelandos,
754 3223 881 3301 praevie
909 3231 1046 3283 torturae
1078 3223 1196 3295 subiici,
1229 3234 1338 3301 expost
1370 3242 1444 3283 vero
1476 3222 1536 3301 ipsi
1559 3221 1683 3301 quidem

405 3331 434 3390 in
474 3331 675 3407 promeritam
713 3349 863 3411 poenam,
902 3332 969 3391 aliis
1004 3350 1080 3391 vero
1118 3332 1262 3391 horribile
1298 3332 1328 3390 in
1364 3333 1538 3409 exemplum
1578 3330 1683 3391 vivam

405 3456 483 3516 rogo
507 3438 780 3511 concremandam,
797 3439 845 3497 vel
862 3446 954 3516 prout
979 3438 1038 3497 iuri
1062 3438 1162 3497 visum
1186 3439 1277 3498 fuerit
1301 3440 1392 3498 morti
1417 3438 1587 3498 adiudicari
1612 3440 1682 3517 lege

405 3543 495 3623 regni
518 3553 549 3603 et
575 3545 730 3605 communi
755 3545 872 3606 iustitia
895 3546 939 3606 sic
963 3546 1234 3626 praecipientibus.
1268 3547 1382 3606 Datum
1408 3547 1482 3605 Also
1508 3546 1682 3621 lnlravecz,

408 3650 455 3712 12.
480 3652 597 3712 mensis
619 3652 750 3713 ianuarii
780 3651 870 3715 1734.

858 3785 862 3790 ·
897 3781 982 3839 ruem
1007 3780 1157 3839 Matthias
1183 3780 1309 3859 nrxtcn,
1335 3757 1525 3841 subsstutus‘
1543 3802 1583 3840 m.
1607 3800 1635 3858 p.

509 3958 553 4016 ln
589 3958 741 4015 dorso:
763 3992 805 4001 -—
832 3958 870 4017 G.
898 3992 938 4001 -
957 3932 1119 4039 Originale
1144 3938 1274 4019 actionis
1298 3960 1484 4039 introscripti
1509 3959 1623 4019 fiscalis
1648 3968 1679 4019 et

404 4063 526 4136 actoris,
550 4072 658 4124 contra
675 4071 705 4123 et
721 4066 872 4124 adversus
888 4065 1022 4125 nobilem
1039 4066 1229 4127 Dorotheam
1247 4068 1459 4141 TrumbetasS,
1480 4068 1589 4127 nobilis
1606 4067 1679 4127 olim

403 4170 531 4250 Georgii
552 4171 679 4230 Mudich
702 4172 841 4231 relictam
864 4172 992 4232 viduam
1016 4173 1111 4231 veluti
1135 4175 1315 4234 modalitate
1332 4174 1497 4234 introserta
1521 4194 1632 4255 sagam
1649 4184 1679 4235 et

402 4276 432 4335 in
456 4294 584 4336 causam
621 4286 793 4339 attractam.
816 4277 983 4340 Terminus
1014 4280 1171 4357 praefixus
1203 4282 1234 4340 in
1266 4283 1392 4341 castello
1423 4282 1591 4342 Lukauecz
1623 4269 1678 4361 pio

401 4384 451 4443 die
483 4381 535 4447 26.
558 4385 675 4445 mensis
699 4387 852 4445 currentis
876 4387 1008 4446 ianuarii
1037 4386 1130 4447 1734.

1071 4533 1131 4592 Per
1155 4533 1288 4593 eundem
1313 4533 1515 4595 substitutum
1539 4556 1578 4596 m.
1604 4556 1631 4614 p.

970 4767 985 4797 ¹&
1093 4768 1107 4799 ’lt

1032 4809 1047 4841 ηι
