3934 5550
391 441 457 503 368

392 659 521 718 meliora
543 679 614 719 cum
638 659 727 719 novis
751 659 891 721 miscere.
915 663 1071 722 Horreum
1105 661 1266 740 antiquum
1288 662 1415 723 basibus
1439 663 1591 743 indigens,
1614 665 1669 726 ha·

392 788 444 828 ras
467 769 508 827 ad
531 776 594 828 tres
618 769 779 828 clausuras
803 772 947 848 antiquas
969 773 1167 848 reparatione
1191 769 1385 850 indigentes;
1409 771 1483 831 item
1512 791 1670 832 cameram

392 876 557 935 comodam
580 895 637 955 pro
656 875 743 944 haris
777 876 817 936 ad
841 877 920 936 duas
954 878 1116 938 clausuras
1147 877 1178 937 in
1213 879 1361 938 mediocri
1391 886 1483 955 statu,
1513 879 1670 940 fornacem

391 984 562 1062 pistoream
585 984 711 1044 bonam.
1089 1067 1091 1073 Ι

498 1091 550 1152 21.
573 1092 693 1153 Nobilis
716 1093 874 1173 Georgius
898 1093 1077 1153 Koslrovich
1102 1094 1197 1155 habet
1213 1095 1341 1154 domum
1357 1095 1517 1173 antiquam
1532 1095 1563 1154 in
1587 1103 1670 1154 statu

391 1199 548 1276 mediocri,
571 1200 602 1258 in
625 1199 743 1260 ambitu
766 1208 849 1260 tecto
871 1219 954 1260 novo
970 1201 1220 1276 necessitatum,
1244 1203 1389 1262 horreum
1405 1204 1569 1281 parvulum
1594 1203 1671 1262 anti·

389 1326 485 1386 quum
510 1306 577 1368 sine
600 1315 690 1387 porta
714 1308 912 1388 reparatione
936 1309 1090 1388 indigens,
1115 1330 1213 1388 penes
1238 1329 1397 1371 cameram
1428 1311 1574 1370 frumenti
1606 1329 1666 1370 me·

390 1414 537 1488 diocrem,
570 1416 666 1476 haras
689 1416 832 1494 antiquas
856 1417 897 1476 ad
922 1417 941 1478 4
965 1426 1071 1496 portas
1094 1417 1274 1496 pavimento
1309 1417 1445 1479 inlerlori
1470 1426 1501 1478 et
1525 1419 1669 1479 exteriori

390 1523 575 1603 indigentes.
609 1525 713 1584 Haras
743 1522 903 1584 maialium
932 1526 972 1585 ad
997 1545 1090 1585 unarn
1124 1526 1300 1586 clausuram
1332 1546 1394 1586 non
1426 1545 1482 1605 pro
1512 1546 1581 1599 usu,
1608 1526 1670 1587 for·

389 1651 501 1690 nacem
525 1631 695 1711 pistoream
719 1631 750 1690 in
776 1632 858 1690 malo
881 1639 974 1691 statu.

498 1736 549 1798 22.
583 1737 737 1797 Providus
772 1737 908 1798 Michael
938 1739 1108 1814 Pukanich,
1140 1741 1267 1800 colonus
1299 1741 1558 1800 Mallcnichianus
1587 1760 1669 1800 nunc

390 1845 506 1905 domini
530 1844 747 1905 Verchkovich
770 1846 891 1921 notarii,
915 1847 973 1906 sub
998 1850 1116 1908 arenda
1138 1849 1234 1908 habet
1258 1850 1385 1908 domurn
1409 1849 1523 1908 bonam
1554 1868 1669 1909 novam

390 1974 428 2014 ex
452 1953 558 2013 solidis
583 1952 745 2013 roboribus
769 1962 922 2014 errectam
945 1955 1090 2015 omnibus
1113 1957 1279 2034 provisam.
1316 1958 1471 2016 Horreum
1507 1957 1668 2035 antiquum

389 2061 515 2136 bonum,
549 2062 643 2120 haras
667 2061 846 2121 animalium
870 2060 955 2121 adl
990 2063 1152 2123 clausuras
1186 2063 1330 2144 antiquas
1361 2063 1488 2122 basibus
1520 2070 1551 2122 et
1582 2063 1668 2142 pavi·

389 2176 497 2228 mento
520 2168 697 2246 indigentes
720 2168 865 2244 inleriori,
889 2188 988 2247 penes
1019 2171 1165 2230 horreum
1196 2190 1253 2250 pro
1288 2170 1399 2230 ovibus
1429 2172 1572 2231 harulam
1604 2189 1668 2230 me·

390 2276 536 2350 diocrem,
550 2295 708 2336 cameram
724 2277 869 2336 frumenti
887 2278 1016 2338 basibus
1032 2278 1233 2358 indigentem,
1249 2278 1408 2338 fonracem
1424 2278 1594 2357 pistoream
1612 2297 1668 2357 per

389 2385 615 2466 negligentiam
638 2387 812 2466 proximam
835 2387 954 2447 ruinae.

496 2491 547 2553 23.
570 2493 724 2555 Providus
746 2496 897 2574 Iosephus
920 2495 1114 2569 Petrachich,
1140 2495 1267 2554 colonus
1299 2495 1344 2555 uti
1373 2496 1465 2574 prior,
1489 2495 1584 2555 habet
1613 2495 1667 2554 do·

382 2620 467 2660 mum
492 2600 651 2680 antiquam
675 2601 706 2660 in
723 2602 872 2662 mediocri
895 2610 987 2674 statu,
1011 2603 1156 2662 horreum
1181 2601 1342 2680 antiquum
1375 2602 1541 2678 mediocre,
1566 2619 1662 2680 penes

386 2710 496 2768 haram
519 2709 560 2769 ad
583 2729 678 2770 unam
703 2717 826 2789 portam
850 2710 907 2768 sub
932 2729 995 2768 uno
1019 2716 1102 2768 tecto
1126 2707 1324 2768 mediocrem.

495 2816 545 2877 24.
570 2818 723 2878 Providus
746 2818 925 2895 Stephanus
940 2817 1048 2890 Sussa,
1064 2817 1191 2875 colonus
1217 2816 1259 2875 uti
1282 2817 1410 2895 priores,
1426 2816 1521 2876 habet
1537 2818 1663 2877 domurn

382 2924 543 3004 antiquam
582 2926 708 3000 bonam,
743 2924 943 3003 foenilegium
985 2924 1026 2982 ad
1061 2942 1115 2981 sex
1151 2924 1311 2983 columnas
1347 2924 1470 2983 novitus
1502 2932 1664 2997 enectum,

381 3035 476 3093 haras
500 3033 659 3110 proximas
682 3033 800 3105 ruinae,
823 3032 983 3091 fornacem
1007 3030 1176 3109 pistoream
1193 3030 1352 3109 antiquam
1377 3030 1443 3090 sine
1467 3032 1550 3091 bono
1572 3038 1664 3091 tecto.

491 3140 543 3200 25.
567 3139 721 3199 Providus
756 3139 935 3217 Stephanus
966 3137 1164 3212 Bratlrovich,
1206 3139 1334 3197 colonus
1356 3138 1400 3197 uti
1433 3138 1664 3212 antecedentes,

383 3249 478 3307 habet
495 3248 622 3306 domum
636 3247 796 3325 antiquam
812 3245 940 3305 basibus
964 3253 996 3304 et
1019 3246 1215 3322 reparatione
1231 3244 1432 3325 indigentem,
1448 3247 1594 3305 horreum
1611 3265 1665 3305 an·

383 3356 503 3434 tiquum
526 3354 655 3414 basibus
690 3352 844 3432 indigens,
879 3354 973 3412 haras
1002 3352 1204 3433 biangulares
1239 3354 1279 3412 ad
1314 3353 1474 3413 clausuras
1504 3353 1525 3412 4
1554 3354 1663 3422 bonas,

384 3482 542 3522 cameram
567 3462 608 3521 ad
631 3462 711 3520 duas
735 3462 896 3520 clausuras
920 3460 1080 3539 antiquam
1096 3459 1224 3519 basibus
1247 3460 1341 3519 etiam
1358 3460 1566 3539 indigentem
1590 3460 1664 3520 item

385 3570 577 3629 camerulam
601 3567 761 3645 antiquam
785 3569 900 3626 bonam
925 3567 966 3627 ad
997 3586 1091 3626 unam
1122 3568 1298 3627 clausuram
1330 3566 1361 3626 in
1392 3575 1475 3627 statu
1506 3567 1665 3642 mediocri,

384 3677 543 3737 lornaeem
567 3676 738 3754 pistoream
762 3694 818 3753 per
841 3674 1068 3753 negligentiam
1091 3674 1174 3733 bono
1197 3681 1280 3733 tecto
1303 3693 1366 3733 non
1390 3692 1447 3753 pro
1469 3674 1558 3735 isam.

491 3780 541 3841 26.
565 3782 686 3841 Nobilis
708 3782 888 3859 Stephanus
911 3780 1070 3841 Szerblich
1094 3780 1189 3840 habet
1211 3781 1338 3840 domum
1362 3780 1522 3859 antiquam
1546 3781 1661 3841 bonam

380 3898 452 3969 post
476 3890 594 3969 aliquot
617 3888 707 3948 annis
723 3887 860 3960 basibus,
883 3888 1030 3947 horreum
1048 3888 1209 3966 antiquum
1233 3887 1327 3947 etiam
1342 3897 1413 3967 post
1430 3888 1547 3966 aliquot
1563 3908 1662 3947 annos

380 3998 509 4058 basibus
531 3995 685 4076 indigens,
721 3996 815 4054 haras
840 3995 985 4073 antiquas
1023 3996 1064 4054 ad
1095 4014 1189 4054 unam
1222 3997 1399 4055 clausuram
1433 3995 1542 4055 ruinae
1579 3996 1663 4056 incli-

380 4113 501 4178 nantes,
525 4124 683 4164 cameram
708 4102 854 4162 frumenti
877 4122 1002 4175 novam,
1025 4101 1185 4162 fornacem
1209 4103 1378 4180 pistoream
1402 4104 1485 4163 bono
1500 4112 1584 4163 tecto
1599 4122 1662 4163 non

381 4214 550 4292 provisam.

496 4318 547 4379 27.
572 4317 758 4377 Laurentius
783 4316 951 4391 Humeljak
974 4316 1070 4375 habet
1093 4316 1221 4375 domum
1245 4315 1414 4394 antiquam,
1445 4336 1528 4376 nova
1557 4326 1663 4377 tamen

386 4427 527 4505 indigere
552 4424 683 4497 videtur,
718 4424 864 4483 horreum
887 4423 1014 4500 bonum,
1036 4424 1132 4483 haras
1167 4420 1345 4481 animalium
1371 4424 1411 4481 ad
1446 4420 1466 4481 3
1501 4424 1663 4484 clausuras

382 4534 527 4610 antiquas
563 4548 681 4609 magna
721 4530 918 4608 reparatione
950 4529 1138 4609 indigentes
1169 4530 1263 4588 haras
1307 4528 1465 4588 maialium
1498 4531 1537 4589 ad
1569 4550 1665 4590 unam

379 4640 557 4700 clausuram
581 4637 765 4708 mediocres,
789 4637 949 4697 lornaeem
972 4638 1143 4717 pistoream
1167 4654 1223 4714 per
1239 4636 1462 4716 negligentiam
1478 4645 1562 4697 tecto
1578 4638 1662 4698 bono

379 4766 442 4806 non
487 4762 633 4804 rovrsam.

466 4765 539 4911 p28.
562 4850 683 4910 Nobilis
706 4851 844 4910 Michael
867 4850 1077 4910 Blasekovich
1100 4848 1195 4908 habet
1219 4850 1345 4909 domum
1369 4849 1567 4924 mediocrem,
1591 4850 1663 4910 hor-

379 4978 467 5018 reum
492 4958 663 5038 antiquum,
686 4958 822 5018 dirutum
853 4964 980 5030 tectum,
1016 4958 1110 5015 haras
1140 4954 1284 5033 antiquas
1319 4956 1359 5013 ad
1393 4962 1457 5015 tres
1491 4955 1663 5031 clausuras,
