3934 5550
1539 478 1607 544 355

324 703 460 776 gentem,
483 698 628 757 horreum
652 695 768 762 bonum
794 717 885 757 secus
911 697 1006 757 etiam
1029 677 1101 777 post
1127 698 1244 776 aliquot
1278 718 1376 758 annos
1408 692 1605 775 repa'ratione

325 805 482 884 indigens,
518 806 612 865 haras
635 805 736 864 bonas
760 824 859 865 novas
891 825 928 865 ex
960 806 1067 866 solidis
1097 806 1260 866 roboribus
1295 806 1335 865 ad
1370 806 1390 869 3
1426 806 1604 878 clausuras3

328 913 402 972 item
435 913 591 972 maialium
626 914 719 972 haras
752 914 791 972 ad
826 931 920 972 unam
957 914 1133 973 clausuram
1170 913 1366 991 reparatione
1400 912 1605 984 necessariae,

256 1035 258 1038 ·
326 1021 485 1080 fornacem
509 1021 679 1098 pistoream
703 1021 769 1080 sine
793 1027 876 1080 tecto
900 1040 937 1080 ex
962 1020 1170 1101 negligentia3
1196 1020 1270 1080 item
1294 1039 1437 1080 cameras
1462 1020 1502 1079 ad
1525 1021 1605 1080 duas

328 1129 489 1189 clausuras
513 1147 569 1208 pro
592 1128 748 1188 frumento
772 1129 880 1190 bonas.

437 1234 484 1296 ll.
509 1235 666 1316 Georgius
690 1235 914 1296 Kovachevich
938 1235 1034 1298 habet
1056 1237 1183 1296 domam
1208 1235 1285 1294 satis
1308 1234 1514 1310 commodam,
1539 1253 1604 1293 am·

331 1343 415 1402 bitus
446 1363 522 1402 vero
556 1343 754 1423 reparatione
787 1343 914 1424 indiget,
944 1351 978 1403 ut
1011 1352 1042 1404 et
1072 1343 1183 1403 domus
1215 1352 1286 1422 post
1318 1341 1336 1400 2
1361 1351 1414 1402 aut
1446 1340 1466 1401 3
1497 1361 1605 1414 annos

327 1451 473 1510 horreum
498 1471 614 1510 novum
640 1470 677 1510 ex
703 1451 809 1510 solidis
833 1450 996 1511 roboribus
1024 1459 1107 1510 tecto
1142 1451 1299 1510 assericeo
1327 1469 1410 1510 novo
1435 1448 1604 1528 provisum,

327 1555 426 1635 penes
460 1559 604 1619 borreum
628 1559 755 1619 harulas
787 1559 989 1638 biangulares
1012 1560 1121 1632 bonas,
1146 1568 1176 1617 et
1200 1558 1282 1617 bono
1306 1566 1389 1617 tecto
1405 1557 1548 1637 provisas
1564 1557 1603 1616 ad

326 1663 346 1724 3
381 1665 550 1726 clausuras.
575 1667 651 1726 Item
676 1667 865 1726 camerulam
882 1666 1028 1726 frumenti
1053 1667 1212 1745 antiquam
1236 1667 1365 1726 basibus
1381 1665 1496 1742 podval
1512 1665 1603 1725 dictis

326 1773 529 1853 indigentem,
553 1773 648 1834 haras
682 1774 793 1834 iterum
817 1774 1017 1854 biangulares
1042 1775 1185 1853 antiquas
1205 1773 1402 1852 reparatione
1420 1793 1457 1833 ex
1481 1774 1605 1853 integro

324 1879 511 1960 indigentes,
548 1879 705 1940 fornacem
747 1881 915 1959 pistoream
953 1888 1037 1941 tecto
1075 1881 1158 1940 bono
1189 1901 1245 1960 per
1280 1880 1505 1961 negligentiam
1540 1900 1602 1939 non

324 1987 490 2065 provisam.

437 2092 483 2154 12.
508 2094 665 2174 Georgius
700 2095 819 2154 Robich
854 2094 949 2154 habet
984 2096 1111 2154 domum
1147 2113 1262 2155 novam
1297 2095 1422 2167 bonam,
1457 2095 1602 2154 borreum

325 2201 442 2261 bonum
466 2202 533 2262 sine
557 2211 657 2282 porta,
691 2204 786 2262 haras
818 2222 918 2263 novas
942 2203 1010 2262 sine
1034 2212 1122 2281 parte
1155 2201 1308 2281 superiori
1337 2203 1376 2262 ad
1409 2203 1488 2261 duas
1520 2203 1602 2261 clau·

326 2327 424 2382 suras,
441 2328 503 2387 pro
527 2309 639 2388 quibus
662 2310 806 2391 tegendis
832 2329 955 2370 asseres
979 2310 1170 2370 sufficientes
1193 2310 1256 2370 iam
1279 2310 1382 2370 habet.
1407 2311 1483 2369 ltem
1499 2328 1602 2369 carne·

323 2413 423 2474 rulam
459 2435 552 2477 unam
590 2418 629 2477 ad
663 2436 756 2476 unam
791 2418 968 2479 clausuram
992 2419 1108 2477 bonam
1133 2416 1291 2477 assericeo
1316 2425 1399 2476 tecto
1422 2417 1506 2476 bono
1530 2435 1601 2496 pro·

323 2523 432 2598 visam,
457 2525 517 2583 alia
540 2525 625 2584 nulla
649 2525 799 2585 aedilicia.

436 2628 482 2691 13.
506 2631 609 2692 Vidua
632 2631 775 2692 Barbara
798 2633 922 2710 losephi
946 2632 1064 2692 Robich
1088 2631 1184 2691 habet
1215 2631 1333 2691 curiam
1364 2630 1492 2691 basibus
1524 2631 1601 2691 indi·

323 2747 452 2817 gentem
477 2739 563 2799 etin
589 2747 670 2800 tecto
696 2740 853 2800 asseribus
877 2739 908 2800 in
933 2739 1037 2818 aliqua
1059 2748 1157 2818 parte,
1182 2758 1273 2800 secus
1296 2740 1380 2799 nulla
1405 2737 1556 2799 aedificia.

435 2846 482 2908 14.
507 2848 610 2907 Vidua
634 2848 772 2908 defuncti
796 2850 938 2907 Thomae
963 2846 1080 2907 Robich
1113 2848 1317 2927 Margaretha
1348 2847 1444 2905 babet
1473 2846 1600 2906 domum

320 2973 438 3013 novam
474 2956 589 3015 bonam
627 2974 664 3014 ex
701 2955 799 3015 solitis
829 2956 993 3016 roboribus
1025 2963 1179 3015 errectam
1213 2955 1270 3014 sed
1299 2963 1382 3014 tecto
1406 2954 1600 3035 indigentem

320 3080 411 3136 nove,
435 3062 581 3121 horreum
608 3063 769 3141 antiquum
795 3082 887 3122 secus
913 3063 943 3121 in
968 3063 1053 3121 bono
1084 3070 1169 3121 statu
1194 3062 1352 3121 assericea
1375 3071 1480 3121 tamen
1503 3061 1599 3140 plica-

322 3176 392 3228 tura
415 3168 646 3242 necessarium;
670 3170 743 3229 item
768 3188 926 3230 cameram
951 3168 1097 3229 frumenti
1120 3177 1191 3249 post
1224 3170 1370 3228 horreum
1402 3169 1599 3247 reparatione

321 3276 531 3335 necessariam
557 3276 588 3335 in
612 3284 703 3347 tect0,
738 3278 832 3336 baras
856 3276 1015 3337 maialium
1040 3277 1185 3355 antiquas
1208 3276 1249 3335 ad
1265 3294 1359 3334 unam
1375 3284 1498 3353 portam
1514 3294 1597 3335 com·

322 3383 450 3457 modas;
474 3382 548 3441 item
571 3402 669 3462 penes
694 3384 770 3443 alias
794 3385 888 3445 haras
913 3384 953 3443 ad
977 3403 1072 3443 unam
1102 3384 1277 3443 clausuram
1303 3382 1448 3461 antiquas
1472 3401 1597 3460 repara·

319 3490 403 3550 tione
428 3490 622 3570 indigentes;
646 3490 721 3550 item
746 3492 903 3551 stabulum
930 3491 1091 3569 antiquum
1122 3490 1236 3550 nullius
1267 3488 1390 3549 valoris,
1422 3490 1596 3549 Fomacem

317 3596 487 3675 pistoream
511 3597 635 3657 bonam.

431 3704 477 3764 15.
501 3705 645 3765 Andreas
678 3706 764 3765 Koos
797 3706 894 3765 habet
925 3706 1053 3764 domum
1085 3704 1124 3763 ad
1148 3704 1246 3763 instar
1269 3702 1374 3762 curiae
1399 3710 1448 3762 sat
1470 3703 1595 3777 bonam,

320 3812 466 3872 borreum
489 3831 604 3871 novum
628 3812 744 3871 bonum
776 3832 814 3871 ex
844 3812 950 3873 solidis
983 3811 1145 3871 roboribus
1176 3818 1366 3869 exstructum
1400 3810 1467 3869 sine
1499 3819 1596 3888 porta.

319 3920 396 3979 Item
421 3918 539 3998 antiqui
574 3920 677 3979 borrei
708 3940 802 3979 unam
834 3927 955 3997 partem
988 3928 1037 3979 sat
1071 3918 1277 3992 commodam,
1312 3918 1406 3976 haras
1438 3917 1597 3977 maialium

320 4026 465 4104 antiquas
489 4026 685 4104 reparatione
709 4026 914 4100 necessarias
937 4046 995 4105 pro
1024 4026 1136 4105 quibus
1167 4023 1350 4102 reparandis
1382 4024 1444 4083 iam
1480 4024 1597 4102 aliquot

321 4134 435 4193 robora
458 4133 543 4193 domi
566 4133 680 4208 habet3
705 4134 778 4193 item
801 4134 896 4193 haras
928 4134 1073 4211 antiquas
1108 4131 1287 4192 animalium
1319 4131 1359 4190 ad
1383 4128 1403 4189 3
1428 4131 1596 4205 clausuras,

322 4240 489 4317 inquibus
513 4241 648 4319 superior
675 4260 748 4319 pars
772 4241 870 4315 deest,
894 4240 1020 4301 inferior
1042 4258 1118 4299 vero
1141 4238 1216 4298 nibil
1239 4239 1331 4313 valet,
1355 4239 1480 4297 domum
1504 4237 1596 4296 fabri·

318 4347 379 4407 lem
405 4348 565 4427 antiquam
590 4348 787 4429 reparatione
810 4348 1032 4410 necessariam.

430 4454 476 4515 16.
500 4457 679 4535 Stephanus
703 4458 821 4517 Robich
845 4456 972 4517 domum
1004 4456 1100 4515 habet
1131 4455 1290 4533 antiquam
1321 4461 1393 4532 post
1427 4454 1446 4515 2
1491 4462 1544 4511 aut
1576 4450 1596 4512 3

319 4583 418 4624 annos
441 4584 526 4625 nova
550 4564 709 4646 indigebit,
734 4585 772 4626 ex
796 4565 923 4643 antiqua
957 4574 1070 4643 postea
1102 4564 1196 4622 baras
1220 4562 1278 4621 sibi
1302 4580 1449 4640 reparare
1473 4561 1595 4639 poterit,

315 4672 462 4731 horreum
487 4672 603 4732 bonum
627 4692 743 4734 novum
768 4674 834 4733 sine
858 4680 957 4752 porta,
981 4673 1075 4730 haras
1105 4670 1305 4749 biangulares
1336 4668 1436 4728 bonas
1468 4668 1596 4728 basibus

318 4778 495 4859 indigentes
520 4780 677 4840 assericeo
701 4788 784 4840 tecto
808 4778 968 4858 provisas;
991 4778 1066 4837 item
1090 4777 1280 4837 camerulam
1303 4793 1361 4855 pro
1384 4774 1539 4835 frumento
1556 4794 1594 4835 ex

318 4886 453 4965 antiquis
477 4886 639 4947 roboribus
662 4886 693 4945 in
717 4887 800 4946 bono
824 4894 922 4960 statu3
946 4886 1021 4945 item
1047 4884 1181 4944 culinam
1204 4884 1391 4943 forinsecam
1415 4901 1539 4957 novam,
1563 4883 1595 4941 in

314 5012 377 5072 qua
399 4994 538 5074 pistorea
560 4994 670 5053 fornax
695 5002 805 5071 exstat,
821 4992 853 5053 in
877 5012 939 5073 qua
963 4993 1066 5053 culina
1089 5012 1163 5071 pars
1180 4992 1321 5070 superior
1337 4990 1461 5049 novitus
1478 4990 1593 5049 ellabo·

1483 5109 1498 5142 ὑ
