3934 5550
483 632 576 693 Peter
599 632 747 709 Luchych
764 682 1256 701 ..........
1301 639 1371 699 den.
1403 634 1446 695 40

483 740 579 819 Iakop
605 740 737 801 Kussich
766 789 1256 806 ..........
1330 766 1343 797 »
1400 740 1442 801 40

483 846 601 907 Giurko
625 848 800 907 Berkouich
818 896 1254 913 .........
1328 874 1341 903 »
1401 847 1444 928 40

482 955 622 1033 Stephan
647 955 784 1014 Luchich
819 1005 1257 1019 .........
1330 981 1343 1010 »
1401 954 1445 1015 40

482 1062 622 1140 Stephan
645 1062 792 1138 Kussych
822 1112 1258 1133 .........
1332 1091 1344 1121 ι
1400 1064 1443 1126 40

483 1170 596 1230 Marko
620 1168 802 1245 Maydessik
822 1218 1256 1235 .........
1331 1197 1344 1228 »
1400 1171 1444 1233 40

483 1274 598 1333 Martin
622 1276 744 1353 miaysy
768 1276 963 1353 Chunchych
980 1325 1255 1340 ......
1328 1304 1341 1335 »
1399 1278 1443 1340 40

482 1383 574 1441 Peter
598 1383 816 1457 Puczekouich
873 1432 1255 1447 ........
1329 1410 1342 1440 »
1398 1385 1442 1446 49

482 1488 579 1548 Mihal
603 1490 822 1550 Puczekouich
868 1540 1253 1553 ........
1327 1517 1339 1546 »
1398 1492 1442 1553 40

482 1596 601 1655 Mikula
624 1595 824 1674 Giurachych
870 1646 1252 1659 ........
1326 1622 1339 1653 »
1397 1597 1442 1659 40

427 1734 572 1805 Originale
597 1736 786 1789 chartaceum.
807 1736 837 1789 in
857 1737 970 1790 archivo
990 1753 1092 1789 comm.
1112 1738 1179 1791 nob.
1199 1739 1236 1790 de
1255 1738 1428 1808 Turopolje:
1450 1739 1601 1807 Conscrio

321 1827 422 1878 tiones

425 2310 518 2370 Anno
547 2308 639 2373 1627.
669 2309 716 2373 16.
741 2312 925 2372 decembris.
949 2312 1135 2391 Zagrabiae.

313 2502 433 2567 Status
465 2506 496 2565 et
529 2502 667 2566 ordines
703 2502 805 2588 regni
839 2502 1053 2583 &lenonium
1087 2504 1127 2567 de
1161 2504 1397 2569 custodiendis
1431 2505 1626 2589 confiniis*

571 2608 768 2695 Colapionis
790 2617 851 2691 per
879 2610 1150 2696 Turopolienses‚
1174 2612 1346 2677 ordinant.

418 2810 524 2869 Acta
557 2810 810 2869 dominorum
844 2819 1027 2870 statuum
1062 2830 1106 2870 ac
1141 2811 1330 2871 ordinum
1363 2831 1589 2892 regnorum

314 2915 516 2976 Croatiae
541 2917 873 2984 etSclauoniae.
897 2917 936 2976 in
971 2918 1166 2996 generali
1200 2919 1386 2995 ipsorum
1418 2937 1590 2998 congre-

314 3024 495 3098 gatione,
520 3042 563 3082 ex
588 3023 726 3083 edicto
750 3023 1039 3083 illustrissimi
1063 3023 1218 3082 domini
1242 3020 1398 3083 domini
1423 3024 1591 3084 comitis

313 3131 580 3212 Sigismundi
611 3131 803 3206 Erdeddy
839 3131 887 3188 de
923 3131 1262 3202 Moniorokerek‚
1286 3132 1444 3191 Montis
1474 3130 1591 3190 Clau-

314 3238 371 3297 dii
395 3247 435 3297 et
459 3237 691 3298 comitatus
715 3237 1022 3296 Varasdiensis
1046 3236 1215 3297 comitis
1249 3239 1452 3315 perpetui,
1485 3257 1594 3315 prae-

312 3347 538 3405 missorum
562 3363 814 3424 regnoruum
839 3345 999 3418 bani,in
1024 3345 1202 3404 civitate
1226 3343 1591 3424 Montisgraecen·

311 3455 368 3514 sis
391 3451 708 3533 Zagrabiensis‚
732 3453 896 3511 dec-ima
929 3462 1050 3512 sexta
1080 3453 1235 3513 mensis
1264 3453 1516 3527 decembris,
1548 3453 1586 3512 in

311 3581 418 3620 anno
454 3561 605 3620 domini
642 3559 869 3619 millesimo
903 3561 1220 3620 sexcentesimo
1255 3561 1470 3639 vigesimo
1502 3580 1587 3639 sep·

309 3669 407 3727 timo
431 3669 660 3728 celebrata.

782 3857 930 3940 (Ceteris
952 3859 1114 3938 emissis.)

418 3991 553 4048 Demum
578 3997 727 4047 statutum
752 3996 809 4062 est,
833 3998 866 4046 ut
889 3998 952 4048 tam
978 3989 1220 4065 Turopolenses,
1243 4007 1338 4066 quam
1370 3986 1421 4046 alii
1452 3987 1589 4045 universi

313 4098 404 4156 unius
428 4097 577 4155 sessionis
600 4095 719 4154 nobiles
744 4096 830 4154 iuxta
862 4097 1021 4173 antiquam
1058 4097 1315 4155 consvetudinem
1350 4104 1490 4172 tempore
1525 4094 1588 4153 evi-

307 4204 407 4263 dentis
432 4203 562 4262 alicuius
585 4203 790 4278 necessitatis,
815 4204 855 4263 ad
879 4203 1085 4263 custodienda
1116 4201 1290 4280 Colapiana
1322 4201 1457 4261 confinia
1489 4201 1587 4259 insur-

306 4329 383 4389 gere
406 4319 580 4370 teneantur.

780 4450 928 4532 (Ceteris
949 4450 1114 4531 emissis.)

709 4600 805 4658 Lecta
829 4616 886 4676 per
908 4598 1102 4676 Stephanum
1125 4596 1290 4663 Pathatich
1314 4596 1352 4654 de
1377 4597 1534 4672 Zayezda,

709 4705 975 4784 prothonotarium
999 4706 1089 4785 regni
1112 4703 1309 4765 Sclauoniae.
1334 4703 1419 4762 Idem
1443 4723 1482 4764 m.
1507 4723 1537 4780 p.

410 4845 555 4916 Originaic
576 4847 603 4898 in
624 4845 737 4898 archivo
757 4861 868 4914 regnor.
888 4844 928 4907 C„
948 4843 974 4896 S.
996 4851 1025 4896 et
1043 4845 1091 4897 D.:
1110 4843 1301 4897 Protocollum
1329 4858 1424 4912 gener.
1454 4859 1580 4911 congreg

302 4935 382 5005 regni
402 4952 417 4987 a
446 4935 524 4988 1627.
544 4952 571 5001 p.
590 4935 748 4988 247.-252.
