<?xml version="1.0" encoding="UTF-8"?>
<!DOCTYPE html PUBLIC "-//W3C//DTD XHTML 1.0 Transitional//EN"
    "http://www.w3.org/TR/xhtml1/DTD/xhtml1-transitional.dtd">
<html xmlns="http://www.w3.org/1999/xhtml" xml:lang="en" lang="en">
 <head>
  <title>
</title>
<meta http-equiv="Content-Type" content="text/html;charset=utf-8" />
  <meta name='ocr-system' content='tesseract 3.04.00' />
  <meta name='ocr-capabilities' content='ocr_page ocr_carea ocr_par ocr_line ocrx_word'/>
</head>
<body>
  <div class='ocr_page' id='page_1' title='image "./povjesnispomeni00laszgoog_0301.png"; bbox 0 0 3934 5550; ppageno 0'>
   <div class='ocr_carea' id='block_1_1' title="bbox 415 420 480 492">
    <p class='ocr_par' dir='ltr' id='par_1_1' title="bbox 415 420 480 492">
     <span class='ocr_line' id='line_1_1' title="bbox 415 420 480 492; baseline 0.031 -2"><span class='ocrx_word' id='word_1_1' title='bbox 415 420 480 492; x_wconf 83' lang='lat'><strong>&#39;268</strong></span> 
     </span>
    </p>
   </div>
   <div class='ocr_carea' id='block_1_2' title="bbox 413 641 1751 1261">
    <p class='ocr_par' dir='ltr' id='par_1_2' title="bbox 413 641 1751 1261">
     <span class='ocr_line' id='line_1_2' title="bbox 414 641 1695 725; baseline -0.001 -19"><span class='ocrx_word' id='word_1_2' title='bbox 414 646 539 719; x_wconf 87' lang='lat' dir='ltr'><strong>tionem,</strong></span> <span class='ocrx_word' id='word_1_3' title='bbox 563 646 613 705; x_wconf 91' lang='lat' dir='ltr'><strong>vel</strong></span> <span class='ocrx_word' id='word_1_4' title='bbox 637 664 712 705; x_wconf 90' lang='lat' dir='ltr'><strong>vero</strong></span> <span class='ocrx_word' id='word_1_5' title='bbox 735 644 905 706; x_wconf 82' lang='lat' dir='ltr'><strong>nobilitatis</strong></span> <span class='ocrx_word' id='word_1_6' title='bbox 928 646 1042 725; x_wconf 90' lang='lat' dir='ltr'><strong>Campi</strong></span> <span class='ocrx_word' id='word_1_7' title='bbox 1066 643 1236 725; x_wconf 86' lang='lat' dir='ltr'><strong>Turopolia</strong></span> <span class='ocrx_word' id='word_1_8' title='bbox 1256 642 1435 706; x_wconf 85' lang='lat' dir='ltr'><strong>immediate</strong></span> <span class='ocrx_word' id='word_1_9' title='bbox 1460 641 1599 722; x_wconf 84' lang='lat' dir='ltr'><strong>attineat,</strong></span> <span class='ocrx_word' id='word_1_10' title='bbox 1622 662 1695 706; x_wconf 85' lang='lat' dir='ltr'><strong>con·</strong></span> 
     </span>
     <span class='ocr_line' id='line_1_3' title="bbox 414 753 1751 833; baseline 0.001 -22"><span class='ocrx_word' id='word_1_11' title='bbox 414 762 651 833; x_wconf 87' lang='lat' dir='ltr'><strong>sequenterque‚</strong></span> <span class='ocrx_word' id='word_1_12' title='bbox 685 771 724 813; x_wconf 92' lang='lat' dir='ltr'><strong>an</strong></span> <span class='ocrx_word' id='word_1_13' title='bbox 756 753 815 812; x_wconf 91' lang='lat' dir='ltr'><strong>sub</strong></span> <span class='ocrx_word' id='word_1_14' title='bbox 839 753 951 813; x_wconf 86' lang='lat' dir='ltr'><strong>vexillo</strong></span> <span class='ocrx_word' id='word_1_15' title='bbox 974 753 1116 814; x_wconf 88' lang='lat' dir='ltr'><strong>eiusdem</strong></span> <span class='ocrx_word' id='word_1_16' title='bbox 1143 753 1309 813; x_wconf 85' lang='lat' dir='ltr'><strong>comitatus</strong></span> <span class='ocrx_word' id='word_1_17' title='bbox 1337 762 1391 813; x_wconf 92' lang='lat' dir='ltr'><strong>aut</strong></span> <span class='ocrx_word' id='word_1_18' title='bbox 1414 772 1490 813; x_wconf 89' lang='lat' dir='ltr'><strong>vero</strong></span> <span class='ocrx_word' id='word_1_19' title='bbox 1513 753 1617 813; x_wconf 92' lang='lat' dir='ltr'><strong>dictae</strong></span> <span class='ocrx_word' id='word_1_20' title='bbox 1639 772 1696 812; x_wconf 89' lang='lat' dir='ltr'><strong>no·</strong></span> <span class='ocrx_word' id='word_1_21' title='bbox 1745 791 1751 799; x_wconf 90' lang='lat'>-</span> 
     </span>
     <span class='ocr_line' id='line_1_4' title="bbox 417 860 1696 941; baseline -0.001 -21"><span class='ocrx_word' id='word_1_22' title='bbox 417 860 544 921; x_wconf 87' lang='lat' dir='ltr'><strong>bilitatis</strong></span> <span class='ocrx_word' id='word_1_23' title='bbox 555 860 688 921; x_wconf 87' lang='lat' dir='ltr'><strong>militare</strong></span> <span class='ocrx_word' id='word_1_24' title='bbox 704 860 889 941; x_wconf 79' lang='lat' dir='ltr'><strong>obligeturi,</strong></span> <span class='ocrx_word' id='word_1_25' title='bbox 905 860 1108 921; x_wconf 83' lang='lat' dir='ltr'><strong>revidendam</strong></span> <span class='ocrx_word' id='word_1_26' title='bbox 1125 860 1308 921; x_wconf 87' lang='lat' dir='ltr'><strong>ordinantur</strong></span> <span class='ocrx_word' id='word_1_27' title='bbox 1323 861 1464 939; x_wconf 88' lang='lat' dir='ltr'><strong>deputati</strong></span> <span class='ocrx_word' id='word_1_28' title='bbox 1476 861 1505 925; x_wconf 92' lang='lat' dir='ltr'><strong>d.</strong></span> <span class='ocrx_word' id='word_1_29' title='bbox 1517 860 1696 940; x_wconf 88' lang='lat' dir='ltr'><strong>spectabilis</strong></span> 
     </span>
     <span class='ocr_line' id='line_1_5' title="bbox 414 952 1692 1049; baseline 0 -22"><span class='ocrx_word' id='word_1_30' title='bbox 414 968 593 1042; x_wconf 84' lang='lat' dir='ltr'><strong>vicebanus,</strong></span> <span class='ocrx_word' id='word_1_31' title='bbox 617 968 769 1049; x_wconf 90' lang='lat' dir='ltr'><strong>magister</strong></span> <span class='ocrx_word' id='word_1_32' title='bbox 791 968 1044 1047; x_wconf 81' lang='lat' dir='ltr'><strong>prothonotarius</strong></span> <span class='ocrx_word' id='word_1_33' title='bbox 1067 968 1106 1043; x_wconf 79' lang='lat' dir='ltr'><strong>(si</strong></span> <span class='ocrx_word' id='word_1_34' title='bbox 1130 968 1243 1028; x_wconf 86' lang='lat' dir='ltr'><strong>adesse</strong></span> <span class='ocrx_word' id='word_1_35' title='bbox 1276 969 1410 1046; x_wconf 85' lang='lat' dir='ltr'><strong>poterit),</strong></span> <span class='ocrx_word' id='word_1_36' title='bbox 1441 952 1692 1029; x_wconf 74' lang='lat' dir='ltr'><strong>reverendissimi</strong></span> 
     </span>
     <span class='ocr_line' id='line_1_6' title="bbox 413 1075 1694 1156; baseline 0 -21"><span class='ocrx_word' id='word_1_37' title='bbox 413 1076 599 1136; x_wconf 87' lang='lat' dir='ltr'><strong>venerabilis</strong></span> <span class='ocrx_word' id='word_1_38' title='bbox 633 1076 760 1155; x_wconf 90' lang='lat' dir='ltr'><strong>capituli</strong></span> <span class='ocrx_word' id='word_1_39' title='bbox 795 1075 1019 1155; x_wconf 80' lang='lat' dir='ltr'><strong>Zagrabiensis</strong></span> <span class='ocrx_word' id='word_1_40' title='bbox 1042 1076 1178 1152; x_wconf 82' lang='lat' dir='ltr'><strong>exmissi,</strong></span> <span class='ocrx_word' id='word_1_41' title='bbox 1207 1075 1374 1135; x_wconf 89' lang='lat' dir='ltr'><strong>comitatus</strong></span> <span class='ocrx_word' id='word_1_42' title='bbox 1408 1076 1632 1156; x_wconf 83' lang='lat' dir='ltr'><strong>Zagrabiensis</strong></span> <span class='ocrx_word' id='word_1_43' title='bbox 1664 1076 1694 1135; x_wconf 91' lang='lat' dir='ltr'><strong>d.</strong></span> 
     </span>
     <span class='ocr_line' id='line_1_7' title="bbox 414 1182 1695 1261; baseline 0.002 -18"><span class='ocrx_word' id='word_1_44' title='bbox 414 1184 614 1245; x_wconf 86' lang='lat' dir='ltr'><strong>vicecomites</strong></span> <span class='ocrx_word' id='word_1_45' title='bbox 630 1192 662 1243; x_wconf 90' lang='lat' dir='ltr'><strong>et</strong></span> <span class='ocrx_word' id='word_1_46' title='bbox 677 1183 938 1244; x_wconf 69' lang='lat' dir='ltr'><strong>conferendarum</strong></span> <span class='ocrx_word' id='word_1_47' title='bbox 955 1184 1152 1257; x_wconf 83' lang='lat' dir='ltr'><strong>secretarius,</strong></span> <span class='ocrx_word' id='word_1_48' title='bbox 1169 1183 1352 1243; x_wconf 89' lang='lat' dir='ltr'><strong>relationem</strong></span> <span class='ocrx_word' id='word_1_49' title='bbox 1368 1184 1399 1243; x_wconf 89' lang='lat' dir='ltr'><strong>in</strong></span> <span class='ocrx_word' id='word_1_50' title='bbox 1416 1183 1539 1261; x_wconf 87' lang='lat' dir='ltr'><strong>publico</strong></span> <span class='ocrx_word' id='word_1_51' title='bbox 1553 1182 1695 1245; x_wconf 81' lang='lat' dir='ltr'><strong>facturi«.</strong></span> 
     </span>
    </p>
   </div>
   <div class='ocr_carea' id='block_1_3' title="bbox 412 1321 1692 1483">
    <p class='ocr_par' dir='ltr' id='par_1_3' title="bbox 412 1321 1692 1483">
     <span class='ocr_line' id='line_1_8' title="bbox 519 1321 1692 1394; baseline 0.001 -19"><span class='ocrx_word' id='word_1_52' title='bbox 519 1322 543 1375; x_wconf 85' lang='lat' dir='ltr'>E</span> <span class='ocrx_word' id='word_1_53' title='bbox 570 1322 729 1391; x_wconf 88' lang='lat' dir='ltr'><strong>protocollo</strong></span> <span class='ocrx_word' id='word_1_54' title='bbox 757 1323 836 1393; x_wconf 85' lang='lat' dir='ltr'><strong>regni</strong></span> <span class='ocrx_word' id='word_1_55' title='bbox 864 1339 998 1394; x_wconf 84' lang='lat' dir='ltr'><strong>congreg.</strong></span> <span class='ocrx_word' id='word_1_56' title='bbox 1018 1341 1042 1377; x_wconf 88' lang='lat' dir='ltr'><strong>a.</strong></span> <span class='ocrx_word' id='word_1_57' title='bbox 1063 1321 1143 1379; x_wconf 79' lang='lat'><strong>1733.</strong></span> <span class='ocrx_word' id='word_1_58' title='bbox 1164 1340 1191 1391; x_wconf 88' lang='lat' dir='ltr'><strong>p.</strong></span> <span class='ocrx_word' id='word_1_59' title='bbox 1211 1322 1272 1378; x_wconf 78' lang='lat'><strong>486.</strong></span> <span class='ocrx_word' id='word_1_60' title='bbox 1289 1323 1322 1376; x_wconf 91' lang='lat' dir='ltr'><strong>ln</strong></span> <span class='ocrx_word' id='word_1_61' title='bbox 1342 1324 1457 1378; x_wconf 86' lang='lat' dir='ltr'><strong>archivo</strong></span> <span class='ocrx_word' id='word_1_62' title='bbox 1484 1339 1595 1393; x_wconf 87' lang='lat' dir='ltr'><strong>regnor.</strong></span> <span class='ocrx_word' id='word_1_63' title='bbox 1615 1322 1645 1377; x_wconf 88' lang='lat' dir='ltr'><strong>C.</strong></span> <span class='ocrx_word' id='word_1_64' title='bbox 1665 1322 1692 1376; x_wconf 92' lang='lat' dir='ltr'><strong>S.</strong></span> 
     </span>
     <span class='ocr_line' id='line_1_9' title="bbox 412 1412 1297 1483; baseline -0.006 -16"><span class='ocrx_word' id='word_1_65' title='bbox 412 1420 441 1467; x_wconf 86' lang='lat' dir='ltr'><strong>et</strong></span> <span class='ocrx_word' id='word_1_66' title='bbox 460 1412 493 1465; x_wconf 89' lang='lat' dir='ltr'><strong>D.</strong></span> <span class='ocrx_word' id='word_1_67' title='bbox 513 1412 674 1483; x_wconf 88' lang='lat' dir='ltr'><strong>Zagrabiae.</strong></span> <span class='ocrx_word' id='word_1_68' title='bbox 1292 1416 1297 1423; x_wconf 88' lang='lat'>&#39;</span> 
     </span>
    </p>
   </div>
   <div class='ocr_carea' id='block_1_4' title="bbox 1001 1734 1109 1808">
    <p class='ocr_par' dir='ltr' id='par_1_4' title="bbox 1001 1734 1109 1808">
     <span class='ocr_line' id='line_1_10' title="bbox 1001 1734 1109 1808; baseline 0.056 -7"><span class='ocrx_word' id='word_1_69' title='bbox 1001 1734 1109 1808; x_wconf 78' lang='lat'><strong>210.</strong></span> 
     </span>
    </p>
   </div>
   <div class='ocr_carea' id='block_1_5' title="bbox 523 1932 1477 2014">
    <p class='ocr_par' dir='ltr' id='par_1_5' title="bbox 523 1932 1477 2014">
     <span class='ocr_line' id='line_1_11' title="bbox 523 1932 1477 2014; baseline -0.002 -20"><span class='ocrx_word' id='word_1_70' title='bbox 523 1936 616 1994; x_wconf 82' lang='lat' dir='ltr'><strong>Anno</strong></span> <span class='ocrx_word' id='word_1_71' title='bbox 645 1932 736 1996; x_wconf 80' lang='lat'><strong>1739.</strong></span> <span class='ocrx_word' id='word_1_72' title='bbox 761 1933 812 1997; x_wconf 84' lang='lat'><strong>21.</strong></span> <span class='ocrx_word' id='word_1_73' title='bbox 838 1943 868 1994; x_wconf 88' lang='lat' dir='ltr'><strong>et</strong></span> <span class='ocrx_word' id='word_1_74' title='bbox 892 1945 1033 2014; x_wconf 89' lang='lat' dir='ltr'><strong>sequent.</strong></span> <span class='ocrx_word' id='word_1_75' title='bbox 1056 1934 1174 1995; x_wconf 87' lang='lat' dir='ltr'><strong>mensis</strong></span> <span class='ocrx_word' id='word_1_76' title='bbox 1197 1934 1279 1998; x_wconf 89' lang='lat' dir='ltr'><strong>maii.</strong></span> <span class='ocrx_word' id='word_1_77' title='bbox 1303 1934 1477 1994; x_wconf 87' lang='lat' dir='ltr'><strong>Varasdini.</strong></span> 
     </span>
    </p>
   </div>
   <div class='ocr_carea' id='block_1_6' title="bbox 413 2112 1691 2302">
    <p class='ocr_par' dir='ltr' id='par_1_6' title="bbox 413 2112 1691 2302">
     <span class='ocr_line' id='line_1_12' title="bbox 413 2112 1691 2215; baseline 0.001 -26"><span class='ocrx_word' id='word_1_78' title='bbox 413 2128 533 2193; x_wconf 60' lang='lat' dir='ltr'><strong>„Status</strong></span> <span class='ocrx_word' id='word_1_79' title='bbox 562 2132 594 2192; x_wconf 83' lang='lat' dir='ltr'><strong>et</strong></span> <span class='ocrx_word' id='word_1_80' title='bbox 625 2127 762 2191; x_wconf 82' lang='lat' dir='ltr'><strong>ordines</strong></span> <span class='ocrx_word' id='word_1_81' title='bbox 784 2127 886 2215; x_wconf 84' lang='lat' dir='ltr'><strong>regni</strong></span> <span class='ocrx_word' id='word_1_82' title='bbox 908 2147 926 2191; x_wconf 83' lang='lat' dir='ltr'><strong>e</strong></span> <span class='ocrx_word' id='word_1_83' title='bbox 950 2124 1080 2213; x_wconf 78' lang='lat' dir='ltr'><strong>Campo</strong></span> <span class='ocrx_word' id='word_1_84' title='bbox 1108 2127 1348 2211; x_wconf 82' lang='lat' dir='ltr'><strong>Turopoliensi</strong></span> <span class='ocrx_word' id='word_1_85' title='bbox 1370 2142 1430 2205; x_wconf 84' lang='lat'><strong>250</strong></span> <span class='ocrx_word' id='word_1_86' title='bbox 1454 2112 1584 2191; x_wconf 72' lang='lat' dir='ltr'><strong>milites</strong></span> <span class='ocrx_word' id='word_1_87' title='bbox 1613 2126 1691 2190; x_wconf 82' lang='lat' dir='ltr'><strong>edu-</strong></span> 
     </span>
     <span class='ocr_line' id='line_1_13' title="bbox 893 2232 1214 2302; baseline 0.006 -3"><span class='ocrx_word' id='word_1_88' title='bbox 893 2235 1018 2300; x_wconf 82' lang='lat' dir='ltr'><strong>cendos</strong></span> <span class='ocrx_word' id='word_1_89' title='bbox 1040 2232 1214 2302; x_wconf 79' lang='lat' dir='ltr'><strong>ordinant.</strong></span> 
     </span>
    </p>
   </div>
   <div class='ocr_carea' id='block_1_7' title="bbox 411 2434 1694 3162">
    <p class='ocr_par' dir='ltr' id='par_1_7' title="bbox 411 2434 1694 3162">
     <span class='ocr_line' id='line_1_14' title="bbox 519 2434 1694 2496; baseline -0.002 -1"><span class='ocrx_word' id='word_1_90' title='bbox 519 2436 620 2496; x_wconf 83' lang='lat' dir='ltr'><strong>Acta</strong></span> <span class='ocrx_word' id='word_1_91' title='bbox 652 2444 691 2495; x_wconf 93' lang='lat' dir='ltr'><strong>et</strong></span> <span class='ocrx_word' id='word_1_92' title='bbox 720 2434 895 2495; x_wconf 87' lang='lat' dir='ltr'><strong>articuli</strong></span> <span class='ocrx_word' id='word_1_93' title='bbox 926 2434 1188 2495; x_wconf 89' lang='lat' dir='ltr'><strong>dominorum</strong></span> <span class='ocrx_word' id='word_1_94' title='bbox 1219 2441 1401 2494; x_wconf 91' lang='lat' dir='ltr'><strong>statuum</strong></span> <span class='ocrx_word' id='word_1_95' title='bbox 1434 2442 1473 2493; x_wconf 90' lang='lat' dir='ltr'><strong>et</strong></span> <span class='ocrx_word' id='word_1_96' title='bbox 1503 2434 1694 2494; x_wconf 89' lang='lat' dir='ltr'><strong>ordinum</strong></span> 
     </span>
     <span class='ocr_line' id='line_1_15' title="bbox 413 2541 1693 2623; baseline 0 -20"><span class='ocrx_word' id='word_1_97' title='bbox 413 2543 666 2620; x_wconf 88' lang='lat' dir='ltr'><strong>inclytorum</strong></span> <span class='ocrx_word' id='word_1_98' title='bbox 691 2543 936 2618; x_wconf 82' lang='lat' dir='ltr'><strong>Dalmatiae,</strong></span> <span class='ocrx_word' id='word_1_99' title='bbox 967 2541 1169 2603; x_wconf 90' lang='lat' dir='ltr'><strong>Croatiae</strong></span> <span class='ocrx_word' id='word_1_100' title='bbox 1200 2549 1238 2603; x_wconf 90' lang='lat' dir='ltr'><strong>et</strong></span> <span class='ocrx_word' id='word_1_101' title='bbox 1268 2543 1517 2603; x_wconf 89' lang='lat' dir='ltr'><strong>Sclauoniae</strong></span> <span class='ocrx_word' id='word_1_102' title='bbox 1547 2562 1693 2623; x_wconf 87' lang='lat' dir='ltr'><strong>regno-</strong></span> 
     </span>
     <span class='ocr_line' id='line_1_16' title="bbox 412 2650 1692 2731; baseline -0.001 -21"><span class='ocrx_word' id='word_1_103' title='bbox 412 2670 503 2729; x_wconf 89' lang='lat' dir='ltr'><strong>rum,</strong></span> <span class='ocrx_word' id='word_1_104' title='bbox 537 2650 575 2709; x_wconf 93' lang='lat' dir='ltr'><strong>in</strong></span> <span class='ocrx_word' id='word_1_105' title='bbox 610 2650 803 2731; x_wconf 82' lang='lat' dir='ltr'><strong>generali</strong></span> <span class='ocrx_word' id='word_1_106' title='bbox 839 2651 1067 2711; x_wconf 90' lang='lat' dir='ltr'><strong>eorundem</strong></span> <span class='ocrx_word' id='word_1_107' title='bbox 1102 2669 1147 2710; x_wconf 89' lang='lat' dir='ltr'><strong>ex</strong></span> <span class='ocrx_word' id='word_1_108' title='bbox 1181 2650 1320 2710; x_wconf 92' lang='lat' dir='ltr'><strong>edicto</strong></span> <span class='ocrx_word' id='word_1_109' title='bbox 1351 2659 1392 2710; x_wconf 91' lang='lat' dir='ltr'><strong>et</strong></span> <span class='ocrx_word' id='word_1_110' title='bbox 1427 2650 1503 2710; x_wconf 90' lang='lat' dir='ltr'><strong>sub</strong></span> <span class='ocrx_word' id='word_1_111' title='bbox 1539 2650 1692 2729; x_wconf 82' lang='lat' dir='ltr'><strong>praesi-</strong></span> 
     </span>
     <span class='ocr_line' id='line_1_17' title="bbox 412 2757 1689 2822; baseline -0.001 -3"><span class='ocrx_word' id='word_1_112' title='bbox 412 2758 553 2820; x_wconf 90' lang='lat' dir='ltr'><strong>dentia</strong></span> <span class='ocrx_word' id='word_1_113' title='bbox 584 2758 727 2821; x_wconf 89' lang='lat' dir='ltr'><strong>excell.</strong></span> <span class='ocrx_word' id='word_1_114' title='bbox 759 2768 791 2819; x_wconf 97' lang='lat' dir='ltr'><strong>et</strong></span> <span class='ocrx_word' id='word_1_115' title='bbox 821 2758 1041 2822; x_wconf 88' lang='lat' dir='ltr'><strong>illustriss.</strong></span> <span class='ocrx_word' id='word_1_116' title='bbox 1073 2758 1230 2820; x_wconf 90' lang='lat' dir='ltr'><strong>domini</strong></span> <span class='ocrx_word' id='word_1_117' title='bbox 1262 2758 1418 2819; x_wconf 91' lang='lat' dir='ltr'><strong>domini</strong></span> <span class='ocrx_word' id='word_1_118' title='bbox 1443 2757 1609 2819; x_wconf 91' lang='lat' dir='ltr'><strong>comitis</strong></span> <span class='ocrx_word' id='word_1_119' title='bbox 1633 2759 1689 2818; x_wconf 92' lang='lat' dir='ltr'><strong>lo-</strong></span> 
     </span>
     <span class='ocr_line' id='line_1_18' title="bbox 412 2866 1690 2946; baseline 0.002 -20"><span class='ocrx_word' id='word_1_120' title='bbox 412 2867 531 2946; x_wconf 88' lang='lat' dir='ltr'><strong>sephi</strong></span> <span class='ocrx_word' id='word_1_121' title='bbox 555 2867 816 2944; x_wconf 89' lang='lat' dir='ltr'><strong>Eszterhazy</strong></span> <span class='ocrx_word' id='word_1_122' title='bbox 841 2868 887 2927; x_wconf 89' lang='lat' dir='ltr'><strong>de</strong></span> <span class='ocrx_word' id='word_1_123' title='bbox 912 2866 1131 2943; x_wconf 88' lang='lat' dir='ltr'><strong>Galantha,</strong></span> <span class='ocrx_word' id='word_1_124' title='bbox 1161 2867 1357 2945; x_wconf 85' lang='lat' dir='ltr'><strong>perpetui</strong></span> <span class='ocrx_word' id='word_1_125' title='bbox 1380 2867 1420 2926; x_wconf 90' lang='lat' dir='ltr'><strong>in</strong></span> <span class='ocrx_word' id='word_1_126' title='bbox 1444 2866 1609 2927; x_wconf 85' lang='lat' dir='ltr'><strong>Fraltno</strong></span> <span class='ocrx_word' id='word_1_127' title='bbox 1632 2875 1690 2930; x_wconf 91' lang='lat' dir='ltr'><strong>etc.</strong></span> 
     </span>
     <span class='ocr_line' id='line_1_19' title="bbox 411 2973 1687 3054; baseline 0.002 -22"><span class='ocrx_word' id='word_1_128' title='bbox 411 2973 515 3048; x_wconf 88' lang='lat' dir='ltr'><strong>bani,</strong></span> <span class='ocrx_word' id='word_1_129' title='bbox 540 2973 768 3033; x_wconf 89' lang='lat' dir='ltr'><strong>Varasdini</strong></span> <span class='ocrx_word' id='word_1_130' title='bbox 791 2993 861 3053; x_wconf 89' lang='lat' dir='ltr'><strong>pro</strong></span> <span class='ocrx_word' id='word_1_131' title='bbox 884 2974 949 3035; x_wconf 88' lang='lat' dir='ltr'><strong>die</strong></span> <span class='ocrx_word' id='word_1_132' title='bbox 974 2973 1026 3036; x_wconf 89' lang='grc'><strong>21.</strong></span> <span class='ocrx_word' id='word_1_133' title='bbox 1050 2983 1087 3034; x_wconf 90' lang='lat' dir='ltr'><strong>et</strong></span> <span class='ocrx_word' id='word_1_134' title='bbox 1110 2974 1389 3054; x_wconf 77' lang='lat' dir='ltr'><strong>sequentibus</strong></span> <span class='ocrx_word' id='word_1_135' title='bbox 1413 2975 1687 3046; x_wconf 84' lang='lat' dir='ltr'><strong>mensismaii,</strong></span> 
     </span>
     <span class='ocr_line' id='line_1_20' title="bbox 412 3078 1450 3162; baseline 0 -22"><span class='ocrx_word' id='word_1_136' title='bbox 412 3081 504 3140; x_wconf 90' lang='lat' dir='ltr'><strong>anni</strong></span> <span class='ocrx_word' id='word_1_137' title='bbox 532 3078 624 3141; x_wconf 86' lang='grc'><strong>1739.</strong></span> <span class='ocrx_word' id='word_1_138' title='bbox 649 3081 866 3141; x_wconf 89' lang='lat' dir='ltr'><strong>celebrata</strong></span> <span class='ocrx_word' id='word_1_139' title='bbox 890 3083 1233 3162; x_wconf 75' lang='lat' dir='ltr'><strong>congregatione</strong></span> <span class='ocrx_word' id='word_1_140' title='bbox 1257 3082 1450 3142; x_wconf 90' lang='lat' dir='ltr'><strong>conclusi</strong></span> 
     </span>
    </p>
   </div>
   <div class='ocr_carea' id='block_1_8' title="bbox 884 3221 1219 3304">
    <p class='ocr_par' dir='ltr' id='par_1_8' title="bbox 884 3221 1219 3304">
     <span class='ocr_line' id='line_1_21' title="bbox 884 3221 1219 3304; baseline 0 -16"><span class='ocrx_word' id='word_1_141' title='bbox 884 3221 1034 3304; x_wconf 78' lang='lat' dir='ltr'><strong>(Ceteris</strong></span> <span class='ocrx_word' id='word_1_142' title='bbox 1055 3223 1219 3303; x_wconf 82' lang='lat' dir='ltr'><strong>emissis.)</strong></span> 
     </span>
    </p>
   </div>
   <div class='ocr_carea' id='block_1_9' title="bbox 822 3439 1276 3505">
    <p class='ocr_par' dir='ltr' id='par_1_9' title="bbox 822 3439 1276 3505">
     <span class='ocr_line' id='line_1_22' title="bbox 822 3439 1276 3505; baseline 0.015 -7"><span class='ocrx_word' id='word_1_143' title='bbox 822 3439 1067 3501; x_wconf 85' lang='lat' dir='ltr'><strong>Articulus</strong></span> <span class='ocrx_word' id='word_1_144' title='bbox 1102 3449 1276 3505; x_wconf 82' lang='lat' dir='ltr'><strong>sextus</strong></span> 
     </span>
    </p>
   </div>
   <div class='ocr_carea' id='block_1_10' title="bbox 411 3582 1690 3769">
    <p class='ocr_par' dir='ltr' id='par_1_10' title="bbox 411 3582 1690 3769">
     <span class='ocr_line' id='line_1_23' title="bbox 517 3582 1690 3665; baseline 0.003 -24"><span class='ocrx_word' id='word_1_145' title='bbox 517 3583 565 3642; x_wconf 81' lang='lat' dir='ltr'><strong>Er</strong></span> <span class='ocrx_word' id='word_1_146' title='bbox 586 3582 788 3643; x_wconf 85' lang='lat' dir='ltr'><strong>universitate</strong></span> <span class='ocrx_word' id='word_1_147' title='bbox 813 3582 960 3645; x_wconf 88' lang='lat' dir='ltr'><strong>nobilium</strong></span> <span class='ocrx_word' id='word_1_148' title='bbox 984 3583 1097 3665; x_wconf 89' lang='lat' dir='ltr'><strong>Campi</strong></span> <span class='ocrx_word' id='word_1_149' title='bbox 1125 3585 1295 3664; x_wconf 87' lang='lat' dir='ltr'><strong>Turopolia</strong></span> <span class='ocrx_word' id='word_1_150' title='bbox 1318 3584 1502 3664; x_wconf 86' lang='lat' dir='ltr'><strong>capitaneus</strong></span> <span class='ocrx_word' id='word_1_151' title='bbox 1525 3584 1605 3646; x_wconf 87' lang='lat' dir='ltr'><strong>illius</strong></span> <span class='ocrx_word' id='word_1_152' title='bbox 1628 3585 1690 3646; x_wconf 86' lang='lat' dir='ltr'><strong>loci</strong></span> 
     </span>
     <span class='ocr_line' id='line_1_24' title="bbox 411 3690 903 3769; baseline 0.008 -19"><span class='ocrx_word' id='word_1_153' title='bbox 411 3691 523 3750; x_wconf 85' lang='lat' dir='ltr'><strong>educet</strong></span> <span class='ocrx_word' id='word_1_154' title='bbox 546 3691 666 3769; x_wconf 85' lang='lat' dir='ltr'><strong>pedites</strong></span> <span class='ocrx_word' id='word_1_155' title='bbox 691 3691 803 3751; x_wconf 89' lang='lat' dir='ltr'><strong>milites</strong></span> <span class='ocrx_word' id='word_1_156' title='bbox 828 3690 903 3754; x_wconf 90' lang='grc'><strong>250.</strong></span> 
     </span>
    </p>
   </div>
   <div class='ocr_carea' id='block_1_11' title="bbox 891 3833 1206 3915">
    <p class='ocr_par' dir='ltr' id='par_1_11' title="bbox 891 3833 1206 3915">
     <span class='ocr_line' id='line_1_25' title="bbox 891 3833 1206 3915; baseline -0.01 -13"><span class='ocrx_word' id='word_1_157' title='bbox 891 3833 1025 3902; x_wconf 79' lang='lat' dir='ltr'><strong>(ceteris</strong></span> <span class='ocrx_word' id='word_1_158' title='bbox 1046 3835 1206 3915; x_wconf 74' lang='lat' dir='ltr'><strong>emissis.)</strong></span> 
     </span>
    </p>
   </div>
   <div class='ocr_carea' id='block_1_12' title="bbox 946 4034 1653 4440">
    <p class='ocr_par' dir='ltr' id='par_1_12' title="bbox 946 4034 1653 4114">
     <span class='ocr_line' id='line_1_26' title="bbox 946 4034 1653 4114; baseline -0.001 -21"><span class='ocrx_word' id='word_1_159' title='bbox 946 4035 1044 4094; x_wconf 87' lang='lat' dir='ltr'><strong>Lecta</strong></span> <span class='ocrx_word' id='word_1_160' title='bbox 1074 4043 1106 4094; x_wconf 87' lang='lat' dir='ltr'><strong>et</strong></span> <span class='ocrx_word' id='word_1_161' title='bbox 1136 4034 1294 4113; x_wconf 90' lang='lat' dir='ltr'><strong>publicata</strong></span> <span class='ocrx_word' id='word_1_162' title='bbox 1324 4054 1381 4113; x_wconf 90' lang='lat' dir='ltr'><strong>per</strong></span> <span class='ocrx_word' id='word_1_163' title='bbox 1411 4053 1462 4095; x_wconf 90' lang='lat' dir='ltr'><strong>me</strong></span> <span class='ocrx_word' id='word_1_164' title='bbox 1495 4035 1653 4114; x_wconf 86' lang='lat' dir='ltr'><strong>lgnatlum</strong></span> 
     </span>
    </p>

    <p class='ocr_par' dir='ltr' id='par_1_13' title="bbox 949 4141 1646 4224">
     <span class='ocr_line' id='line_1_27' title="bbox 949 4141 1646 4224; baseline 0.003 -24"><span class='ocrx_word' id='word_1_165' title='bbox 949 4141 1147 4201; x_wconf 87' lang='lat' dir='ltr'><strong>Franciscum</strong></span> <span class='ocrx_word' id='word_1_166' title='bbox 1179 4141 1325 4224; x_wconf 87' lang='lat' dir='ltr'><strong>Czinderj</strong></span> <span class='ocrx_word' id='word_1_167' title='bbox 1351 4143 1390 4202; x_wconf 88' lang='lat' dir='ltr'><strong>de</strong></span> <span class='ocrx_word' id='word_1_168' title='bbox 1414 4142 1509 4222; x_wconf 85' lang='lat' dir='ltr'><strong>Nagy</strong></span> <span class='ocrx_word' id='word_1_169' title='bbox 1541 4141 1646 4218; x_wconf 82' lang='lat' dir='ltr'><strong>Attad,</strong></span> 
     </span>
    </p>

    <p class='ocr_par' dir='ltr' id='par_1_14' title="bbox 946 4248 1648 4440">
     <span class='ocr_line' id='line_1_28' title="bbox 946 4248 1648 4329; baseline 0.006 -22"><span class='ocrx_word' id='word_1_170' title='bbox 946 4248 1156 4327; x_wconf 84' lang='lat' dir='ltr'><strong>praefatorum</strong></span> <span class='ocrx_word' id='word_1_171' title='bbox 1177 4267 1347 4329; x_wconf 81' lang='lat' dir='ltr'><strong>regnorum</strong></span> <span class='ocrx_word' id='word_1_172' title='bbox 1363 4249 1549 4329; x_wconf 86' lang='lat' dir='ltr'><strong>magistrum</strong></span> <span class='ocrx_word' id='word_1_173' title='bbox 1566 4249 1648 4310; x_wconf 88' lang='lat' dir='ltr'><strong>vice·</strong></span> 
     </span>
     <span class='ocr_line' id='line_1_29' title="bbox 1021 4355 1490 4440; baseline 0.009 -26"><span class='ocrx_word' id='word_1_174' title='bbox 1021 4433 1026 4440; x_wconf 19' lang='lat' dir='ltr'><em>q</em></span> <span class='ocrx_word' id='word_1_175' title='bbox 1107 4355 1372 4434; x_wconf 89' lang='lat' dir='ltr'><strong>prothonotarium</strong></span> <span class='ocrx_word' id='word_1_176' title='bbox 1397 4375 1438 4417; x_wconf 91' lang='lat' dir='ltr'><strong>m.</strong></span> <span class='ocrx_word' id='word_1_177' title='bbox 1461 4376 1490 4434; x_wconf 89' lang='lat' dir='ltr'><strong>p.</strong></span> 
     </span>
    </p>
   </div>
   <div class='ocr_carea' id='block_1_13' title="bbox 411 4493 1693 4656">
    <p class='ocr_par' dir='ltr' id='par_1_15' title="bbox 411 4493 1693 4656">
     <span class='ocr_line' id='line_1_30' title="bbox 514 4493 1693 4568; baseline 0.003 -19"><span class='ocrx_word' id='word_1_178' title='bbox 514 4494 714 4563; x_wconf 83' lang='lat' dir='ltr'><strong>Eprotocollo</strong></span> <span class='ocrx_word' id='word_1_179' title='bbox 738 4511 871 4568; x_wconf 85' lang='lat' dir='ltr'><strong>congreg.</strong></span> <span class='ocrx_word' id='word_1_180' title='bbox 901 4497 979 4566; x_wconf 87' lang='lat' dir='ltr'><strong>regni</strong></span> <span class='ocrx_word' id='word_1_181' title='bbox 999 4512 1023 4550; x_wconf 85' lang='lat' dir='ltr'><strong>a.</strong></span> <span class='ocrx_word' id='word_1_182' title='bbox 1044 4493 1121 4551; x_wconf 79' lang='lat'><strong>1739.</strong></span> <span class='ocrx_word' id='word_1_183' title='bbox 1150 4512 1214 4568; x_wconf 85' lang='lat' dir='ltr'><strong>pag.</strong></span> <span class='ocrx_word' id='word_1_184' title='bbox 1238 4498 1259 4551; x_wconf 91' lang='lat' dir='ltr'><strong>l.</strong></span> <span class='ocrx_word' id='word_1_185' title='bbox 1287 4497 1317 4549; x_wconf 87' lang='lat' dir='ltr'><strong>ln</strong></span> <span class='ocrx_word' id='word_1_186' title='bbox 1337 4497 1451 4550; x_wconf 85' lang='lat' dir='ltr'><strong>archivo</strong></span> <span class='ocrx_word' id='word_1_187' title='bbox 1482 4512 1593 4566; x_wconf 85' lang='lat' dir='ltr'><strong>regnor.</strong></span> <span class='ocrx_word' id='word_1_188' title='bbox 1613 4495 1643 4552; x_wconf 89' lang='lat' dir='ltr'><strong>C.</strong></span> <span class='ocrx_word' id='word_1_189' title='bbox 1665 4498 1693 4552; x_wconf 92' lang='lat' dir='ltr'><strong>S.</strong></span> 
     </span>
     <span class='ocr_line' id='line_1_31' title="bbox 411 4582 672 4656; baseline 0.011 -20"><span class='ocrx_word' id='word_1_190' title='bbox 411 4589 439 4636; x_wconf 89' lang='lat' dir='ltr'><strong>et</strong></span> <span class='ocrx_word' id='word_1_191' title='bbox 459 4582 493 4636; x_wconf 91' lang='lat' dir='ltr'><strong>D.</strong></span> <span class='ocrx_word' id='word_1_192' title='bbox 513 4583 672 4656; x_wconf 87' lang='lat' dir='ltr'><strong>Zagrabiae.</strong></span> 
     </span>
    </p>
   </div>
   <div class='ocr_carea' id='block_1_14' title="bbox 0 0 1972 5550">
    <p class='ocr_par' dir='ltr' id='par_1_16' title="bbox 0 0 1972 5550">
     <span class='ocr_line' id='line_1_32' title="bbox 0 0 1972 5550; baseline 0 2"><span class='ocrx_word' id='word_1_193' title='bbox 0 0 1972 5550; x_wconf 95' lang='lat' dir='ltr'><strong> </strong></span> 
     </span>
    </p>
   </div>
  </div>
 </body>
</html>
