3934 5550
428 437 493 502 366

427 656 545 734 tiquum
575 658 705 718 basibus
736 668 767 719 et
791 661 988 738 reparatione
1020 659 1173 738 indigens.
1204 662 1340 721 Harulas
1370 663 1411 723 ad
1434 664 1513 723 duas
1544 665 1706 724 clausuras

427 765 457 824 in
482 767 596 825 misero
620 775 718 838 statu,
752 768 825 828 item
850 768 991 828 barulam
1025 789 1119 827 unam
1155 769 1195 829 ad
1221 790 1315 829 unam
1350 780 1473 849 portam
1507 772 1707 849 mediocrem,

426 893 583 933 cameram
609 875 649 934 ad
673 875 753 934 duas
777 876 939 935 clausuras
964 876 1104 935 Mathiae
1128 877 1315 954 privativam
1339 878 1371 937 in
1395 879 1478 939 bono
1503 889 1609 949 statu;
1633 881 1706 940 item

427 982 617 1042 camerulam
641 982 736 1042 habet
760 983 966 1043 domesticam
990 983 1021 1042 in
1046 984 1195 1044 mediocri
1220 991 1311 1044 statu.
1336 988 1511 1046 Fornacem
1534 987 1706 1066 pistoream

426 1107 541 1148 novam
565 1089 596 1148 in
620 1093 704 1149 tecto
727 1090 822 1150 habet
846 1110 901 1150 sex
926 1091 1048 1150 robora.

533 1194 561 1256 8.
586 1196 744 1276 Georgius
767 1197 943 1258 Fabecbicb
968 1199 1096 1258 domum
1121 1200 1215 1259 babet
1240 1200 1399 1278 antiquam
1430 1201 1627 1280 reparatione
1660 1202 1705 1261 in-

425 1305 595 1384 digentem,
618 1305 764 1364 horreum
789 1305 948 1385 antiquum
974 1306 1003 1364 in
1029 1313 1111 1364 statu
1145 1307 1235 1378 malo,
1266 1308 1361 1367 haras
1393 1308 1573 1369 animalium
1605 1310 1705 1369 bonas

425 1411 603 1488 pavimento
627 1411 761 1471 inferiori
787 1412 973 1492 indigentes,
998 1432 1157 1473 cameram
1182 1413 1222 1474 ad
1238 1423 1302 1474 tres
1325 1416 1487 1475 clausuras
1509 1417 1626 1475 bonam
1650 1435 1704 1496 pa·

425 1519 562 1578 vimento
596 1519 732 1579 interiori
768 1529 935 1594 carentem,
970 1521 1131 1581 fornacem
1165 1522 1335 1600 pistoream
1371 1532 1402 1585 et
1437 1523 1571 1583 culinam
1607 1543 1705 1603 penes

425 1626 492 1685 sinc
515 1634 607 1686 tectu.

531 1729 560 1792 9.
584 1734 734 1812 Iosephus
768 1734 944 1794 Fabechicb
978 1735 1073 1795 habet
1103 1736 1238 1815 primum
1273 1738 1439 1797 cubicuum
1470 1747 1538 1799 utut
1576 1741 1704 1814 bonum,

424 1841 579 1918 posterius
602 1847 707 1900 autem
731 1841 870 1920 proxime
888 1851 1019 1903 corruet.
1043 1844 1197 1903 Horreum
1215 1845 1374 1923 antiquum
1401 1845 1528 1905 basibus
1552 1846 1704 1925 indigens.

423 1948 526 2006 Haras
551 1948 591 2007 ad
615 1944 635 2007 3
659 1949 819 2008 clausuras
853 1948 952 2008 bonas
975 1951 1155 2027 pavimento
1189 1951 1375 2032 indigentes.
1412 1954 1584 2013 Fornacem
1608 1953 1703 2031 pisto·

421 2073 508 2113 ream
532 2055 563 2114 in
587 2053 734 2115 mediocri
759 2064 850 2115 statu.

533 2161 581 2223 10.
605 2162 702 2223 Curia
726 2163 863 2223 deluneti
887 2164 1003 2223 domini
1028 2165 1149 2224 comitis
1180 2167 1335 2226 terrestris
1366 2167 1496 2248 Georgii
1520 2167 1701 2249 Pogledich,

422 2289 517 2349 quam
542 2269 685 2329 dominus
709 2271 891 2348 perillustris
916 2271 1053 2330 Mathias
1084 2273 1299 2333 Verchlrovich
1338 2294 1376 2334 ex
1411 2276 1529 2334 arenda
1551 2274 1700 2354 possidet

424 2377 455 2435 in
478 2385 560 2437 tecto
577 2397 615 2436 ex
632 2397 694 2438 una
717 2387 806 2456 parte
821 2397 903 2438 novo
928 2379 1055 2458 indiget,
1073 2381 1112 2440 ab
1129 2381 1291 2441 occidente
1306 2383 1453 2442 horreum
1473 2403 1623 2463 magnum
1640 2403 1702 2443 nou

425 2484 546 2564 pridem
569 2484 694 2560 lactum,
720 2486 867 2546 assericio
884 2494 965 2546 tecto
981 2488 1065 2547 bono
1087 2489 1262 2566 provisum;
1279 2488 1354 2550 item
1370 2489 1572 2570 loenilegium
1589 2509 1704 2550 novum

424 2593 507 2651 bono
531 2600 613 2652 tecto
636 2593 805 2671 provisum,
830 2595 985 2654 stabulum
1009 2596 1126 2654 bonum
1159 2597 1200 2655 ad
1235 2596 1315 2656 duas
1351 2598 1521 2670 clausuras,
1545 2598 1602 2657 sed
1635 2607 1706 2677 post

426 2699 552 2779 aliquod
576 2718 675 2759 annos
699 2709 781 2760 tecto
805 2701 965 2782 indigebit,
997 2702 1049 2760 ubi
1073 2703 1253 2782 pavimento
1284 2703 1420 2764 interiori
1444 2705 1548 2765 statim
1572 2705 1702 2786 indiget,

428 2808 522 2867 haras
552 2807 753 2888 biangulores
778 2810 818 2869 ad
843 2809 1005 2868 clausuras
1029 2808 1050 2868 4
1081 2811 1112 2869 in
1145 2818 1227 2870 statu
1251 2812 1343 2887 bono,
1366 2812 1546 2891 pavimento
1562 2812 1699 2873 inferiori

424 2914 559 2992 indiget;
583 2914 657 2975 item
690 2934 788 2994 penes
812 2924 859 2974 est
882 2936 938 2995 pro
969 2917 1109 2977 caulibus
1134 2919 1191 2977 sub
1223 2938 1286 2978 uno
1308 2927 1391 2978 tecto
1423 2920 1597 2993 camemla3
1631 2920 1705 2981 item

422 3022 517 3080 habet
540 3022 667 3081 domum
692 3022 868 3081 allodialem
891 3023 1019 3082 basibus
1035 3024 1237 3103 indigentem,
1254 3045 1345 3085 secus
1361 3027 1392 3085 in
1408 3027 1491 3086 bono
1508 3035 1607 3100 statu3
1631 3027 1705 3086 item

419 3147 476 3205 pro
500 3128 631 3187 canibus
655 3129 821 3188 vematicis
845 3130 987 3189 harulam
1011 3131 1105 3191 habet
1130 3132 1160 3191 in
1176 3140 1260 3191 statu
1283 3133 1374 3205 bonu,
1399 3134 1624 3193 columbarium
1647 3136 1702 3194 bo·

419 3256 502 3310 num,
527 3236 629 3295 culina
653 3244 700 3295 est
725 3236 860 3314 antiqua,
884 3256 965 3315 quae
989 3238 1020 3297 in
1044 3239 1181 3316 pessimo
1213 3248 1296 3298 statu
1331 3249 1395 3314 est3
1428 3241 1504 3300 item
1538 3251 1586 3301 est
1618 3241 1702 3302 aedi-

419 3344 523 3402 ticium
548 3342 708 3421 antiquum
733 3362 789 3421 pro
812 3344 942 3403 canibus
975 3346 1199 3424 componendis
1222 3346 1351 3407 basibus
1375 3348 1503 3428 indiget,
1527 3357 1558 3408 et
1581 3358 1699 3409 tectum

420 3452 608 3511 assericeum
633 3470 695 3510 non
727 3451 806 3511 adeo
833 3461 956 3527 bonum,
980 3471 1037 3530 pro
1061 3454 1216 3513 alatilibus
1247 3455 1390 3534 antiquas
1421 3456 1547 3515 baralas
1578 3474 1703 3534 repara-

418 3558 501 3617 tione
526 3558 711 3637 indigentes,
736 3560 787 3619 ubi
805 3570 853 3619 est
876 3560 986 3619 lomax
1003 3562 1148 3641 pistorea,
1174 3564 1334 3641 antiquum
1359 3563 1566 3624 aedificiolum
1590 3564 1699 3624 ruinae

418 3666 601 3744 proximum,
635 3666 666 3725 in
690 3667 779 3726 horto
804 3668 914 3727 domus
938 3677 987 3727 est
1011 3689 1071 3746 puo
1095 3670 1314 3730 hortensilibus
1336 3670 1430 3730 rebus
1453 3670 1546 3734 bona.

530 3771 578 3836 ll.
601 3774 706 3832 Harae
730 3774 867 3833 defuncti
890 3776 1006 3834 domini
1031 3776 1206 3835 Baithasari
1223 3776 1394 3855 Pogledich
1409 3778 1449 3836 ad
1470 3777 1606 3837 nobilem
1630 3778 1699 3838 Ste-

418 3880 554 3957 phanum
579 3879 751 3958 Ztepanich
775 3886 966 3959 spectantes'
988 3883 1018 3941 in
1041 3883 1159 3960 optimo
1193 3892 1286 3958 statu,
1320 3891 1404 3944 tecto
1437 3884 1594 3945 assericeo
1618 3886 1703 3946 bono

419 3986 573 4064 provisae.

529 4092 576 4154 12.
601 4096 733 4155 loannes
755 4096 845 4174 Bapt.
870 4096 1040 4156 Barbarich
1077 4096 1173 4156 habet
1196 4096 1324 4157 domum
1356 4096 1515 4175 antiquam
1547 4098 1579 4156 in
1614 4105 1696 4157 statu

421 4198 543 4273 misero,
567 4200 714 4260 horreum
748 4202 907 4281 antiquum
932 4222 1042 4281 parum
1066 4203 1184 4277 valens,
1219 4204 1314 4263 haras
1348 4204 1390 4263 ad
1424 4204 1504 4263 duas
1535 4205 1697 4265 clausuras

418 4306 562 4384 antiquas
585 4308 712 4367 basibus
737 4318 768 4367 et
791 4308 970 4390 pavimento
1004 4310 1156 4387 superiori
1180 4318 1211 4369 et
1234 4309 1371 4369 interiori
1395 4310 1589 4389 indigentes3
1623 4309 1697 4370 item

415 4412 508 4471 haras
533 4414 573 4473 ad
597 4415 676 4473 duas
701 4416 861 4474 clausuras
886 4416 1030 4495 antiquas
1065 4417 1172 4475 itidem
1196 4417 1324 4475 basibus
1360 4425 1390 4476 et
1423 4417 1605 4494 pavimento
1641 4438 1692 4476 su-

418 4520 530 4597 periori
563 4530 593 4580 et
625 4522 762 4581 interiori
796 4532 947 4596 carentes,
983 4526 1142 4584 lomacem
1173 4524 1344 4604 pistoream
1378 4543 1435 4603 per
1471 4525 1695 4605 negligentiam

416 4625 499 4686 bono
522 4635 605 4687 tecto
627 4648 689 4688 non
712 4630 871 4708 provisam

528 4730 575 4796 13.
599 4734 757 4811 Georgius
780 4736 941 4816 Sipussich
965 4739 1060 4797 habet
1084 4738 1244 4818 antiquam
1268 4738 1396 4798 domum
1420 4740 1450 4799 in
1472 4748 1554 4799 statu
1571 4740 1697 4815 misero,

418 4839 562 4899 horreum
601 4843 761 4920 antiquum
796 4845 923 4904 basibus
966 4846 1120 4924 indigens,
1155 4847 1250 4904 haras
1284 4845 1487 4925 biangulares
1521 4848 1622 4906 bonas
1654 4847 1694 4907 ad

416 4954 521 5025 portas
546 4946 575 5021 5,
600 4948 734 5009 culinam
758 4949 944 5011 forinsecam
969 4952 1052 5011 bono
1076 4961 1158 5011 tecto
1182 4971 1243 5010 non
1268 4952 1435 5029 provisam,
1469 4962 1500 5011 et
1532 4954 1691 5013 fornacem
