3934 5550
440 662 504 725 448

545 882 604 939 l'er
628 882 652 938 F
655 880 821 940 tidericum
855 879 1038 939 Piszaclrich
1063 880 1102 939 de
1127 879 1336 954 Hisanovecz,
1359 879 1522 957 praelibati
1547 881 1642 941 incliti
1667 901 1722 941 co-

439 987 568 1047 mitatus
592 987 773 1066 primarium
800 987 1024 1047 vicenotarium
1050 1006 1089 1047 m.
1113 1007 1142 1065 p.

542 1109 687 1181 Originale
709 1110 924 1163 membraneum
944 1110 972 1161 in
993 1108 1084 1162 torma
1102 1108 1174 1195 libri,
1194 1124 1211 1162 a
1229 1124 1300 1161 aona
1318 1107 1429 1162 sericea
1454 1109 1540 1177 rubri,
1560 1109 1616 1163 albi
1635 1117 1665 1163 et
1682 1112 1723 1166 vi·

436 1201 505 1253 ridie
530 1199 634 1253 coloris
658 1200 766 1267 pendet
791 1200 927 1252 deaurata
952 1197 1069 1266 capsula
1094 1214 1111 1251 e
1136 1197 1261 1264 metallo,
1280 1198 1308 1250 in
1327 1213 1383 1267 qua
1406 1197 1530 1268 sigillum
1549 1200 1720 1267 impressum

437 1297 490 1343 est.
510 1290 540 1343 ln
560 1290 674 1343 archivo
693 1305 835 1343 commun.
854 1289 920 1341 nob.
941 1289 977 1341 de
997 1288 1160 1358 Turopolje.

1027 1552 1134 1643 aas.

545 1776 636 1837 Anno
664 1772 757 1838 1832.
784 1772 836 1837 23.
860 1783 892 1834 et
915 1774 1119 1853 sequentibus
1144 1773 1225 1834 maii.
1248 1772 1437 1852 Zagrabiae.

657 1966 895 2031 [meticulatio
918 1970 1132 2032 statutorum
1158 1961 1283 2052 Campi
1312 1964 1509 2050 Turopolia.

545 2166 602 2226 Ex
626 2166 750 2226 actis
773 2166 1025 2247 generalis
1049 2184 1302 2247 regnorum
1325 2163 1598 2237 Dalmatiae,
1621 2162 1721 2223 Cro·

439 2274 573 2350 atiae,
596 2282 640 2334 et
662 2274 925 2335 Slavouiae
949 2293 1065 2335 anno
1088 2272 1264 2335 domini
1291 2269 1385 2335 1832.
1409 2270 1461 2335 23.
1485 2280 1524 2332 et
1547 2289 1721 2351 sequen·

437 2383 563 2443 tibus
587 2382 759 2442 mensis
782 2381 881 2443 maii
904 2381 1075 2443 diebus
1098 2380 1465 2463 Zagrabiae,sub
1489 2379 1722 2460 praesidio

439 2490 808 2564 excellentissimi,
842 2508 891 2551 ac
914 2489 1245 2552 illustrissimi
1277 2490 1530 2552 eorundem
1559 2507 1721 2569 regno-

438 2617 529 2658 rum
551 2596 655 2657 bani
681 2597 959 2659 celebratae
983 2597 1391 2679 congregationis

933 2793 1169 2856 ARTlCULUS
1198 2791 1227 2856 9.

439 2937 497 2998 De
537 2937 822 2998 inlrasertis
865 2939 1067 3000 statutis
1104 2937 1455 2999 universitatis
1494 2937 1723 2997 nobilium

439 3045 600 3122 Campi
635 3044 906 3124 Turopolya
940 3047 1241 3110 ratihabitis.

544 3222 755 3285 Universitate
788 3223 936 3285 nobilium
972 3223 1085 3304 Campi
1119 3226 1300 3304 Turopolya
1329 3223 1362 3286 in
1394 3243 1432 3284 eo
1464 3222 1669 3304 supplicante,
1691 3228 1727 3282 ut

436 3330 468 3390 in
499 3350 582 3392 nexu
605 3329 726 3392 articuli
750 3329 801 3394 24.
824 3331 875 3393 die
899 3333 927 3394 5.
953 3334 1080 3414 augusti
1107 3329 1200 3397 1748.
1224 3341 1370 3395 servatae
1392 3350 1562 3414 regnonrm
1584 3348 1716 3411 congre·

435 3439 580 3518 gationis,
604 3439 666 3500 duo
699 3447 841 3500 recenter
873 3441 904 3500 in
935 3441 1158 3503 restauratoria
1191 3439 1307 3521 quippe
1339 3439 1387 3504 16.
1412 3439 1487 3501 maii
1511 3459 1538 3501 a.
1562 3458 1589 3501 c.
1612 3438 1719 3499 habita

435 3548 681 3629 congregatione
705 3548 830 3609 condita
853 3557 970 3611 statuta
994 3551 1224 3626 confirmentur,
1248 3568 1286 3609 ac
1318 3549 1377 3610 sub
1408 3548 1510 3629 sigillo
1543 3545 1633 3628 regni
1667 3564 1720 3606 ex·

437 3655 612 3732 pediantur.

543 3765 797 3826 Praememorata
830 3773 947 3825 statuta
976 3765 1007 3826 in
1039 3765 1164 3845 publico
1197 3765 1344 3844 perlecta,
1369 3772 1401 3824 et
1423 3761 1597 3842 sicquidem
1632 3761 1718 3821 iuxta

438 3869 555 3930 domini
579 3870 715 3931 Emerici
730 3870 893 3949 Lentulay,
911 3871 1059 3932 ordinarii
1082 3871 1275 3934 vicecomitis
1291 3879 1323 3931 et
1338 3870 1477 3952 ablegati
1500 3868 1724 3950 Zagrablensis

400 3954 407 3972 ³
438 3977 604 4038 comitatus
628 3979 870 4040 declarationem
905 3980 1021 4040 nemini
1055 3979 1298 4058 praeiudiciosa,
1333 3976 1584 4058 praevigentium
1608 3975 1722 4036 ibidem

438 4091 624 4146 statutorum
656 4086 909 4165 exsplicationem
941 4087 1094 4148 duntaxat
1126 4086 1329 4160 continerent,
1352 4084 1491 4147 unanimi
1515 4092 1589 4144 voto
1612 4101 1723 4162 accep·

436 4200 512 4267 tata,
538 4201 569 4252 et
593 4193 767 4275 approbata
789 4201 870 4255 sunt
896 4229 935 4239 -
961 4193 1091 4255 Publico
1113 4193 1229 4255 idcirco
1252 4192 1342 4274 regui
1362 4190 1532 4272 protocollo
1547 4189 1722 4261 inserenda,

437 4308 468 4360 et
483 4300 663 4380 praedictae
679 4300 874 4362 universitati
897 4320 954 4382 pro
977 4302 1082 4362 lutura
1105 4301 1245 4362 eiusdem
1262 4299 1441 4372 directione,
1466 4306 1498 4358 et
1520 4297 1632 4358 iunium
1649 4315 1721 4358 cau·

438 4406 512 4468 tella
535 4407 593 4468 sub
618 4408 707 4489 regni
731 4408 833 4490 sigillo
856 4428 943 4470 more
967 4410 1058 4470 solito
1078 4402 1296 4469 extradanda.¹

553 4515 694 4592 Quorum
730 4523 917 4578 statutorum
950 4525 1042 4577 tenor
1076 4525 1125 4576 est
1158 4533 1312 4594 sequens:

541 4622 709 4684 Statutumi
742 4643 782 4682 vu
813 4623 948 4686 velikom
974 4623 1162 4703 zpravischu
1185 4622 1242 4683 iliti
1266 4621 1444 4683 restauratii
1468 4621 1551 4681 dana
1580 4618 1627 4683 16.
1653 4639 1713 4680 ma·

432 4728 526 4806 jusha
553 4727 646 4794 1832.
670 4751 712 4792 vu
736 4732 837 4812 gradu
870 4731 1041 4791 Lulravczu
1074 4729 1317 4790 z-obchinzkom
1350 4727 1439 4789 vszih
1462 4728 1637 4789 nazochnih
1661 4728 1721 4806 pri·

435 4837 601 4914 volenyem
625 4839 841 4900 dolronchani:

545 4945 569 5009 l.
594 4947 792 5008 Restauratia
815 4965 857 5007 na
880 4946 942 5005 dan
967 4964 1032 5008 szv.
1057 4943 1204 5018 Lucziae,
1229 4943 1270 5005 ali
1294 4945 1354 5004 alro
1377 4962 1419 5004 ov
1442 4943 1578 5004 szvetek
1602 4960 1642 5002 na
1658 4941 1721 5002 dan

436 5053 582 5131 nedelyni
616 5055 688 5135 opal
711 5054 750 5131 bi,
772 5055 829 5116 tak
852 5054 935 5116 anda
958 5053 1025 5114 talri
1048 5052 1212 5128 szledechi,
1242 5070 1317 5131 prez
1345 5051 1487 5131 vsalroga
1526 5067 1721 5124 assessorov,

436 5159 698 5248 viceassessorou
731 5161 846 5222 oatalih
871 5161 1058 5223 chaztnilrov
1080 5179 1102 5237 y
1126 5160 1241 5220 obchin
1265 5159 1452 5237 pozivanya,
1487 5157 1559 5234 lroje
1584 5157 1660 5217 szad
1682 5175 1722 5216 za
