3934 5550
1544 401 1565 465 5

286 609 403 689 chych,
443 609 726 692 generationalium
762 617 792 673 et
827 611 1117 674 condivisionalium
1154 613 1283 674 fratrum
1320 616 1395 676 dicti
1438 617 1566 677 Martini

287 721 564 797 Czwethlrowych,
588 739 669 798 quae
693 721 752 800 ipsi
776 739 886 782 sacrae
910 721 1044 799 primum
1070 723 1160 802 regni
1184 723 1282 783 nostri
1305 724 1490 804 Hungan‘ae
1514 744 1566 785 co·

287 848 372 902 rone,
396 836 427 888 et
452 827 566 888 deinde
579 828 735 888 maiestati
747 837 874 889 nostrae
897 848 954 908 pro
978 829 1119 889 locorum
1143 839 1174 890 et
1206 839 1382 910 temporum
1413 832 1566 892 varietate

286 936 418 997 fideliter
453 943 483 995 et
515 943 693 996 constanter
730 937 936 996 exhibuerunt
967 945 999 997 et
1029 938 1255 1018 impenderunt,
1288 957 1325 998 ac
1360 939 1564 1017 imposterum

285 1065 409 1124 quoque
434 1048 579 1109 exhibere
602 1045 704 1127 parati
729 1052 808 1118 sunt,
839 1046 967 1104 totalem
991 1045 1225 1124 possessionem
1257 1047 1438 1123 Woynoscz
1470 1065 1566 1111 voca·

285 1159 358 1227 tam,
393 1172 528 1213 unacum
563 1154 656 1214 curiis
688 1151 902 1212 nobilitatibus
925 1151 957 1210 in
982 1153 1103 1228 eadem,
1127 1154 1158 1212 in
1182 1153 1331 1214 comitatu
1359 1153 1565 1235 Zagrabiensi

289 1261 483 1336 existentem,
508 1263 539 1322 in
564 1262 652 1322 cuius
676 1261 780 1339 quieto
805 1268 836 1320 et
859 1259 992 1338 pacifico
1015 1260 1153 1321 dominio
1175 1262 1270 1322 iidem
1294 1262 1430 1322 maiores
1447 1270 1479 1323 et
1494 1281 1564 1341 pro·

288 1368 447 1446 genitores
472 1389 546 1429 suos
571 1371 610 1429 ab
635 1368 763 1446 antiquo
787 1367 969 1446 perstitisse,
993 1387 1091 1447 seque
1114 1368 1200 1448 ipsos
1224 1368 1319 1429 etiam
1342 1370 1382 1429 de
1404 1369 1565 1448 praesenti

286 1475 462 1553 persistere,
486 1478 543 1538 sed
566 1477 672 1537 literas
698 1483 729 1535 et
752 1475 881 1535 literalis
906 1475 1113 1535 instrumenta
1144 1476 1312 1554 superinde
1344 1476 1451 1536 hahita
1480 1493 1500 1540 a
1531 1497 1566 1537 se

286 1583 448 1660 deperdita
472 1593 503 1644 et
527 1585 704 1645 abalienata
728 1603 799 1643 esse
824 1591 983 1656 asserunt;
1006 1593 1106 1644 totum
1130 1584 1204 1643 item
1236 1592 1267 1643 et
1302 1603 1395 1644 omne
1427 1585 1476 1645 ius
1510 1605 1565 1645 no·

286 1698 383 1750 strum
409 1691 539 1770 regium,
571 1692 597 1752 si
620 1692 704 1771 quod
736 1690 766 1750 in
791 1691 952 1770 praedicta
982 1691 1183 1768 possessione
1207 1693 1387 1768 Woynoscz
1411 1711 1448 1752 ac
1473 1693 1566 1753 curiis

287 1798 501 1872 nobilitaribus
532 1800 562 1857 in
595 1818 633 1858 ea
641 1800 707 1858 lem
738 1798 860 1870 habitis,
891 1797 922 1857 in
954 1799 1103 1858 comitatu
1133 1799 1339 1879 Zagrabiensi
1363 1801 1567 1861 existentibus

288 1905 410 1976 habitis,
435 1906 528 1965 etiam
560 1905 647 1968 aliter
679 1906 934 1985 qualitercunque
966 1906 1164 1982 haberemus,
1197 1917 1251 1966 aut
1281 1910 1393 1968 eadem
1425 1918 1565 1970 nostram

287 2031 324 2071 ex
349 2013 586 2093 quibuscunque
611 2015 723 2089 causis,
755 2013 822 2088 viis,
846 2012 947 2073 modis
972 2025 1003 2073 et
1025 2014 1197 2074 rationibus
1222 2025 1446 2077 concernerent
1469 2017 1564 2077 maie-

287 2129 409 2194 statem,
433 2121 524 2181 simul
548 2141 619 2181 cum
644 2121 763 2180 cunctis
788 2121 852 2180 suis
885 2119 1066 2180 utilitatibus
1090 2131 1121 2180 et
1143 2122 1338 2201 pertinentiis
1370 2123 1566 2203 quibuslibet,

286 2227 397 2306 quovis
432 2228 565 2287 nominis
597 2229 750 2289 vocabulo
775 2228 926 2302 vocitatis,
957 2229 1015 2287 sub
1046 2229 1111 2288 suis
1141 2229 1225 2289 veris
1256 2231 1347 2290 metis
1377 2240 1409 2291 et
1432 2230 1567 2310 antiquis

287 2336 499 2410 existentibus,
524 2337 563 2396 ad
588 2337 722 2396 eandem
746 2337 785 2396 de
809 2336 875 2396 iure
901 2344 933 2395 et
956 2337 997 2396 ab
1022 2337 1149 2416 antiquo
1180 2337 1394 2416 spectantibus
1419 2347 1451 2399 et
1472 2340 1565 2418 perti·

285 2463 360 2503 nere
385 2444 578 2518 debentibus,
603 2445 784 2523 praemissis
809 2443 853 2503 sic
877 2452 910 2504 ut
933 2443 1108 2523 praefertur
1131 2445 1285 2505 stantibus
1317 2455 1349 2505 et
1382 2465 1416 2506 se
1448 2448 1565 2507 haben·

289 2551 380 2627 tibus,
403 2551 583 2611 memoratis
597 2552 741 2627 Martin0,
753 2551 924 2630 Stephan0,
948 2552 1092 2631 Gaspari,
1106 2552 1260 2627 Michaeli,
1276 2554 1434 2629 Mathaeo,
1458 2554 1565 2629 Pau10,

287 2661 428 2721 Thomae
461 2669 492 2719 et
520 2659 649 2720 Iohanni
681 2660 956 2736 Czwethlrowych,
993 2679 1030 2719 ac
1061 2661 1163 2735 Petr0,
1184 2661 1334 2721 Mathaeo
1361 2670 1393 2721 et
1423 2663 1566 2722 Thomas

286 2770 491 2847 Santhorych,
516 2778 547 2829 et
570 2768 728 2828 Anthonio
753 2768 929 2845 Klacczych
939 2764 954 2843 ¹,
987 2767 1238 2847 haeredibusque
1270 2780 1301 2828 et
1332 2770 1565 2848 posteritatibus

287 2878 457 2937 eorundem
481 2876 644 2949 universis,
668 2875 778 2955 vigore
803 2875 933 2935 aliarum
950 2876 1109 2935 literarum
1125 2884 1301 2935 nostrarum
1321 2877 1566 2938 donationalium

286 2986 453 3065 superinde
477 2992 703 3059 emanaturum,
728 3002 830 3043 novae
854 2992 979 3045 nostrae
1005 2984 1180 3044 donationis
1212 2985 1300 3045 titulo
1324 2984 1390 3045 iure
1414 2993 1565 3064 perpetuo

286 3092 473 3163 dederimus,
498 3092 719 3151 donaverimus
745 3099 776 3150 et
800 3091 1032 3164 contulerimus,
1056 3092 1249 3171 velimusque
1283 3093 1411 3153 eosdem
1446 3094 1478 3152 iu
1511 3095 1565 3153 do·

287 3198 414 3258 minium
440 3199 579 3258 eiusdem
613 3206 643 3257 et
675 3197 748 3257 dicti
780 3199 854 3259 luris
886 3198 984 3257 nostri
1009 3198 1088 3278 regii
1111 3199 1142 3258 in
1165 3200 1278 3259 eadem
1300 3200 1407 3275 habiti,
1431 3220 1486 3280 per
1510 3221 1564 3261 no·

286 3314 382 3365 strum
406 3314 438 3365 et
462 3313 600 3365 vestrum
624 3305 767 3365 homines
790 3306 929 3385 legitime
952 3306 1058 3366 lacere
1082 3306 1251 3380 introduci;
1276 3327 1371 3386 super
1402 3328 1464 3387 quo
1488 3310 1564 3369 fide·

287 3413 364 3473 litati
389 3423 513 3473 vestrae
537 3415 649 3472 harum
674 3412 754 3473 serie
777 3412 906 3473 firmiter
938 3413 1159 3473 committimus
1195 3424 1226 3473 et
1259 3416 1454 3488 mandamus,
1490 3432 1564 3493 qua·

286 3522 368 3581 tinus
393 3530 531 3580 vestrum
555 3520 683 3579 mittatis
707 3521 864 3580 hominem
888 3540 945 3598 pro
969 3521 1148 3580 testimonio
1170 3522 1373 3601 fidedignum,
1397 3540 1459 3599 quo
1475 3540 1564 3599 prae·

287 3637 375 3689 sente
406 3628 517 3689 nobilis
549 3628 734 3687 Franciscus
766 3635 819 3687 aut
850 3628 999 3687 Nicolaus
1034 3629 1178 3705 lmprych
1213 3628 1252 3687 de
1284 3630 1481 3709 lampnycza,
1516 3629 1565 3688 vel

287 3736 423 3796 Mathias
448 3746 502 3795 aut
524 3737 679 3795 lohannes
712 3736 919 3812 Chernlroczy
951 3737 991 3796 de
1022 3735 1273 3809 Chemkowecz,
1298 3756 1354 3796 seu
1386 3738 1565 3814 Stephanus

287 3844 353 3903 sive
388 3844 527 3903 Thomas
561 3843 795 3920 Schytharoczy
831 3845 870 3904 de
906 3844 1208 3920 Schytharyo,‘aliis
1244 3844 1434 3920 absentibus,
1469 3845 1564 3903 homo

286 3959 394 4011 noster
416 3950 531 4030 regius,
556 3950 597 4009 ad
619 3950 716 4011 facies
740 3952 952 4030 praescriptae
976 3951 1080 4009 totalis
1104 3952 1313 4029 possessionis
1329 3953 1518 4028 Woynoscz,
1534 3961 1565 4012 et

286 4076 538 4136 perconsequens
564 4057 716 4117 dictarum
741 4059 895 4117 curiarum
920 4058 1165 4117 nobilitariarum
1189 4059 1219 4117 in
1242 4060 1354 4119 eadem
1379 4059 1565 4132 habitarum,

287 4166 397 4225 vicinis
421 4174 452 4225 et
475 4164 700 4225 commetaneis
724 4164 864 4227 eiusdem
889 4165 1044 4225 universis
1067 4164 1142 4225 inibi
1164 4166 1302 4246 legitime
1331 4168 1511 4227 convocatis
1535 4177 1566 4227 et

285 4272 504 4351 praesentibus
528 4273 715 4346 accedendo,
740 4272 916 4332 introducat
940 4274 1195 4351 praenominatos
1220 4273 1398 4345 Martinum,
1430 4276 1564 4352 Stepha-

286 4380 780 4459 num‚Gasparum,Michaelem,
805 4379 997 4452 Mathaeum,
1022 4381 1162 4452 Paulum,
1187 4380 1344 4439 Thomam
1368 4389 1399 4440 et
1415 4382 1564 4445 loannem

286 4488 560 4565 Czwethkowych,
586 4506 623 4545 ac
647 4488 782 4560 Petrum,
807 4487 991 4547 Mathaeum
1005 4498 1036 4546 et
1049 4488 1203 4546 Thomam
1224 4488 1430 4564 Santhorych,
1445 4498 1477 4547 et
1500 4490 1563 4548 An·

286 4596 427 4657 thonium
453 4588 626 4671 Klaczych²
651 4594 681 4653 in
705 4592 874 4653 dominium
901 4593 1042 4655 eiusdem
1066 4605 1097 4654 et
1120 4595 1194 4653 dicti
1220 4594 1293 4653 iuris
1310 4594 1407 4653 nostri
1431 4595 1509 4673 regii
1533 4596 1564 4654 in

286 4705 398 4765 eadem
422 4703 527 4779 habiti,
552 4710 731 4781 statuatque
755 4702 889 4762 eandem
914 4712 945 4762 et
968 4703 1051 4763 idem
1076 4704 1204 4782 eisdem,
1228 4706 1429 4781 ipsorumque
1453 4704 1562 4762 haere·

286 4811 376 4872 dibus
401 4821 432 4871 et
454 4810 689 4889 posteritatibus
713 4809 875 4883 universis,
893 4811 1085 4887 praemissae
1110 4829 1212 4870 novae
1236 4820 1363 4869 nostrae
1388 4810 1564 4869 donationis

287 4930 317 4980 et
341 4920 415 4979 iuris
439 4919 534 4978 nostri
560 4919 637 4997 regii
661 4918 756 4977 titulis
781 4918 856 4994 ipsis
880 4918 1138 4991 incumbentibus,
1162 4920 1253 4977 simul
1277 4938 1346 4976 cum
1364 4910 1482 4977 cuncti's
1500 4919 1563 4976 suis
