3934 5550
1516 406 1559 468 33

278 620 366 680 titulo
391 621 533 681 delectus
555 620 683 679 seminis
707 620 833 679 illustris
858 628 888 679 et
908 620 1147 699 magnificorum
1165 622 1323 699 quondam
1341 622 1465 681 Ioannis
1482 622 1558 681 Cor-

279 728 351 804 uini,
375 728 464 787 ducis
488 727 665 806 Oppauiae‚
690 746 727 787 ac
751 726 969 806 Christopbori
1001 728 1097 805 pueri,
1121 728 1174 787 lilii
1196 728 1348 800 eiusdem,
1373 730 1480 788 ultimo
1505 731 1558 789 de-

279 836 387 911 functi,
421 835 512 911 lacte,
544 843 836 913 consequenterque
872 835 1113 910 contradictorie
1146 835 1337 895 inhibitionis
1373 837 1558 911 statutionis,

277 943 381 1003 eidem
405 941 583 1002 nominibus
607 951 638 1001 et
662 943 693 1000 in
717 941 861 1019 personis
886 941 958 1001 dicti
982 942 1079 1001 Blasii
1103 943 1285 1022 Pogledych
1310 950 1341 1003 et
1364 944 1458 1003 totius
1474 963 1557 1006 conr-

274 1049 438 1109 munitatis
473 1049 623 1108 nobilium
655 1049 796 1109 eiusdem
829 1048 943 1126 Campi
972 1048 1206 1129 Zagrabiensis‚
1239 1052 1351 1110 exhinc
1383 1051 1558 1127 subsecute,

274 1176 380 1216 coram
404 1157 496 1216 nobis
521 1156 664 1231 vertenti,
688 1156 781 1216 iidem
807 1155 929 1215 Blasius
953 1156 1135 1235 Pogledych
1162 1167 1192 1217 et
1225 1158 1435 1217 communitas
1471 1158 1556 1217 nobi·

276 1265 348 1325 lium
374 1274 482 1324 contra
506 1274 691 1342 annotatum
715 1264 875 1324 dominum
905 1264 1108 1325 Franciscum
1144 1266 1184 1325 de
1220 1266 1362 1343 Nadasd,
1398 1267 1429 1327 in
1464 1286 1556 1345 quem

273 1372 418 1433 videlicet
453 1373 537 1433 dicto
561 1370 633 1433 olim
662 1372 789 1432 domino
822 1373 945 1432 Thoma
976 1374 1016 1433 de
1051 1373 1191 1449 Nadasd,
1222 1382 1311 1452 patre
1345 1393 1402 1433 suo
1435 1393 1452 1433 e
1476 1374 1556 1433 vivis

275 1480 408 1553 sublato,
432 1500 531 1540 causa
554 1498 684 1558 presens
720 1488 768 1539 est
800 1480 1023 1557 condescensa,
1048 1499 1103 1559 per
1126 1481 1382 1541 nonvenientiam
1416 1489 1447 1541 et
1481 1500 1556 1541 non·

275 1588 532 1665 comparitionem
557 1588 708 1661 eiusdem,
732 1588 886 1665 quasdam
910 1587 1016 1648 literas
1040 1594 1164 1648 nostras
1197 1588 1441 1648 adiudicatorias
1465 1590 1555 1649 abso·

273 1694 449 1771 lutionales,
474 1715 494 1754 a
517 1696 607 1756 nobis
631 1714 686 1774 pro
719 1713 827 1755 eorum
859 1703 948 1772 parte
980 1696 1188 1755 extraxissent
1219 1705 1249 1755 et
1279 1696 1419 1755 emanari
1451 1696 1555 1755 lacere

273 1814 505 1880 procurassent,
528 1804 611 1863 unde
635 1802 719 1862 idem
742 1822 867 1881 quoque
892 1810 978 1861 actor
1003 1804 1155 1881 quasdam
1180 1802 1285 1862 literas
1304 1812 1428 1863 nostras
1444 1803 1553 1862 inhibi-

271 1910 384 1981 torias,
420 1910 616 1971 evocatorias
652 1920 684 1970 et
718 1910 953 1971 certificatorias
993 1910 1129 1989 capitulo
1165 1910 1296 1986 ecclesie
1332 1911 1554 1989 Zagrabiensis

272 2028 434 2093 sonantes,
458 2019 585 2078 modum
609 2027 640 2077 et
664 2018 796 2077 tonnam
833 2018 906 2077 novi
939 2017 1042 2078 iudicii
1075 2018 1104 2076 in
1138 2038 1171 2077 se
1204 2026 1466 2095 representantes,
1497 2036 1554 2095 pro

273 2127 320 2186 sui
344 2136 435 2205 parte
460 2127 644 2187 extraxisset
668 2135 700 2186 et
724 2126 865 2185 emanari
895 2126 999 2186 lacere
1031 2135 1241 2204 procurasset,
1277 2146 1409 2204 quarum
1443 2126 1553 2205 vigore

272 2234 429 2312 prelatum
467 2234 635 2311 capitulum
679 2234 719 2293 ab
751 2234 934 2293 executione
966 2234 1210 2311 prescriptorum
1242 2234 1400 2293 literarum
1431 2243 1554 2295 nostra-

274 2362 341 2402 rum
387 2343 681 2402 adiudicatoriarurn
726 2342 997 2402 absolutionalium
1041 2342 1233 2417 inhibuisset,
1270 2351 1301 2401 et
1335 2334 1553 2402 nichilominus

272 2458 441 2510 annotatos
465 2451 495 2509 in
520 2468 648 2509 causam
673 2457 824 2509 attractos
856 2469 912 2527 pro
943 2450 1091 2510 habendo
1122 2451 1153 2508 in
1188 2470 1284 2509 causa
1315 2469 1399 2510 novo
1431 2450 1552 2526 iudicio,

272 2578 328 2636 per
353 2558 564 2617 testimonium
597 2558 669 2617 dicti
705 2558 832 2635 capituli
861 2558 1084 2635 Zagrabiensis
1116 2567 1225 2617 contra
1256 2578 1290 2616 se
1322 2559 1363 2617 ad
1396 2559 1551 2617 decimum

273 2666 415 2744 quintum
440 2664 523 2725 diem
547 2665 699 2743 legittime
724 2665 849 2724 evocari
872 2665 1007 2729 fecisset,
1032 2674 1063 2723 et
1087 2665 1126 2724 ab
1152 2666 1262 2724 eodem
1296 2664 1403 2743 quinto
1428 2664 1551 2725 decimo

270 2771 329 2851 die,
355 2792 455 2832 causa
477 2771 611 2850 partium
637 2772 809 2850 prescripta
833 2780 938 2851 partes
954 2774 1034 2832 inter
1051 2774 1179 2832 easdem
1207 2772 1339 2833 diversis
1364 2774 1546 2834 dilationum

270 2880 399 2942 cautelis
419 2881 706 2956 intervenientibus,
723 2888 902 2958 presentem
918 2881 1084 2940 terminum
1111 2881 1329 2941 celebrationis
1352 2881 1545 2962 generalium

271 2989 454 3049 iudiciorum
479 2989 550 3048 testi
573 2988 657 3048 beati
681 2989 785 3047 lacobi
809 2988 950 3065 apostoli,
975 2989 1097 3047 noviter
1120 2985 1218 3066 elapsi
1227 2983 1242 3063 ¹,
1274 2990 1314 3048 ad
1345 3007 1437 3067 quern
1464 2989 1547 3048 vide·

270 3097 342 3155 licet
366 3095 531 3156 terminum
565 3095 712 3170 universe
747 3111 843 3170 cause
874 3095 1113 3174 regnicolarum,
1149 3103 1213 3154 tam
1247 3104 1319 3154 ante
1351 3115 1446 3173 quam
1478 3104 1550 3172 post

272 3205 392 3263 cladem
417 3203 675 3263 Mohachiensem
711 3213 795 3279 mote
831 3204 880 3262 vel
904 3203 1069 3278 movende,
1102 3222 1139 3262 ex
1172 3204 1263 3262 novis
1292 3204 1463 3263 eorundem
1493 3223 1548 3281 pu-

270 3311 358 3370 blicis
382 3311 653 3370 constitutionibus
689 3310 861 3370 adiudicari
893 3311 990 3386 solite,
1026 3329 1082 3388 per
1113 3311 1267 3388 prelatum
1302 3311 1461 3371 dominum
1494 3312 1548 3370 im·

269 3426 446 3496 peratorem
471 3426 502 3477 et
525 3437 634 3498 regem
657 3429 807 3493 nostrum,
831 3418 1020 3497 generaliter
1051 3418 1173 3476 ruerant
1207 3427 1385 3498 prorogate,
1422 3419 1547 3478 dilative

269 3527 438 3607 attigisset3
463 3528 637 3606 eodemque
661 3525 794 3587 termino
818 3526 962 3601 instante,
977 3525 1057 3585 feria
1073 3525 1163 3584 tertia
1181 3526 1322 3603 proxima
1339 3535 1409 3604 post
1432 3529 1546 3586 lestum

268 3634 350 3694 beati
383 3635 542 3694 Laurentii
576 3634 720 3711 martiris,
752 3633 873 3692 noviter
904 3627 1070 3711 elapsumt,
1102 3633 1191 3691 nobis
1225 3653 1358 3692 unacum
1392 3633 1545 3692 vicebano

268 3751 385 3812 nostro,
409 3742 564 3822 magistro
587 3740 822 3819 prothonotario
847 3740 944 3819 regni,
976 3740 1129 3799 iudicibus
1159 3739 1317 3816 nobilium,
1349 3741 1544 3819 coeterisque

267 3849 352 3908 sedis
374 3859 481 3926 nostre
505 3850 666 3926 iudiciarie
689 3850 798 3909 iuratis
822 3849 1043 3924 assessoribus
1075 3868 1132 3926 pro
1159 3849 1303 3909 iaciendo
1327 3849 1441 3909 iudicio
1469 3869 1544 3909 cau-

269 3956 419 4032 santibus,
442 3975 499 4034 pro
523 3957 668 4017 tribunali
692 3956 874 4017 sedentibus
897 3964 928 4016 et
960 3956 1143 4031 constitutis,
1175 3957 1246 4016 losa
1277 3957 1316 4016 de
1347 3957 1458 4034 Rathk,
1489 3975 1545 4034 pro

267 4070 441 4124 memorato
465 4064 591 4122 domino
615 4064 782 4124 Francisco
807 4064 967 4140 Nadasdy,
986 4072 1100 4138 actore,
1116 4083 1186 4123 eum
1205 4064 1426 4141 procuratoriis
1449 4065 1544 4144 literis

268 4171 521 4232 reverendissimi
545 4172 662 4231 domini
694 4173 846 4250 Stephani
881 4171 1012 4248 Radetii,
1045 4171 1183 4250 episcopi
1216 4172 1347 4248 ecclesie
1372 4172 1544 4252 Agriensis,

266 4298 303 4338 ac
328 4279 496 4338 consiliarii
520 4287 551 4339 et
574 4299 630 4356 per
665 4280 861 4359 Hungariam
894 4279 1132 4338 locumtenentis
1160 4279 1270 4356 prelati
1299 4279 1416 4339 domini
1447 4280 1543 4358 impe-

266 4387 377 4446 ratoris
401 4394 432 4445 et
455 4386 541 4466 regis
564 4385 671 4461 nostri,
696 4387 852 4467 infigura
883 4385 987 4445 iudicii
1011 4385 1109 4445 nostri
1140 4387 1360 4464 comparendO,
1396 4395 1541 4463 presente

264 4494 380 4555 ibidem
403 4502 435 4552 et
459 4513 566 4554 coram
592 4493 683 4554 uobis
714 4493 920 4571 personaliter
951 4493 1121 4568 adherente
1157 4493 1289 4552 Matthia
1313 4493 1542 4570 Wydlrowych,

264 4601 316 4679 qui
339 4620 398 4678 pro
422 4601 568 4661 antelatis
591 4601 623 4661 in
647 4621 775 4661 causam
791 4583 949 4677 attractis,
973 4622 1044 4660 curn
1077 4602 1296 4678 procuratoriis
1328 4601 1424 4661 literis
1457 4609 1540 4661 ante-

262 4708 315 4768 lati
340 4708 467 4786 capituli
505 4708 637 4785 ecclesie
668 4708 891 4788 Zagrabiensis
928 4709 1060 4784 astabat,
1089 4717 1246 4785 pretactas
1277 4709 1383 4769 literas
1419 4716 1541 4767 nostras

266 4815 512 4877 adiudicatorias
536 4816 780 4877 absolutionales
804 4836 909 4876 coram
942 4817 1032 4876 nobis
1063 4817 1192 4893 produci
1223 4817 1390 4894 postulavit
1424 4835 1480 4894 per
1511 4815 1541 4873 in

265 4944 393 4986 causam
435 4933 586 4985 attractos
620 4935 651 4983 et
682 4925 926 4984 contradictores
961 4933 1156 5002 prenotatos3
1194 4945 1231 4984 eo
1261 4934 1409 5002 percepto
1441 4923 1541 4983 dictus
