3934 5550
410 426 480 507 trt-

409 653 511 725 minus
529 653 700 733 ¹ablegatus
724 652 824 731 primo
848 662 879 713 et
903 662 975 713 ante
1000 652 1106 732 omnia
1129 652 1165 713 in.
1184 651 1328 714 omnibus
1351 651 1524 715 occursivis
1542 652 1583 715 ad
1599 672 1689 714 suam

410 760 794 830 excellentiambanalem,
815 768 978 839 tamquam
1002 770 1097 839 caput
1120 768 1152 821 et
1175 761 1366 821 ordinarium
1390 762 1525 821 iudicem
1548 770 1689 821 nostrum

411 878 562 941 recurrat;
587 877 618 927 et
641 867 814 947 gratiosum
847 888 923 927 suae
951 868 1154 928 excellentiae
1178 869 1308 944 banaliS,
1332 878 1498 949 tamquam
1522 870 1616 929 etiam
1640 888 1688 927 or-

410 975 518 1035 dinarii
541 976 653 1035 'iudicis
682 976 887 1054 patrocinium
913 987 944 1036 et
967 976 1193 1054 protectionem
1217 996 1273 1055 pro
1297 977 1427 1037 defensa
1454 989 1519 1036 tam
1553 976 1688 1036 authori·

410 1086 482 1152 tatis
505 1102 591 1157 snae,
615 1084 645 1142 in
671 1102 708 1142 eo
732 1082 1031 1156 iudicatusbanaliS,
1056 1093 1087 1143 et
1111 1084 1223 1145 iurium
1247 1093 1431 1144 nostrorum·
1449 1084 1691 1144 manutentione

409 1192 438 1251 in
464 1192 548 1251 omni
578 1191 750 1251 humilitate
782 1202 813 1251 et
844 1192 1051 1251 submissione
1083 1212 1153 1250 cum
1185 1192 1396 1251 declaratione
1429 1192 1689 1251 declarandorum

410 1298 594 1377 implorabit.
624 1326 628 1333 ·
661 1306 663 1311 “
725 1358 726 1363 ,

516 1402 679 1469 Secundo,
705 1406 760 1465 Vel
785 1406 953 1465 maximam
978 1406 1009 1465 in
1034 1425 1072 1466 eo
1095 1407 1211 1465 habeat
1242 1407 1443 1467 reflexionem
1468 1398 1613 1465 dominus
1637 1405 1690 1464 ab·

410 1514 542 1593 legatus,
567 1532 607 1573 ne
630 1514 709 1593 quid
729 1522 837 1572 contra
857 1513 1032 1593 ,privilegia
1056 1522 1088 1572 et
1111 1515 1370 1574 consvetudinem
1400 1514 1594 1592 praemissae
1614 1511 1690 1593 ,nni-

412 1621 567 1681 versitatis
600 1620 715 1699 Campi
746 1621 859 1680 ibidem
894 1628 1061 1695 statuatur,
1085 1630 1139 1680 aut
1162 1621 1322 1700 quidpiam
1355 1621 1572 1699 praeiudiciosi
1597 1640 1690 1699 gene-

410 1728 515 1789 raliter
540 1729 589 1787 vel
612 1729 838 1806 particulariter
854 1728 1015 1801 condatur,
1041 1729 1119 1787 etsi
1143 1729 1218 1807 quid
1233 1728 1304 1788 talis
1320 1729 1537 1788 tantummodo
1560 1745 1691 1807 praepo·

411 1846 544 1909 neretur,
579 1837 618 1895 ad
652 1836 841 1895 activitatem
881 1836 1097 1914 principalium
1130 1855 1257 1896 suorum
1297 1856 1367 1896 sese
1404 1836 1580 1912 referendo,
1612 1844 1646 1895 et
1678 1854 1694 1893 s

410 1944 573 2004 ultimatim
598 1944 716 2003 evitare
740 1964 802 2003 non
826 1952 942 2022 posset,
967 1943 1132 2003 terminum
1157 1945 1328 2003 descensus
1365 1952 1396 2003 et
1427 1962 1578 2003 ascensus
1609 1942 1692 2000 sulti·

411 2052 543 2112 cientem
568 2052 626 2111 sibi
651 2052 719 2112 dari
742 2060 836 2130 petat,
861 2061 895 2111 ut
919 2050 1140 2129 principalibus
1168 2053 1233 2111 suis
1267 2051 1498 2111 communicare
1532 2049 1638 2129 possit,
1662 2058 1693 2108 et

410 2162 586 2245 nullatenus
618 2178 652 2218 se
686 2168 794 2219 contra
829 2159 1004 2218 indubitata
1036 2158 1103 2217 iura
1134 2168 1165 2218 et
1195 2159 1368 2238 privilegia,
1402 2179 1421 2218 a
1452 2166 1497 2217 tot
1522 2158 1577 2235 (uti
1602 2177 1692 2235 prae·

411 2268 539 2353 missum
569 2270 664 2341 esset)
697 2263 829 2326 saeculis
862 2286 920 2326 usu
952 2252 1100 2326 roborata
1132 2266 1343 2325 universitatis
1375 2267 1514 2326 eiusdem
1542 2268 1621 2337 ultro
1653 2266 1692 2323 ad

411 2375 660 2454 respondendum
693 2374 816 2453 ingerat
839 2382 869 2432 et
894 2373 1047 2435 immittat.

525 2472 704 2544 Tertiosld
729 2482 831 2560 ipsum
855 2481 949 2541 etiam
966 2489 1112 2559 respectu
1126 2481 1319 2559 privatorum
1344 2481 1381 2555 (si
1406 2482 1458 2558 qni
1482 2482 1561 2540 tales
1585 2490 1694 2540 contra

413 2592 490 2650 iura¹
505 2598 536 2649 et
559 2580 723 2669 privilegia
756 2590 896 2649 eiusdem
928 2588 1140 2649 universitatis
1172 2588 1329 2666 insperate
1360 2596 1590 2667 promoverent,
1613 2589 1693 2667 pari-

413 2699 551 2758 lormiter
574 2718 609 2757 se
634 2698 806 2758 conlormet
823 2697 1034 2770 declarationi,
1051 2697 1275 2776 protestatione
1299 2688 1495 2756 solenissima
1512 2697 1694 2775 praemissa,

414 2826 507 2885 snper
540 2806 720 2886 imposturis
751 2806 955 2880 universitati,
979 2805 1010 2866 in
1034 2825 1073 2866 eo
1098 2807 1137 2864 ad
1161 2824 1311 2884 praesens
1338 2803 1438 2880 factis,
1462 2805 1564 2882 pronti
1587 2815 1618 2864 et
1642 2825 1693 2864 ex-

415 2915 528 2994 pensis,
552 2913 725 2992 sumptibus
749 2923 780 2972 et
804 2913 919 2993 latigys
943 2914 974 2972 in
999 2932 1037 2973 eo
1059 2913 1124 2973 tors
1154 2913 1195 2972 ad
1226 2931 1375 2990 praesens
1406 2913 1552 2986 causatis,
1584 2914 1633 2972 vel
1664 2913 1696 2971 in

414 3024 551 3083 futurum
575 3021 751 3095 causandis,
776 3023 957 3102 generalem
982 3021 1256 3098 acomnimodam
1279 3021 1397 3079 iuribus
1420 3028 1485 3079 tam
1509 3021 1573 3080 suis
1601 3041 1695 3101 quam

415 3138 446 3190 et
471 3129 685 3208 principalium
710 3148 837 3188 suorum
862 3128 1071 3207 prospiciendi
1095 3128 1285 3188 reservando
1309 3127 1498 3188 facultatem.

526 3233 667 3316 Quarta.
698 3236 860 3316 Siquidem
891 3237 950 3295 hac
982 3237 1171 3296 universitas
1202 3235 1360 3310 nobilium,
1391 3244 1438 3295 tot
1469 3255 1506 3294 ac
1539 3244 1696 3295 tantorum

416 3344 726 3406 clementissimorum
760 3344 983 3421 imperatorum
1019 3353 1050 3404 et
1084 3363 1194 3423 regum
1230 3363 1290 3402 usu
1326 3343 1486 3416 roborato,
1521 3343 1696 3422 eodemque

416 3451 645 3531 imperturbato
658 3450 814 3529 ;(repetitis
840 3451 932 3510 etiam
957 3450 1094 3510 articulis
1111 3451 1200 3532 regni
1223 3451 1255 3509 in
1279 3469 1317 3510 eo
1330 3450 1472 3514 ,conditis
1495 3450 1695 3530 interpositis)

417 3571 447 3621 et
477 3561 639 3652 signanter
673 3559 744 3637 piae
779 3558 1028 3630 reminiscentiae
1064 3558 1280 3638 gloriosissimi
1315 3558 1511 3636 imperatoris
1546 3568 1577 3618 et
1612 3560 1699 3641 regis

417 3667 605 3728 Ferdinandi
630 3667 775 3743 secundi,
807 3667 938 3728 articulo
968 3667 1076 3746 quinto
1107 3673 1165 3745 pr'o
1197 3667 1334 3732 emeritis
1361 3667 1532 3746 privilegiis
1557 3667 1621 3728 suis
1645 3688 1695 3728 ex·

417 3775 569 3855 pressatis
601 3774 719 3833 meritis
750 3775 913 3833 consolata
944 3783 975 3834 et
1006 3775 1215 3834 condecorata
1244 3783 1336 3848 esset,
1360 3775 1495 3833 eundum
1519 3775 1625 3855 itaque
1649 3795 1695 3834 ar-

417 3883 545 3942 ticulum
564 3881 720 3960 :quintum
743 3879 919 3960 ‘lqu'amvis'
945 3882 1040 3941 etiarn
1072 3881 1129 3940 sub
1162 3883 1296 3941 decursu
1328 3882 1438 3960 prioris
1469 3882 1603 3953 diaetae,
1627 3882 1696 3960 piae

418 3989 624 4070 paritormiter
659 3989 909 4049 reminiscentiae
941 3989 1184 4069 gloriosissimus
1216 4009 1270 4048 rex
1306 3990 1465 4067 Iosephus,
1489 3989 1520 4048 in
1544 3989 1697 4049 universis

418 4095 534 4158 iurib'us
566 4106 598 4155 et
627 4096 798 4176 privilegiis
832 4096 1073 4156 clementissime
1105 4098 1285 4173 stabilisset)
1317 4097 1501 4170 diaetaliter,
1533 4095 1635 4176 prouti
1666 4106 1698 4155 et

418 4206 476 4264 sub
500 4203 754 4283 congregationis
788 4204 875 4283 regni
907 4203 1055 4264 Croatiae
1088 4205 1230 4279 decursu,
1254 4205 1387 4264 dominis
1421 4204 1576 4283 ablegatis
1607 4205 1695 4283 regni

419 4312 618 4373 commissum
643 4319 735 4384 esset,
759 4319 793 4369 nt
816 4307 976 4391 negotium
1009 4305 1230 4390 promoveatur
1261 4311 1437 4372 confirmari
1461 4319 1556 4390 petat,
1581 4332 1618 4372 ac
1642 4313 1695 4371 do·

419 4420 519 4478 minos
542 4418 633 4498 regni
658 4418 820 4497 ablegatos
844 4437 900 4496 pro
916 4419 1059 4487 ultronea
1079 4419 1274 4497 promotione
1291 4420 1575 4497 promovendorum
1592 4419 1698 4479 debita

419 4526 611 4586 humanitate
635 4525 781 4604 requirat.
843 4564 844 4568 =
933 4589 935 4596 ,

530 4629 670 4712 Quinto,
694 4633 734 4691 Et
757 4633 782 4692 si
806 4652 886 4711 quae
911 4653 967 4712 pro
983 4633 1162 4693 occurentia
1179 4641 1278 4692 status
1295 4618 1452 4710 occurent,
1475 4634 1636 4714 signanter
1660 4654 1697 4693 ex

420 4743 666 4817 neo-sistemate,
697 4741 732 4815 si,
764 4759 801 4800 ac
832 4742 862 4799 in
894 4750 1045 4820 qnantum
1077 4741 1248 4820 privilegiis
1273 4759 1310 4801 ac
1341 4741 1457 4800 iuribus
1489 4742 1698 4801 universitatis

420 4849 694 4930 praeiudicaretur,
726 4867 832 4908 coram
864 4849 1085 4908 commissariis
1117 4868 1209 4907 suae'
1225 4849 1398 4908 maiestatis
1433 4849 1549 4929 regiae,
1585 4869 1622 4908 ac
1657 4851 1698 4909 ad

421 4958 522 5018 minus
555 4976 675 5024 coram,
692 4957 847 5034 personali
878 4957 987 5034 regiae
1010 4957 1207 5034 praesentiae
1239 4956 1482 5015 contradictione
1509 4957 1624 5035 scripto
1653 4958 1698 5016 in-
