3934 5550
1538 411 1600 483 251

319 637 407 691 terne
431 644 658 691 concessorum.
676 626 857 710 periculum,
881 632 1028 692 universa
1053 633 1260 693 communitas
1276 634 1513 714 Turopoliensis
1529 654 1601 696 sese

320 747 499 815 exponeret,
522 740 549 797 si
572 738 716 799 nimirum
740 739 951 799 continuando
975 741 1149 817 praemisso
1172 741 1283 801 abusui
1307 742 1470 803 inhaerere
1495 744 1596 804 vellet.

322 845 519 926 ldprolnde,
549 866 619 905 cum
645 864 703 905 nec
733 847 792 925 ipsi
823 866 881 905 nos
913 866 1049 925 sperare,
1073 867 1132 909 nec
1155 850 1370 930 praeallegata
1393 850 1601 910 communitas

320 954 500 1014 desiderare
524 954 631 1032 possit,
660 954 732 1013 hinc
756 955 918 1033 sequentia
943 974 980 1015 ex
1004 955 1216 1017 incumbentia
1246 956 1339 1017 officii
1363 958 1468 1032 nostri,
1493 959 1602 1018 autho·

320 1062 472 1140 ritateque
497 1063 586 1121 nobis
611 1062 758 1121 attributa
783 1062 892 1121 iisdem
913 1061 1083 1140 declarare,
1107 1084 1144 1122 ac
1167 1065 1309 1125 ordinem
1324 1064 1447 1125 insimul
1464 1066 1601 1125 ulteriori

320 1188 532 1248 personarum,
556 1169 852 1250 privilegiorumque
877 1190 1004 1231 suorum
1027 1173 1256 1231 conservationi
1273 1174 1469 1233 deservitura
1485 1184 1602 1253 puncta

320 1276 505 1351 inducenda,
540 1286 571 1336 et
605 1278 833 1357 subsequenter
864 1297 919 1355 pro
951 1298 1011 1337 usu
1042 1289 1073 1338 et
1104 1280 1274 1339 directione
1309 1282 1498 1359 publicanda
1530 1301 1601 1341 esse

320 1384 471 1446 duximus.
502 1385 542 1443 Et
573 1384 673 1462 primo
695 1385 828 1463 quidem
863 1386 1099 1463 approximante
1130 1397 1289 1460 consveto,
1324 1389 1373 1449 vel
1400 1390 1440 1447 ob
1464 1389 1602 1448 rationes

320 1492 460 1569 publicas
485 1493 594 1551 eodem
620 1493 768 1570 impedito
796 1493 947 1553 existente
972 1494 1003 1553 in
1028 1495 1122 1553 alium
1146 1496 1230 1554 diem
1253 1514 1309 1573 per
1334 1496 1481 1555 comitem
1505 1506 1603 1556 terre·

321 1609 415 1659 strem
447 1601 626 1661 necessario
658 1600 825 1659 reiiciendo
857 1600 1018 1661 electionis
1042 1602 1183 1675 termino,
1207 1603 1289 1661 idem
1315 1622 1421 1663 comes
1445 1606 1604 1663 terrestris

320 1708 463 1767 omnibus
487 1704 674 1767 iudicatibus
698 1708 884 1785 tempestive
909 1710 1238 1769 eundem‘terminum
1263 1711 1335 1770 ideo
1359 1711 1537 1787 insinuabit,
1560 1713 1604 1772 in·

320 1814 513 1894 timabitque,
549 1824 583 1875 ut
617 1815 712 1875 iidem
743 1815 905 1889 iudicatus,
938 1815 1066 1895 quilibet
1097 1836 1210 1895 nempe
1234 1838 1405 1895 persuum
1435 1819 1605 1879 iudicatum

321 1923 499 2001 singillatim
524 1933 746 2001 congregatus,
778 1942 849 1982 curn
879 1924 1034 1983 modestia
1065 1923 1189 1983 insimul
1223 1926 1382 2001 congredi,
1410 1928 1504 1985 etde
1535 1927 1601 1986 ofli-

321 2030 450 2090 cialibus
480 2031 633 2109 eligendis
665 2032 850 2104 consultare,
884 2051 921 2091 ac
953 2031 1005 2090 ubi
1037 2031 1068 2089 in
1100 2032 1228 2091 easdem
1263 2052 1417 2109 personas
1440 2034 1602 2113 eligendas

321 2138 477 2197 communi
508 2157 663 2197 consensu
695 2138 777 2197 coire
810 2158 871 2197 non
903 2140 1031 2213 valeret,
1064 2147 1138 2197 vota
1161 2140 1303 2199 ordinate
1327 2149 1358 2199 et
1383 2142 1524 2219 regulate
1548 2160 1604 2219 per

321 2246 453 2305 iudicem
479 2246 615 2305 cuiusvis
640 2246 801 2319 iudicatus,
826 2254 859 2304 ut
883 2246 1099 2323 praemissum,
1123 2246 1303 2325 singillatim
1327 2249 1513 2328 congregati
1538 2250 1598 2308 col·

321 2354 429 2433 ligere,
465 2362 497 2413 et
532 2372 569 2412 ex
593 2354 770 2432 pluralitate
806 2355 977 2412 eorundem
1015 2353 1165 2413 officiales
1201 2354 1364 2433 eligendos
1399 2356 1602 2416 denominare

322 2461 429 2540 possit,
461 2480 540 2540 quos
574 2462 668 2520 etiam
701 2460 802 2520 taliter
834 2479 890 2538 per
922 2460 1077 2521 iudicatus
1108 2462 1224 2522 electos
1256 2462 1349 2521 acin
1373 2463 1523 2541 scriptum
1557 2482 1602 2523 re-

321 2570 453 2646 dactos.
472 2569 554 2629 idem
587 2570 680 2629 iudex
704 2570 734 2628 iu
758 2568 944 2629 iudicatibus
977 2570 1155 2646 minoribus,
1179 2570 1210 2628 in
1235 2570 1405 2630 maioribus
1432 2591 1508 2629 vero
1532 2591 1603 2630 cum

322 2678 523 2757 adiungendo
555 2696 625 2751 uno,
650 2696 687 2736 ac
711 2677 826 2755 pariter
853 2696 908 2755 per
933 2677 1102 2737 iudicatum
1127 2677 1168 2736 ad
1192 2678 1273 2737 hunc
1297 2687 1401 2737 actum
1425 2679 1602 2757 specialiter

321 2787 552 2846 denominando
576 2786 731 2846 coulratre
755 2804 821 2860 suc,
846 2786 886 2846 ad
911 2787 1014 2845 locum
1037 2796 1221 2845 consvetum
1245 2795 1276 2844 et
1300 2783 1355 2864 per
1378 2787 1524 2846 comitem
1541 2797 1599 2846 ter·

321 2903 452 2954 restrem
476 2893 619 2968 ordinato
635 2893 775 2952 termino
806 2893 1007 2971 publicatum,
1030 2893 1192 2953 indebita
1217 2893 1394 2953 reverentia
1417 2905 1488 2972 post
1512 2913 1601 2972 prae·

321 2999 504 3060 mittenilam
537 3000 628 3060 solita
652 3000 751 3060 forma
775 3000 953 3060 officialium
977 2999 1225 3076 valedictiouem,
1249 3008 1281 3059 et
1303 3001 1473 3060 subsecuta
1497 3021 1601 3061 asses·

322 3127 426 3166 sorum
450 3109 524 3168 vota
555 3108 679 3168 nomine
708 3107 862 3167 iudicatus
885 3107 1015 3184 deferre,
1039 3116 1070 3166 et
1094 3108 1308 3168 assessoribus
1331 3128 1402 3168 cum
1425 3110 1511 3169 omni
1536 3130 1601 3168 mo·

321 3217 430 3290 destia,
454 3215 667 3276 moderatione
685 3235 704 3274 a
719 3215 856 3274 iudicatu
879 3216 1048 3275 electorum
1062 3215 1189 3274 nomina
1205 3216 1329 3293 script0,
1346 3225 1380 3276 ut
1394 3217 1601 3294 praemissum

322 3333 377 3398 est,
402 3323 505 3383 comiti
534 3323 672 3383 terrestri
696 3333 727 3383 et
752 3323 964 3382 assessoribus
988 3331 1191 3401 praesentare
1215 3323 1383 3397 debebunt,
1406 3343 1470 3402 qua
1493 3325 1600 3384 moda·

321 3430 406 3489 litate
431 3449 608 3490 assessores
632 3449 755 3510 quoque
779 3439 855 3489 vota
878 3449 936 3489 sua
960 3430 1071 3505 daturi,
1095 3431 1146 3489 illa
1169 3430 1296 3489 demum
1319 3431 1468 3506 notarius„
1501 3433 1600 3510 quot?

322 3548 354 3598 et
384 3538 413 3598 in
443 3539 567 3618 qualem
598 3537 776 3617 personam.
797 3537 933 3598 cadant?
964 3539 1024 3598 sub
1055 3538 1229 3597 iuramento
1260 3557 1317 3598 suo
1341 3539 1473 3599 fideliter
1496 3540 1527 3598 in
1551 3560 1600 3600 or-

322 3647 425 3706 dinem
442 3647 590 3718 reducet,¹
603 3655 634 3706 et
657 3647 688 3706 in
704 3667 805 3725 quam
829 3645 990 3725 pluralitas
1014 3654 1157 3706 votorum
1181 3647 1329 3718 inciderit,
1347 3648 1458 3707 eadem
1474 3649 1601 3708 omnino

322 3773 456 3834 persona
485 3773 544 3832 pro
574 3754 698 3814 officiali
733 3754 957 3829 denominetur.
990 3755 1144 3827 Secund0,
1161 3763 1210 3828 vut
1237 3763 1341 3814 autem
1358 3755 1493 3815 servitio
1518 3755 1599 3832 prin·

322 3863 398 3940 cipis
422 3881 459 3921 ex
485 3880 556 3921 asse
581 3861 804 3940 prospiciatur,
839 3881 941 3941 neque
973 3861 1123 3922 olficiales
1154 3861 1233 3921 tales
1257 3860 1420 3940 eligantur,
1443 3862 1600 3940 quiideo,

322 3971 394 4049 quia
418 3971 448 4029 in
472 3969 582 4030 officiis
616 3969 804 4028 confiniariis
835 3969 1003 4042 constituti,
1026 3989 1091 4046 pro
1114 3969 1199 4028 omni
1223 3979 1337 4028 eventu
1362 3977 1393 4028 et
1416 3989 1491 4029 casu
1515 3990 1598 4029 com·

322 4078 463 4138 munitati
495 4079 608 4137 adesse
639 4097 701 4136 non
733 4077 860 4155 possint,
889 4079 1086 4138 declaramus
1110 4078 1239 4155 proinde
1263 4078 1379 4137 nullum
1405 4097 1522 4152 eorum,
1546 4079 1599 4156 qui

322 4187 352 4245 in
376 4185 517 4245 confiniis
541 4185 654 4244 nostris
678 4185 842 4244 banalibus
867 4193 919 4243 aut
943 4185 1038 4244 etiam
1061 4185 1295 4264 generalatibus
1319 4185 1506 4262 quibusdam
1523 4186 1598 4244 obli·

323 4293 388 4373 gati
412 4292 522 4368 forent,
545 4301 670 4371 praeter
694 4301 906 4352 assessoratus
926 4291 1072 4365 officium,
1095 4293 1155 4350 nisi
1178 4293 1314 4370 praevie,
1339 4301 1370 4351 et
1393 4293 1520 4371 quidem
1536 4312 1598 4352 uno

323 4401 445 4480 integro
468 4419 575 4460 mense
607 4409 678 4460 ante
710 4400 894 4460 electionem
918 4400 1023 4459 comiti
1046 4402 1192 4476 terrestri,
1216 4420 1273 4478 per
1296 4401 1492 4479 eundemque
1516 4420 1598 4460 eom-

322 4507 473 4584 mnnitati,
496 4517 724 4587 consequenter
748 4515 780 4568 et
804 4506 989 4568 iudicatibus
1020 4517 1121 4568 semet
1151 4509 1373 4582 declaraturus,
1404 4507 1506 4567 officio
1534 4527 1600 4581 su0,

322 4617 405 4695 quod
440 4615 549 4675 habuit
572 4617 602 4675 in
633 4615 774 4684 confiniis
806 4625 859 4675 aut
889 4616 918 4674 iu
951 4615 1193 4695 generalatibuS,
1226 4616 1331 4675 debita
1355 4615 1457 4675 tonna
1480 4616 1598 4675 valedi-

322 4723 408 4796 xerit,
434 4739 594 4786 assumere
618 4740 720 4801 posse,
745 4723 816 4782 hine
840 4723 869 4782 iu
894 4725 989 4782 talem
1011 4723 1122 4783 officiis
1149 4723 1393 4801 praedeclaratis
1416 4723 1598 4802 fungentem

323 4849 491 4909 personam
525 4831 583 4890 snb
614 4832 752 4890 nullitate
783 4840 924 4890 votorum
958 4831 1069 4890 electio
1099 4831 1215 4891 cadere
1247 4829 1401 4909 nequibit..
1427 4830 1541 4902 Tertio,
1566 4839 1600 4889 ut

327 4947 435 5000 autem
461 4939 623 5001 castellum
651 4958 783 5017 quoque,
807 4940 837 4997 in
861 4958 923 5017 quo
947 4959 1060 5017 nempe
1084 4959 1170 4998 more
1194 4940 1284 4998 solito
1307 4939 1418 4998 electio
1442 4938 1494 5017 agi
1520 4938 1599 4997 solet
