3934 5550
994 558 1065 637 10.

496 748 588 806 ,luno
616 745 708 807 1577.
737 746 785 810 13.
809 748 919 806 martii
943 747 977 805 lu
1003 748 1178 811 llobrancz.

495 926 614 987 Curam
638 928 787 986 llathaeo
807 929 1005 1005 Zalathnoky
1029 929 1069 987 de
1092 929 1277 1002 Zalathnok‚
1302 930 1415 989 comite
1439 929 1576 989 terrestri
1601 928 1667 989 uni·

392 1037 549 1095 versitatis
571 1036 720 1095 nobilium
736 1036 850 1113 Campi
866 1036 1091 1115 Zagrabiensis
1119 1038 1248 1097 »nobilis
1273 1037 1401 1097 domina
1425 1039 1538 1097 l'rsula
1561 1038 1669 1097 relicta

389 1146 500 1203 nobilis
531 1146 665 1204 condam
698 1145 853 1204 Valentini
884 1146 1058 1223 Tluupecz
1091 1147 1130 1205 de
1155 1148 1408 1223 Wokomerych‹
1436 1148 1468 1207 in
1490 1147 1586 1205 filium
1611 1146 1669 1205 sibi

390 1254 520 1330 adoptat
553 1254 684 1312 Paulum
718 1254 862 1313 Zthauek
897 1255 1141 1330 llatbekowych
1173 1255 1290 1314 dictum
1315 1255 1355 1314 de
1379 1255 1553 1330 Feyerkew
1580 1253 1669 1313 aliter

391 1360 581 1419 Belazthena
612 1370 734 1430 vocata,
765 1359 886 1439 ipsique
922 1362 1066 1420 »vineam
1101 1382 1191 1420 suam
1227 1362 1319 1421 simul
1354 1382 1426 1421 cum
1459 1363 1553 1421 domo
1585 1359 1669 1437 apud

392 1469 525 1527 eandem
549 1477 700 1541 extructa,
732 1468 763 1528 in
796 1468 1030 1546 promonthorio
1053 1488 1110 1526 seu
1134 1469 1288 1527 territorio
1320 1469 1528 1546 possessionis
1552 1466 1664 1525 ll'olro

390 1578 527 1652 memb,
562 1577 592 1635 in
628 1576 786 1636 montibus
822 1577 965 1637 videlicet
1000 1586 1108 1636 sancte
1139 1576 1311 1635 Catharine
1343 1576 1373 1635 iu
1405 1577 1571 1635 Dobrancz
1601 1574 1668 1631 lun-

390 1684 482 1742 date‹
509 1684 575 1742 iure
607 1694 760 1762 perpetuo
790 1685 896 1760 donat,
926 1685 978 1757 ita,
1003 1694 1034 1743 ut
1059 1684 1126 1763 ipse
1150 1685 1283 1743 eandem
1320 1704 1425 1743 :more
1458 1682 1542 1743 filiali
1574 1680 1669 1740 veluti

392 1803 523 1852 matrem
552 1812 641 1851 suam
672 1793 842 1852 honorilice
874 1814 999 1871 semper
1024 1794 1087 1851 rita
1111 1792 1170 1851 sibi
1194 1792 1306 1852 comite
1331 1802 1476 1863 tractare,
1500 1792 1593 1865 alere,
1616 1807 1668 1849 ve-

391 1900 464 1960 stire
489 1912 520 1959 et
543 1948 551 1961 .
575 1948 584 1963 .
605 1950 613 1963 .
636 1951 645 1963 .
668 1901 832 1978 providere
849 1900 993 1963 debeat«,
1018 1900 1215 1959 Econverso
1238 1900 1304 1977 ipse
1330 1900 1445 1959 Paulus
1461 1899 1594 1958 eandem
1611 1897 1669 1956 L'r-

391 2010 491 2069 sulam
519 2009 568 2067 ›in
591 2018 723 2067 matrem
748 2028 837 2068 suam
861 2010 1008 2087 adoptat«
1036 2008 1247 2089 promittitque
1276 2028 1419 2067 >omnem
1446 2006 1570 2066 filialem
1598 2006 1668 2065 sub·

391 2117 570 2191 ieccionem‚
604 2116 819 2176 obedienciam
850 2126 882 2175 et
913 2117 1127 2177 reverenciam
1160 2136 1238 2198 erga
1269 2117 1370 2194 ipsam
1411 2122 1543 2174 matrem
1580 2132 1668 2171 suam

392 2222 574 2301 adoptivam
603 2223 750 2283 exhibere
773 2270 782 2285 .
806 2270 814 2283 .
837 2271 845 2286 .
868 2224 984 2283 Datum
1007 2224 1042 2284 in
1070 2225 1165 2284 domo
1197 2224 1341 2303 plebanie
1369 2222 1502 2283 ecclesie
1529 2228 1669 2300 pretacte

392 2341 500 2390 sancte
514 2329 683 2390 Catherine
701 2332 831 2412 virginis
853 2341 886 2392 et
907 2333 1043 2392 martiris
1068 2332 1098 2392 in
1122 2334 1288 2394 Dobrancz
1305 2332 1443 2405 lundata,
1459 2330 1538 2391 feria
1557 2335 1669 2407 quarta

391 2439 533 2517 proxima
554 2449 626 2517 post
648 2440 835 2500 dominicam
859 2438 959 2513 Oculi,
984 2460 1067 2501 anno
1090 2442 1206 2501 domini
1230 2440 1394 2500 millesimo
1418 2436 1668 2517 quingentesimo

392 2546 626 2625 septuagesimo
649 2547 814 2625 septimo«.

498 2666 644 2739 Origiuale
670 2672 893 2735 membraneum,
920 2672 1066 2739 appendet
1085 2687 1157 2725 zona
1175 2670 1284 2725 sericea
1311 2670 1388 2722 rubri
1414 2676 1444 2721 et
1468 2666 1532 2721 flavi
1558 2663 1670 2729 coloris,

392 2759 513 2831 sigillum
532 2760 624 2826 periit.
645 2760 675 2813 ln
695 2760 809 2815 archivo
828 2778 980 2832 regnorum
1000 2761 1030 2816 C.
1050 2761 1078 2816 S.
1099 2768 1128 2814 et
1147 2760 1180 2814 D.
1201 2760 1363 2831 Zagrabiae.
1392 2758 1532 2812 Insertum
1552 2760 1597 2808 est
1615 2754 1669 2808 hoc

391 2850 594 2903 documentum
615 2851 655 2916 tin
673 2850 821 2919 excerpto)
840 2853 925 2904 etiam
950 2851 1108 2920 protocollo
1131 2851 1299 2904 iudiciorum
1322 2865 1463 2903 commun.
1487 2847 1553 2899 nob.
1570 2843 1670 2911 Campi

393 2939 472 3007 Zagr,
492 2939 523 2991 lu
542 2939 657 2993 archivo
676 2941 804 2993 eiusdem
824 2943 1045 2994 communitatis.

502 3411 593 3469 Anno
621 3409 714 3471 1578.
742 3409 886 3472 15.-17.
909 3411 981 3472 iulii.
1014 3410 1199 3490 Zagrabiae.

395 3591 516 3654 §latus
537 3595 570 3656 et
600 3592 739 3655 ordines
768 3590 879 3677 regni,
901 3591 948 3654 ad
970 3595 1085 3655 casira
1110 3591 1149 3654 in
1172 3588 1388 3673 Thwropolye
1422 3585 1531 3648 locata
1556 3601 1673 3648 omme

607 3702 639 3762 ei
661 3697 820 3780 stimulos
840 3700 1025 3762 eorundem
1050 3699 1232 3763 convenire
1254 3696 1450 3760 decernrcrd.

503 3897 686 3956 Articuli
718 3898 977 3957 dominorum
1001 3907 1040 3957 et
1071 3897 1281 3970 nobilium,
1306 3894 1565 3970 aliorumque
1595 3897 1671 3947 sta·

396 4015 507 4064 tuum
547 4013 588 4063 et
630 4005 818 4063 ordinum
853 4022 1075 4083 regnorum
1108 4004 1309 4064 Croatiae
1342 4009 1380 4061 et
1410 3996 1672 4060 Sclauoniae,

397 4113 434 4171 in
469 4113 810 4190 congregatione
845 4115 1069 4173 eorundem
1105 4112 1296 4193 generali
1330 4130 1375 4169 cx
1409 4107 1575 4168 aedicto
1610 4105 1671 4162 do-

397 4220 494 4278 mini
529 4220 625 4278 bani
659 4220 698 4278 in
734 4221 915 4280 civitate
947 4222 1065 4300 regia
1099 4216 1490 4298 Montisgrecensis
1522 4215 1671 4291 Zagra-

397 4327 570 4402 biensis)
593 4347 666 4405 pro
689 4327 851 4386 decima
874 4328 1023 4406 quinta
1048 4329 1110 4388 dic
1135 4326 1383 4406 praesentis
1407 4321 1561 4382 mensis
1584 4315 1671 4377 iulii

398 4435 627 4512 celebrata,
650 4436 852 4496 conclusi.
877 4436 992 4496 Auno
1016 4436 1171 4496 domini
1200 4433 1293 4496 1578.

869 4629 1018 4712 (Ceteris
1038 4628 1200 4706 emissis.)

507 4756 659 4834 Imprimis
682 4757 733 4814 ubi
759 4757 975 4816 serenissimus
1000 4757 1143 4834 princeps
1160 4765 1189 4816 et
1207 4757 1350 4816 dominus
1371 4755 1514 4814 dominus
1531 4750 1672 4820 Carolus

400 4865 451 4924 dei
482 4865 585 4944 gratia
617 4863 766 4923 archidux
797 4865 951 4937 Austriae,
985 4865 1047 4924 dux
1079 4865 1290 4944 Burgundiae,
1322 4883 1428 4922 comes
1460 4861 1583 4938 Tyrolis
1606 4867 1673 4934 etc„
