3934 5550
407 366 469 429 tue

400 583 492 663 burgi
516 591 548 643 et
571 582 719 654 Goritiae,
744 583 960 663 landtgravius
984 583 1134 656 Alsatiae,
1162 584 1302 644 marchio
1335 584 1416 644 sacri
1449 584 1593 644 Romanii
1624 584 1680 643 im·

402 690 480 768 perii
505 708 600 767 supra
625 690 765 749 Anasum
794 690 983 771 Burgouiae,
1007 710 1045 750 ac
1075 691 1251 769 Superioris
1282 699 1315 752 et
1345 690 1500 751 Inferioris
1524 690 1682 765 Lusatiae,

402 798 546 857 dominus
569 798 728 857 marchiae
751 797 967 873 Sclauonicae,
992 807 1101 877 portus
1128 799 1248 858 Naonis
1273 808 1304 859 et
1326 800 1502 860 Salinarum
1528 808 1596 876 etc,
1619 817 1683 858 me·

403 904 521 983 moriae
547 904 804 964 commendamus
827 913 936 965 tenore
960 906 1173 984 praesentium
1190 906 1406 987 significantes
1422 907 1535 986 quibus
1558 906 1685 984 expedit

402 1012 565 1086 universis,
582 1012 666 1091 quod
690 1012 790 1072 fidelis
814 1021 920 1072 noster
944 1014 1093 1094 egregius
1118 1014 1267 1074 Nicolaus
1283 1014 1442 1074 Malenich
1465 1014 1505 1074 de
1529 1012 1682 1089 Coriiocz,

403 1122 493 1180 aulae
525 1127 650 1179 nostrae
682 1119 842 1179 familiaris
878 1128 909 1179 et
941 1120 1088 1198 praesidii
1123 1121 1222 1181 nostri
1254 1121 1469 1181 Lethouanich
1500 1122 1685 1199 capitaneus

401 1227 531 1299 banalis,
548 1226 721 1286 maiestatis
746 1234 871 1287 nostrae
897 1229 1026 1287 veniens
1049 1227 1081 1287 in
1104 1237 1317 1307 conspectum,
1333 1248 1391 1288 suo
1414 1236 1446 1288 et
1469 1228 1570 1288 fidelis
1586 1227 1684 1287 nostri

402 1336 522 1415 egregii
559 1335 689 1415 Georgii
713 1335 835 1415 Vagich
859 1336 899 1395 de
930 1336 1026 1415 Nagy
1054 1336 1172 1411 Mlalra,
1196 1335 1310 1414 Campi
1333 1335 1504 1416 Turopolia
1528 1334 1684 1395 terrestris

403 1442 536 1516 comitis,
560 1450 655 1521 atque
679 1442 845 1502 comitatus
859 1442 1085 1523 Zagrabiensis
1108 1443 1218 1503 iudicis
1242 1444 1400 1518 nobilium,
1416 1461 1539 1503 necnon
1562 1442 1685 1502 univer·

402 1570 507 1610 sorum
543 1551 633 1609 unius
665 1549 814 1611 sessionis
847 1550 997 1610 nobilium
1022 1549 1137 1629 Campi
1163 1551 1386 1632 Zagrabiensis
1410 1551 1582 1630 Turopolia
1605 1550 1687 1622 dicti,

403 1656 497 1737 inque
521 1658 620 1737 regno
645 1665 751 1717 nostro
774 1657 962 1717 Sclauoniae
995 1657 1192 1717 existentium
1223 1658 1400 1717 nominibus
1423 1665 1455 1717 et
1477 1658 1510 1717 in
1533 1657 1684 1735 personis,

404 1764 541 1825 exhibuit
577 1765 666 1824 nobis
691 1772 721 1823 et
745 1764 959 1842 praesentavit
994 1766 1148 1842 quasdam
1179 1766 1269 1825 binas
1302 1766 1417 1839 literas,
1447 1784 1526 1824 unas
1560 1764 1686 1843 quidem

404 1873 540 1933 fidelium
571 1882 747 1955 nostrorum
771 1871 999 1931 honorabilium
1027 1858 1152 1951 capituli
1177 1872 1329 1932 ecclesiae
1354 1872 1577 1953 Zagrabiensis
1599 1883 1682 1932 tran-

404 1980 638 2058 sumptionaleS,
673 1980 704 2038 in
739 1998 935 2059 pergameno
970 1988 1113 2058 patenter
1148 1980 1316 2055 conlectae,
1341 1980 1506 2060 sigilloque
1543 1980 1682 2039 eiusdem

402 2087 528 2167 capituli
561 2087 740 2147 authentico
769 2086 961 2165 impendenti
992 2088 1208 2159 communitas,
1241 2088 1436 2148 continentes
1466 2088 1498 2148 in
1530 2108 1565 2148 se
1596 2098 1679 2149 tran·

404 2195 559 2273 sumptive
583 2194 689 2254 literas
713 2194 914 2254 sacratissimi
939 2196 1150 2255 Romanorum
1175 2196 1371 2275 imperatoris
1395 2215 1519 2275 semper
1548 2198 1684 2277 augusti,

406 2322 444 2362 ac
467 2302 667 2375 Germaniae,
692 2301 884 2382 Hungariae,
909 2303 1080 2363 Bohemiae
1104 2312 1162 2364 etc.
1186 2304 1271 2384 regis
1294 2303 1450 2383 Rudolphi
1473 2305 1612 2380 secundi,
1630 2305 1682 2364 do·

404 2410 480 2470 mini
504 2410 606 2488 patrui
630 2417 661 2468 et
685 2410 937 2487 praedecessoris
960 2410 1058 2470 nostri
1085 2411 1304 2488 colendissimi,
1327 2411 1525 2472 felicissimae
1557 2412 1682 2472 remini·

402 2518 540 2578 scentiae
557 2517 777 2598 privilegiales,
793 2517 1015 2577 confirmantes
1036 2503 1125 2578 alias
1138 2518 1291 2597 quasdam
1308 2518 1510 2579 sacratissimi
1525 2520 1684 2598 quondam

404 2625 603 2705 imperatoris
639 2632 670 2684 et
702 2625 787 2704 regis
817 2624 957 2684 similiter
988 2625 1172 2706 Hungariae
1204 2634 1236 2686 et
1270 2625 1440 2685 Bohemiae
1475 2634 1533 2687 etc.
1568 2625 1685 2686 domini

407 2732 596 2794 Ferdinandi
627 2732 726 2813 primi,
751 2731 856 2792 itidem
888 2731 1109 2813 privilegiales,
1133 2732 1328 2794 continentes
1351 2733 1382 2793 in
1406 2752 1441 2794 se
1471 2732 1686 2794 confirmative

404 2851 547 2900 tenorem
579 2839 775 2918 quarundam
807 2839 964 2898 literarum
997 2839 1205 2917 paritormiter
1227 2840 1467 2920 privilegialium
1492 2841 1684 2901 serenissimi

403 2948 562 3028 quondam
586 2946 742 3025 principis,
767 2945 883 3005 domini
907 2945 1061 3006 Matthiae
1082 2946 1169 3026 regis
1193 2946 1300 3006 itidem
1323 2947 1516 3028 Hungariae,
1540 2955 1681 3008 anteces-

403 3075 507 3116 sorum
543 3062 730 3129 nostrorum,
761 3053 863 3112 bonae
894 3053 1074 3127 memoriae,
1105 3053 1219 3132 quibus
1251 3054 1459 3114 mediantibus
1490 3055 1573 3115 idem
1608 3056 1681 3114 olim

404 3183 457 3222 rex
483 3161 634 3221 Matthias
664 3159 828 3219 universos
859 3159 952 3219 unius
985 3161 1135 3220 sessionis
1166 3161 1287 3220 nobiles
1313 3162 1393 3221 intra
1417 3162 1568 3221 ambitum
1592 3147 1681 3242 regni

403 3269 589 3332 Sclauoniae
621 3268 723 3328 ubivis
755 3276 997 3342 commorantes
1031 3287 1049 3326 a
1080 3269 1234 3328 solutione
1262 3277 1405 3329 taxarum
1437 3287 1494 3328 seu
1525 3269 1679 3328 contribu-

407 3378 525 3437 tionum
550 3375 645 3436 medii
669 3375 756 3434 aurei
780 3375 810 3433 in
835 3383 1019 3453 perpetuum
1038 3376 1192 3435 exemisse
1208 3385 1240 3435 et
1255 3384 1453 3453 suportasse;
1477 3375 1591 3436 alteras
1607 3395 1682 3434 vero

402 3485 541 3545 fidelium
577 3483 683 3543 itidem
719 3490 895 3541 nostrorum
929 3481 1145 3542 universorum
1181 3491 1318 3543 statuum
1354 3492 1385 3542 et
1415 3483 1557 3543 ordinum
1592 3483 1681 3563 regni

402 3594 500 3654 nostri
522 3591 719 3667 Sclauoniae,
752 3591 859 3650 itidem
883 3590 914 3649 in
938 3610 1134 3676 pergameno
1157 3600 1303 3672 patenter
1326 3591 1493 3665 coniectas,
1517 3592 1681 3671 sigilloque

404 3702 545 3762 eiusdem
569 3699 659 3778 regni
684 3699 781 3758 nostri
805 3699 992 3759 Sclauoniae
1025 3698 1215 3776 impendenti
1243 3699 1458 3770 communitas,
1481 3699 1594 3777 quibus
1616 3716 1681 3757 me-

402 3808 560 3868 diantibus
591 3806 683 3865 iidem
717 3815 816 3864 status
850 3815 881 3864 et
913 3805 1039 3864 ordines
1072 3805 1235 3865 universos
1266 3805 1358 3864 unius
1389 3805 1539 3865 sessionis
1562 3805 1681 3864 nobiles

402 3915 516 3993 Campi
539 3911 761 3994 Zagrabiensis
786 3912 955 3990 Turopolia
984 3913 1162 3990 nuncupati,
1186 3913 1270 3972 iuxta
1293 3920 1436 3972 tenorem
1458 3913 1597 3991 ipsorum
1621 3912 1681 3990 pri-

403 4023 589 4102 vilegiorum
613 4022 644 4081 in
668 4019 915 4080 immunitatibus
939 4020 1004 4079 suis
1029 4029 1061 4078 et
1083 4019 1278 4080 libertatibus
1304 4035 1494 4084 conservare
1517 4027 1549 4081 et
1572 4039 1680 4079 manu-

402 4141 510 4192 tenere
546 4130 696 4204 volentes,
730 4129 857 4204 insuper
892 4127 986 4186 etiam
1018 4145 1037 4186 a
1067 4127 1256 4204 quibuslibet
1287 4127 1428 4188 eiusdem
1459 4128 1549 4207 regni
1583 4127 1682 4186 nostri

401 4237 588 4299 Sclauoniae
612 4236 700 4306 taxis,
725 4233 826 4308 datiis,
843 4234 1001 4293 laboribus
1024 4229 1056 4292 ¹et
1080 4229 1330 4311 impositionibus
1352 4233 1497 4294 omnibus
1520 4244 1682 4313 exemptos

405 4355 436 4406 et
459 4345 573 4405 liberos
597 4343 775 4403 declarasse
801 4350 832 4401 et
855 4341 1074 4419 pronuntiasse
1108 4340 1383 4421 dignoscebantur,
1414 4349 1558 4400 tenorum
1589 4343 1682 4402 intra·

402 4453 597 4531 scriptorum,
621 4449 800 4529 supplicans
824 4447 915 4508 nobis
938 4446 1093 4507 humiliter
1115 4448 1199 4508 idem
1223 4448 1372 4508 Nicolaus
1396 4448 1553 4508 Malenich
1577 4468 1634 4508 suo
1650 4458 1682 4508 et

403 4568 599 4620 caeterorum
615 4577 746 4636 quorum
771 4573 866 4634 supra
890 4555 1076 4628 nominibus,
1100 4567 1134 4613 ut
1156 4573 1214 4614 nos
1238 4556 1366 4614 easdem
1390 4556 1507 4632 literas,
1523 4574 1560 4615 ac
1576 4556 1681 4616 omnia

403 4677 435 4728 et
458 4667 583 4746 singola
616 4665 646 4724 in
678 4663 797 4724 eisdem
828 4662 908 4722 binis
940 4661 1036 4721 literis
1059 4669 1215 4735 contenta,
1243 4671 1337 4735 ratas,
1361 4670 1470 4742 gratas
1493 4671 1525 4722 et
1548 4673 1680 4742 accepta

402 4776 565 4848 habentes,
588 4773 685 4833 literis
709 4771 823 4831 nostris
849 4770 1095 4850 privilegialibus
1125 4770 1229 4830 inseri-
1243 4779 1275 4829 et
1297 4770 1421 4830 inscribi
1445 4771 1606 4847 iacientes,
1630 4788 1680 4832 ac·

404 4891 539 4961 captare,
564 4882 711 4941 roborare
737 4891 767 4938 et
790 4878 953 4950 ratificare,
986 4897 1023 4937 ac
1053 4897 1109 4955 pro
1141 4877 1290 4955 praelatis
1319 4878 1472 4937 universis
1502 4879 1593 4938 unius
1617 4899 1680 4940 ses·
