3934 5550
1481 396 1545 458 553

266 620 395 680 triarum
413 619 527 700 rigore,
550 617 591 678 im
614 637 735 677 memor
756 615 901 697 imaginis
926 625 957 676 et
973 616 1093 676 formae
1117 615 1251 690 divinae,
1276 615 1316 674 ad
1333 613 1421 673 cuius
1444 613 1547 676 simili·

265 727 404 787 tudinem
440 745 564 805 quoque
594 727 706 787 eadem
738 725 770 783 in
802 743 929 783 causam
963 731 1096 783 attracta
1128 730 1234 784 creata
1267 730 1360 793 esset,
1392 721 1544 803 vilipenso

261 833 485 912 preciosissimi
516 833 682 893 salvatoris
715 831 811 890 nostri
844 831 998 910 sangvine
1039 849 1095 908 pro
1139 831 1239 890 salute
1272 837 1303 890 et
1336 827 1548 906 redemptione

261 941 389 1001 humani
424 941 550 1020 generis
573 940 711 1018 profus0,
733 939 932 1017 foederisque
956 938 987 996 in
1012 957 1102 997 sacro
1126 935 1325 1016 baptizmatis
1358 936 1443 994 fonte
1474 953 1545 994 curn

259 1057 399 1109 creatore
431 1067 489 1108 suo
520 1047 593 1120 initi,
621 1056 687 1107 turn
721 1045 811 1124 anno'¹
835 1047 929 1106 modo
953 1045 1091 1105 currenti
1114 1043 1321 1122 infrascripto,
1354 1063 1425 1108 curn
1451 1043 1544 1102 etiarn

262 1157 402 1235 pluribus
426 1155 489 1216 iarn
513 1154 646 1215 evolutis
680 1154 769 1214 annis
794 1162 825 1212 et
848 1152 1050 1231 temporibus,
1074 1153 1168 1230 idque
1193 1151 1325 1212 diversis
1349 1149 1425 1210 locis
1450 1157 1481 1208 et
1504 1149 1548 1208 vi-

261 1263 359 1339 cibus,
389 1262 496 1322 relicto
525 1281 588 1322 uno
622 1280 698 1321 vero
730 1269 762 1322 et
793 1260 983 1338 sempiterno
1016 1261 1085 1332 deo,
1119 1259 1220 1338 ipsum
1245 1259 1342 1318 lilium
1366 1257 1474 1316 vivum
1498 1255 1549 1316 dei

262 1371 456 1451 unigenitum
488 1378 663 1430 memorata
696 1369 727 1428 in
759 1387 887 1438 causam
923 1377 1056 1428 attracta
1088 1368 1290 1448 abnegasset,
1322 1365 1427 1426 omnia
1459 1364 1548 1425 Chri·

264 1478 385 1539 stianae
417 1477 490 1538 fidei
521 1478 712 1538 documenta
743 1475 943 1551 deseruisset,
968 1484 1167 1536 sacramenta
1191 1475 1345 1536 ecclesiae
1369 1492 1425 1552 per
1447 1473 1549 1552 ipsum

265 1584 427 1645 Christum
462 1584 603 1644 instituta
633 1583 857 1662 vilipendisset,
888 1601 1004 1643 nomen
1038 1583 1097 1658 dei,
1127 1583 1162 1642 B.
1195 1583 1231 1643 V.
1263 1581 1394 1653 Mariae,
1418 1580 1480 1639 imo
1503 1580 1549 1658 ip-

261 1693 391 1752 siusmet
424 1691 642 1752 sanctissimae
674 1690 834 1753 Trinitatis
867 1711 904 1751 ac
935 1699 1116 1751 sanctorum
1148 1691 1198 1750 dei
1222 1689 1394 1750 blazfemiis
1418 1696 1450 1747 et
1473 1706 1540 1748 con·

261 1800 349 1860 viciis
372 1800 536 1860 horrendis
560 1799 740 1878 sprevisset,
760 1798 893 1878 talisque
917 1797 1068 1858 salvatori
1091 1817 1148 1858 suo
1173 1797 1295 1857 rebellis
1319 1797 1403 1857 facta
1425 1795 1544 1868 fuisset,

261 1927 376 1968 nornen
394 1926 485 1967 suurn
502 1907 627 1967 demoni
644 1907 862 1987 inscripsisset,
882 1906 1046 1984 eidemque
1071 1913 1256 1986 perpetuam
1279 1905 1373 1965 fidem
1391 1923 1480 1964 suam
1505 1903 1549 1962 iu-

241 2022 378 2098 rasset,
401 2034 492 2074 suam
514 2015 576 2074 imo
609 2024 640 2074 et
670 2016 710 2075 ad
734 2015 972 2075 contestandam
991 2013 1091 2074 eidem
1117 2013 1298 2073 fidelitatem
1322 2012 1457 2092 sigillum
1482 2011 1548 2070 dia·

267 2123 402 2183 bolicum
419 2121 541 2200 corpori
557 2141 615 2181 suo
631 2122 749 2200 imponi
778 2121 964 2196 admisisset,
980 2121 1088 2200 sicque
1105 2120 1231 2180 demoni
1247 2128 1431 2199 perpetuum
1457 2138 1549 2179 vasa-

264 2230 383 2311 logium
407 2229 623 2308 praestitisset,
659 2229 786 2308 saepius
815 2249 940 2308 quoque
972 2248 1043 2287 cum
1077 2229 1187 2289 eodem
1224 2229 1357 2287 demone
1386 2226 1551 2287 carnaliter

266 2337 473 2406 convixisset,
508 2336 571 2396 imo
602 2356 672 2396 curn
704 2337 772 2397 aliis
805 2335 1008 2415 complicibus
1040 2335 1104 2394 suis
1129 2336 1169 2396 ad
1194 2335 1333 2394 eiusdem
1368 2333 1551 2394 detestantis

262 2444 390 2505 sceleris
423 2443 485 2504 reis
518 2444 577 2504 sibi
608 2444 783 2524 peroptime
807 2444 898 2517 notis,
934 2463 972 2503 ac
1005 2462 1062 2503 suo
1086 2443 1164 2516 loc0,
1190 2451 1330 2521 tempore
1355 2451 1386 2502 et
1410 2442 1461 2501 via
1485 2442 1550 2500 iure

263 2553 431 2632 superinde
450 2553 685 2628 conveniendis,
709 2554 849 2614 adhibita
864 2552 1008 2613 demonis
1032 2551 1092 2628 'ope
1117 2571 1173 2630 per
1198 2569 1281 2624 aera,¹
1298 2559 1429 2624 montes,
1447 2549 1550 2623 colles,

264 2662 362 2721 valles
394 2670 425 2720 et
459 2662 584 2721 deserta
618 2662 757 2722 volasset
782 2671 812 2722 et
836 2661 1037 2735 ambulasset,
1064 2659 1278 2738 eiusmodique
1302 2657 1456 2718 diabolica
1484 2665 1550 2715 arte

259 2778 471 2849 tempestates,
496 2769 640 2847 pruinam
664 2778 695 2829 et
717 2769 903 2850 grandinem
937 2788 1009 2828 cum
1034 2766 1223 2845 conplicibus
1248 2765 1312 2825 suis
1347 2763 1540 2837 confecisset,

260 2877 378 2937 tructus
408 2886 511 2937 terrae
543 2878 709 2938 mandatos
742 2877 978 2955 absumpsisset,
1005 2876 1170 2954 taliterque
1194 2874 1375 2935 modalitate
1398 2872 1540 2933 homines

261 2986 447 3046 necessariis
482 2986 565 3046 vitae
596 2986 707 3046 mediis
740 2987 915 3065 privasset,
949 2984 1116 3058 consortia,
1145 2984 1244 3059 ludos
1278 2980 1541 3062 congregationes

261 3094 440 3168 diabolicas,
466 3094 659 3174 aliarumque
690 3114 840 3175 sagarum
873 3095 1112 3174 frequentasset,
1136 3099 1300 3171 praeterea
1323 3090 1463 3169 pluribus
1486 3089 1540 3147 ho·

261 3202 405 3273 minibus,
430 3203 551 3262 tenellis
563 3203 702 3281 prolibus
727 3211 758 3262 et
773 3203 957 3282 peccoribus
981 3222 1037 3281 per
1062 3201 1216 3262 eiusmodi
1240 3198 1424 3259 diabolicam
1442 3204 1540 3256 artem

262 3320 293 3370 et
323 3309 577 3370 infascinationes
608 3310 776 3384 nocuisset,
809 3312 947 3390 quinimo
971 3310 1064 3370 etiam
1090 3330 1107 3369 e
1133 3308 1213 3367 vivis
1237 3306 1422 3380 sustulisset,
1448 3311 1478 3363 et
1502 3324 1540 3362 ne

261 3417 326 3477 fors
350 3416 454 3495 plures
472 3416 640 3495 complices
656 3436 730 3477 suas
747 3436 844 3497 sagas
869 3418 910 3477 ad
932 3417 1066 3476 eandem
1091 3414 1299 3475 exercendam
1315 3412 1541 3491 professionem

263 3532 294 3584 et
317 3524 420 3583 scelus
452 3522 688 3602 practicandum
721 3524 891 3603 adegisset,
922 3523 1132 3602 compulisset,
1164 3520 1381 3600 persvasisset,
1405 3518 1540 3579 induxis·

262 3640 381 3710 setque,
412 3632 546 3710 denique
571 3631 707 3692 animam
732 3640 764 3692 et
787 3650 901 3711 corpus
922 3631 1131 3691 infensissimo
1155 3628 1282 3689 humani
1307 3628 1432 3707 generis
1458 3626 1541 3686 hosti

260 3739 385 3800 diabolo
409 3740 611 3814 immolasset,
634 3740 800 3820 taliterque
825 3759 859 3799 se
883 3757 992 3799 veram
1017 3748 1047 3800 et
1071 3738 1268 3799 manifestam
1293 3754 1404 3815 sagam
1429 3736 1540 3795 eadem

258 3848 290 3907 in
314 3866 444 3908 causam
476 3855 609 3908 attracta
632 3848 797 3921 effecisset,
828 3867 963 3927 poenam
992 3848 1063 3927 lege
1087 3845 1193 3906 divina
1217 3852 1248 3904 et
1271 3844 1409 3902 humana
1433 3860 1539 3919 super-

259 3956 331 4015 inde
355 3956 510 4016 sancitam
535 3955 692 4015 incurrere
715 3956 802 4016 haud
825 3955 1030 4016 formidando

368 4064 538 4124 Praeterea
562 4063 693 4143 proinde
716 4071 909 4123 memoratus
932 4062 1048 4121 fiscalis
1076 4070 1107 4122 et
1131 4071 1225 4134 actor,
1251 4060 1359 4139 vigore
1384 4055 1541 4136 generalis

262 4170 352 4249 regni
370 4170 495 4243 decreti,
514 4170 707 4249 aliarumque
726 4171 833 4248 legum
851 4188 946 4248 super
971 4170 1122 4229 eiusmodi
1144 4167 1299 4228 atrocibus
1313 4163 1432 4225 delictis
1444 4170 1541 4223 statu·

261 4286 373 4354 tarum,
397 4278 528 4356 praevia
544 4278 684 4358 legitima
703 4276 926 4337 certificatione
944 4276 1038 4336 toties
1053 4277 1148 4336 fatam
1173 4276 1205 4335 in
1231 4292 1359 4335 causam
1377 4280 1541 4332 attractam

261 4385 292 4445 in
316 4386 365 4445 ius
389 4393 420 4446 et
443 4404 572 4445 causam
608 4384 784 4461 convenire,
817 4385 917 4444 aede
950 4384 1061 4443 eadem
1086 4384 1231 4444 iudicium
1257 4392 1288 4442 et
1311 4380 1458 4441 iustitiam
1483 4377 1541 4438 sibi

261 4493 408 4573 impendi,
439 4494 572 4553 eandem
603 4492 749 4553 videlicet
779 4492 810 4551 in
842 4511 971 4551 causam
998 4499 1161 4551 attractam
1187 4492 1226 4550 ad
1249 4490 1428 4569 detegenda
1452 4487 1541 4566 plura

262 4600 324 4660 alia
347 4600 459 4661 similia
475 4620 532 4680 per
555 4602 688 4661 eandem
706 4607 887 4679 perpetrata
903 4608 935 4659 et
949 4600 1114 4659 commissa
1130 4600 1259 4669 scelera,
1273 4600 1440 4677 pluresque
1457 4615 1540 4655 com·

259 4708 354 4785 plices
385 4709 579 4782 revelandos,
609 4708 736 4786 praevie
762 4716 901 4769 torturae
932 4707 1051 4779 subiici,
1082 4716 1190 4786 expost
1222 4726 1297 4765 vero
1322 4705 1380 4784 ipsi
1410 4704 1442 4763 in
1465 4722 1532 4781 pro-

259 4816 404 4876 meritam
438 4816 564 4894 quidem
596 4834 742 4894 poenam,
774 4815 843 4876 aliis
878 4833 954 4876 vero
979 4814 1123 4875 horribile
1158 4816 1188 4875 in
1225 4814 1399 4891 exemplum
1435 4810 1541 4869 vivam

261 4940 342 5002 rogo
364 4923 637 4997 concremandam,
653 4923 705 4983 vel
721 4920 895 5001 promturi
919 4922 1021 4981 visum
1045 4922 1136 4980 fuerit
1159 4920 1251 4980 morti
1275 4918 1445 4979 adiudicari
1468 4917 1540 4997 lege
