3934 5550
1480 445 1545 507 469

263 662 352 723 nobis
392 663 481 743 regni
520 662 674 743 ablegatis
711 664 772 723 hoc
810 662 841 722 in
878 670 994 741 puncto
1034 662 1158 721 dandae
1197 680 1259 740 quo
1296 661 1385 720 citius
1424 662 1543 741 signiti-

264 772 364 832 canda
390 780 483 833 esset.

369 866 420 939 Ad
444 880 461 955 ᾖ
490 876 537 941 12.
562 879 796 956 Praeterquam,
815 878 901 957 quod
922 878 982 938 hoc
1006 878 1207 957 paragrapho
1231 877 1262 936 id
1285 876 1370 936 innui
1395 877 1546 953 videatur,

264 1006 300 1047 ac
325 986 351 1046 si
376 986 585 1067 singillativae
610 986 757 1047 Croatiae
789 985 1019 1046 iurisdictiones
1044 1004 1063 1044 a
1086 985 1314 1044 contributione
1338 984 1433 1044 totius
1457 986 1547 1064 regni

263 1094 411 1153 Croatiae
437 1094 467 1153 ln
491 1101 637 1153 concreto
661 1112 717 1172 per
741 1092 830 1173 regni
856 1093 1019 1173 ablegatos
1044 1092 1131 1151 offeri
1148 1093 1241 1153 solita
1256 1092 1426 1169 separatim
1450 1092 1543 1151 talem

263 1202 293 1261 in
322 1201 413 1280 regni
443 1201 575 1260 comitiis
607 1201 702 1261 offere
734 1208 872 1278 possent,
904 1201 988 1277 quod
1019 1208 1124 1259 tamen
1156 1199 1300 1258 obstante
1333 1198 1463 1258 articulo
1494 1197 1546 1259 59.

268 1305 407 1388 1790.s1.
430 1316 461 1367 et
483 1308 572 1385 praxi
603 1307 730 1367 diaetali
751 1308 904 1367 hactenus
931 1313 1062 1384 accepta
1085 1305 1206 1364 admitti
1229 1305 1345 1384 nequit,
1368 1305 1547 1364 incredibile

264 1414 357 1474 etiam
389 1432 459 1474 esse
495 1415 625 1489 videtur,
657 1421 691 1473 ut
722 1414 834 1493 Campi
867 1412 1038 1491 Turopolja
1068 1412 1199 1488 nobiles
1231 1412 1284 1490 qui
1315 1413 1543 1493 praerogativis

263 1522 328 1581 suis
358 1521 571 1581 nobilitatibus
601 1529 763 1599 tantopere
787 1521 958 1594 inhaerent,
983 1521 1067 1599 quod
1094 1520 1185 1579 unice
1208 1521 1319 1579 harum
1342 1522 1541 1599 praetensive

264 1630 303 1688 ab
327 1630 452 1689 interitu
475 1631 699 1690 servandarum
724 1648 820 1689 causa
844 1629 876 1688 in
900 1628 967 1707 ipso
992 1629 1141 1688 comitatu
1164 1627 1371 1708 Zagrabiensi
1394 1628 1543 1689 influxum

264 1736 347 1796 omni
371 1755 468 1815 opera
491 1738 550 1797 sibi
574 1756 715 1797 asserere
738 1737 926 1809 adnitantur,
947 1737 1076 1813 interea,
1101 1736 1201 1795 donec
1218 1755 1327 1795 omnes
1342 1737 1436 1795 totius
1453 1738 1542 1816 regni

263 1845 383 1904 nobiles
414 1846 453 1905 ab
486 1864 581 1905 onere
612 1844 848 1905 contributionis
880 1845 1070 1904 domesticae
1104 1843 1269 1903 terrendae
1292 1842 1446 1903 immunes
1478 1864 1543 1903 ma·

264 1960 346 2025 nent,
369 1952 423 2011 tall
447 1970 482 2011 se
506 1951 663 2011 subiectos
688 1970 758 2010 esse
783 1951 885 2010 velint.

370 2060 461 2135 Ad§
491 2056 537 2118 13.
563 2048 676 2134 Quoad
701 2058 935 2138 paragraphum
958 2057 1041 2116 hunc
1065 2058 1199 2116 occurrit
1224 2057 1277 2116 illa
1300 2058 1436 2131 reflexio,
1462 2059 1547 2137 quod

263 2166 509 2244 superinspectio
534 2166 747 2240 dicasterialis,
772 2185 852 2245 quae
876 2166 908 2224 in
932 2173 1076 2243 respectu
1102 2166 1285 2225 eiectandae
1309 2165 1548 2225 contributionis

262 2273 453 2333 domesticae
486 2274 589 2333 medio
621 2273 741 2333 consilii
769 2271 1051 2335 locumtenentialis
1082 2274 1166 2350 apud
1194 2280 1322 2332 cunctas
1347 2272 1442 2332 etiam
1466 2273 1544 2331 alias

263 2380 491 2441 iurisdictiones
514 2382 667 2441 hactenus
691 2399 815 2458 semper
839 2380 977 2460 exerceri
1003 2380 1132 2453 solebat,
1156 2399 1213 2457 pro
1237 2398 1285 2449 eo,
1309 2388 1343 2438 ut
1366 2380 1545 2459 regnicolae

264 2488 357 2548 etiam
381 2488 412 2547 in
436 2488 558 2566 Campo
586 2487 756 2566 Turopolja
780 2489 860 2546 ultra
885 2488 967 2546 vires
991 2506 1053 2547 non
1084 2494 1342 2566 praegraventur,
1375 2486 1545 2545 suffectura

264 2595 311 2669 sit,
335 2595 499 2673 taliterque
523 2596 636 2655 defixio
661 2594 788 2654 maximi
811 2614 866 2673 per
891 2594 980 2673 regni
1005 2594 1141 2653 diaetam
1164 2594 1318 2668 facienda,
1343 2594 1479 2673 alioquin
1502 2594 1542 2653 ab

264 2702 395 2762 excelsis
430 2702 610 2781 proceribus
633 2703 664 2761 in
688 2711 817 2781 operato
852 2702 950 2761 civico
985 2721 1048 2760 non
1084 2702 1241 2780 adoptata,
1273 2720 1332 2760 nec
1362 2701 1414 2760 hic
1440 2702 1543 2760 locum

265 2812 379 2870 habere
413 2812 525 2884 valeat,
558 2818 723 2889 praeterea
753 2810 920 2870 manilesta
953 2809 1074 2868 videtur
1106 2828 1176 2869 esse
1205 2810 1287 2868 intra
1309 2810 1543 2888 paragraphum

263 2919 346 2977 hunc
370 2928 401 2977 et
424 2919 657 2998 paragraphum
686 2915 732 2977 16.
758 2918 969 2990 contradictio,
995 2937 1066 2976 cum
1090 2926 1192 2981 stante
1215 2918 1276 2976 hoc
1300 2915 1464 2994 posteriori
1488 2936 1541 2994 pa-

264 3027 422 3106 ragrapho
445 3027 564 3086 tamdiu
588 3027 671 3086 nulla
703 3007 889 3084 contributio
913 3025 1041 3084 eiectari
1064 3025 1171 3103 possit,
1195 3025 1344 3104 quamdiu
1367 3025 1544 3084 communia
1614 3015 1616 3019 ’

264 3134 417 3196 beneficia
449 3134 489 3193 ad
520 3135 688 3213 tegendas
706 3134 910 3192 necessitates
944 3133 1131 3208 suffecerint,
1163 3133 1236 3212 quia
1267 3150 1342 3192 vero
1368 3132 1543 3191 communia

263 3243 341 3302 haec
372 3242 525 3302 beneficia
555 3242 646 3302 unice
678 3242 717 3300 ad
750 3241 898 3300 nobilium
930 3242 1151 3319 proprietatem
1165 3287 1168 3290 a
1184 3241 1347 3318 pertinent,
1378 3259 1441 3298 non
1469 3259 1544 3299 vero

263 3368 325 3408 una
356 3347 538 3429 ignobilium
563 3356 594 3408 et
618 3348 808 3422 colonorum,
833 3349 885 3426 qui
909 3367 991 3406 nunc
1022 3348 1165 3426 publicae
1197 3347 1399 3406 iurisdietioni
1431 3347 1544 3424 Campi

261 3457 431 3536 Turopolja
455 3457 564 3517 subiici
588 3457 812 3531 desiderantur,
839 3457 907 3516 usui
931 3457 1122 3530 deserviunt,
1146 3455 1326 3515 necessario
1350 3455 1399 3514 illa
1418 3456 1544 3514 exhinc

260 3568 370 3626 flueret
402 3565 633 3643 consequentia,
666 3565 750 3644 quod
783 3583 841 3624 nec
872 3583 1069 3642 consequens
1097 3563 1186 3641 plebs
1219 3564 1259 3622 ad
1290 3581 1401 3622 cassae
1436 3563 1542 3622 dome·

261 3674 358 3734 sticae
382 3693 461 3733 onus
485 3681 578 3732 antea
602 3673 683 3732 trahi
702 3673 829 3746 valeret,
859 3674 959 3731 donec
986 3680 1157 3750 proventus
1181 3671 1392 3730 communium
1426 3670 1543 3731 idmodi

262 3782 484 3842 beneficiorum
514 3781 676 3854 adfuerint,
701 3781 761 3840 hoc
785 3781 878 3839 modo
904 3788 1008 3838 autem
1032 3779 1096 3838 fors
1120 3787 1229 3838 contra
1258 3778 1448 3856 propositum
1481 3786 1542 3838 sta-

261 3899 348 3948 tuum
378 3897 409 3948 et
432 3890 575 3949 ordinum
600 3889 689 3947 unice
713 3889 775 3947 fine
800 3907 846 3961 e0,
871 3896 904 3945 ut
927 3887 1016 3964 plebs
1040 3886 1240 3945 contribuens
1264 3885 1452 3959 sublevetur,
1486 3906 1539 3944 no-

263 3997 341 4056 biles
373 3997 486 4074 Campi
517 3994 688 4073 Turopolja
722 3995 862 4074 legitima
887 4014 944 4053 sua
971 3993 1160 4071 proprietate
1183 3993 1387 4070 privarentur.

370 4104 421 4162 Ad
450 4106 468 4180 §
505 4102 551 4164 lt.
582 4104 615 4162 ln
649 4121 743 4162 sensu
774 4101 949 4162 reflexionis
975 4102 1015 4160 ad
1040 4101 1291 4179 praecedaneum
1308 4101 1541 4180 paragraphum

264 4211 384 4289 positae
408 4229 557 4288 praesens
582 4228 706 4288 quoque
729 4210 946 4289 paragraphus
971 4229 1009 4267 ex
1033 4216 1098 4266 toto
1122 4215 1290 4268 emanaret.

370 4319 422 4377 Ad
437 4319 670 4398 paragraphum
690 4317 738 4378 15.
755 4317 946 4377 Solutionem
964 4316 1199 4376 contributionis
1216 4315 1358 4375 militaris
1374 4316 1405 4373 in
1421 4315 1543 4395 Campo

264 4426 436 4505 Turopolja
459 4445 555 4504 penes
581 4427 818 4506 praevigentem
839 4444 929 4484 usum
955 4425 1128 4501 relinquere
1152 4422 1342 4500 impossibile
1367 4431 1423 4498 est,
1447 4442 1542 4500 quum

263 4534 414 4593 hactenus
437 4533 468 4592 in
496 4533 618 4612 Campo
641 4531 820 4611 Turopolja,
841 4531 893 4610 qui
910 4541 942 4590 ut
956 4531 1098 4609 superius
1122 4529 1327 4608 praemissum
1343 4549 1381 4588 ex
1397 4548 1541 4607 corpora·

262 4641 346 4700 tione
371 4661 446 4719 pure
478 4641 632 4699 nobilitari
657 4641 856 4716 consistebat,
884 4639 1070 4699 contributio
1094 4639 1233 4697 militaris
1258 4657 1417 4715 nunquam
1441 4639 1541 4696 soluta

263 4748 363 4808 luerit.
394 4748 549 4828 lgnobiles
583 4767 657 4807 vero
681 4748 712 4806 in
737 4747 874 4807 recinctu
907 4745 1191 4824 CampiTuropolja
1214 4747 1367 4824 degentes
1391 4746 1541 4804 hactenus

264 4857 295 4918 in
326 4876 477 4936 praesens
505 4875 604 4934 usque
627 4874 683 4933 per
707 4857 887 4914 comitatum
911 4854 1157 4932 Zagrabiensem
1182 4853 1349 4929 conscripti
1379 4871 1416 4911 ac
1448 4852 1541 4912 dicati

266 4965 447 5041 exstiterint,
471 4967 594 5047 hocque
628 4965 721 5031 modo
746 4963 929 5026 contributio
955 4961 994 5021 ab
1017 4960 1076 5021 illis
1100 4961 1250 5020 incassari
1274 4960 1419 5020 sueverit.
