3934 5550
453 409 518 472 622

453 628 542 707 regia
574 646 593 685 a
624 625 714 685 nobis
744 626 881 704 benigne
913 626 1040 704 exigere
1065 625 1259 705 dignaretur,
1282 625 1461 703 idquoque
1485 640 1542 682 nos
1566 625 1729 700 praestare

454 734 668 813 paratissimos
692 745 771 805 esse,
795 734 826 791 in
849 732 1021 792 humilitate
1050 733 1256 792 declaramus.

557 840 684 900 Nobiles
700 840 731 898 hi
747 835 990 919 Turopolienses
1015 841 1086 900 inde
1102 841 1141 899 ab
1158 839 1379 917 antiquissimis
1395 837 1587 916 temporibus
1603 836 1730 914 proprio

454 967 578 1028 semper
593 949 774 1028 gaudebant
789 948 989 1028 magistratu;
1014 957 1097 1008 certe
1122 949 1184 1008 iam
1209 967 1291 1008 anno
1312 945 1404 1008 11279.
1429 945 1550 1006 comitis
1573 944 1729 1004 terrestris

455 1057 589 1116 ladislai
619 1055 773 1114 Gumzina
796 1058 827 1114 in
850 1055 1015 1136 privilegio
1041 1056 1179 1116 Ladislai
1203 1057 1253 1116 IV.
1278 1057 1317 1114 de
1342 1056 1453 1115 eodem
1478 1072 1561 1112 anno
1586 1070 1646 1111 non
1670 1052 1726 1111 ob-

452 1183 544 1225 scura
567 1165 601 1224 fit
625 1164 749 1236 mentio,
781 1164 983 1244 magistratus
1007 1164 1065 1236 hic,
1090 1165 1143 1242 qui
1166 1164 1261 1240 initia,
1290 1165 1402 1244 partim
1425 1164 1465 1222 ob
1490 1163 1648 1222 raritatem
1681 1160 1726 1218 vi·

452 1293 556 1332 rorum
581 1273 794 1345 litteratorum,
818 1274 1006 1350 partimpro
1023 1273 1248 1331 consvetudine
1272 1283 1447 1350 temporum
1464 1271 1583 1329 illorum
1606 1289 1644 1328 ex
1659 1268 1729 1326 solo

453 1380 566 1441 comite
589 1380 727 1439 terrestri
754 1380 928 1454 constabat,
951 1389 1053 1438 tractu
1077 1379 1227 1458 temporis
1244 1389 1386 1458 promota
1410 1379 1580 1438 litterarum
1597 1376 1725 1445 cultura,

454 1489 554 1548 ductis
570 1485 705 1567 negotiis
721 1486 860 1566 publicis,
882 1487 1072 1565 mutatisque
1097 1486 1371 1549 consvetudinibus
1399 1485 1537 1564 pluribus
1563 1482 1728 1543 individuis

453 1595 664 1655 assessoribus
674 1594 797 1672 quippe,
808 1594 973 1654 substituto
984 1595 1096 1654 comite
1107 1589 1727 1668 terrestri,notario,vicec0miteterrestri,

452 1713 643 1780 perceptore,
663 1702 770 1774 fiscali,
793 1702 879 1774 fisco,
904 1702 1078 1780 capitanea
1102 1721 1139 1761 ex
1169 1701 1206 1761 12
1232 1702 1304 1761 item
1329 1701 1549 1772 assessoribus,
1579 1699 1620 1757 24
1645 1698 1725 1757 vice-

451 1809 671 1882 assessoribus,
704 1810 825 1868 duobus
858 1810 974 1884 iuratis,
999 1819 1029 1870 et
1054 1812 1175 1870 duobus
1200 1809 1387 1885 castellanis,
1412 1809 1564 1880 omnibus,
1588 1807 1727 1884 exceptis

452 1919 663 1977 assessoribus
694 1928 725 1976 et
757 1919 1039 1978 viceassessoribus
1081 1923 1224 1997 [quorum
1251 1919 1353 1978 officia
1378 1919 1419 1978 ad
1442 1918 1508 1977 dies
1537 1917 1617 1975 vitae
1642 1925 1724 1974 sunt·

452 2025 609 2103 suffragiis
633 2025 768 2084 iudicum
795 2021 1037 2104 vigin'tiduarum
1055 2027 1288 2104 possessionum
1309 2025 1515 2085 nobilitarinm
1541 2027 1588 2090 (ex
1613 2023 1725 2101 quibus

451 2141 534 2191 totus
558 2133 606 2191 hic
632 2131 788 2191 districtus
812 2134 968 2209 coalescit,
993 2143 1023 2194 et
1036 2153 1168 2212 quarum
1192 2135 1232 2193 illi
1250 2141 1521 2212 repraesentantes
1545 2135 1626 2194 suntl
1643 2130 1725 2209 eligi,

452 2239 627 2312 restaurari,
653 2250 706 2297 aut
730 2239 906 2298 confirmari
923 2242 1049 2314 asvetis,
1074 2250 1105 2300 et
1129 2241 1249 2300 salariis
1274 2261 1311 2300 ex
1337 2239 1492 2300 communi
1517 2237 1725 2298 universitatis

453 2365 544 2405 cassa
569 2353 661 2424 iquae
686 2366 723 2405 ex
747 2348 950 2425 proventibus
981 2349 1210 2421 nundinalibus,
1234 2347 1462 2420 educillaribus,
1487 2347 1615 2424 aliisque
1637 2345 1725 2406 terri·

451 2453 612 2513 torialibus
639 2453 799 2513 beneficiis
823 2455 880 2514 sub
905 2456 1148 2533 manipulatione
1174 2456 1375 2536 perceptoris,
1399 2453 1570 2514 rationibus
1595 2449 1723 2514 subiecti

449 2561 619 2641 consurgit)
643 2560 784 2638 provisis.

555 2668 659 2746 Caput
682 2670 792 2728 horum
817 2672 955 2729 omnium
977 2669 1034 2729 ruit
1059 2673 1097 2731 ab
1122 2673 1204 2747 olim,
1222 2681 1356 2750 actuque
1374 2681 1420 2729 est
1438 2689 1542 2730 comes
1558 2668 1721 2740 terrestris,

451 2777 594 2856 idemque
618 2778 650 2837 in
673 2778 792 2837 cunctis
825 2788 888 2837 tarn
917 2780 1062 2854 civilium,
1086 2801 1180 2859 quarn
1205 2778 1408 2841 criminalium
1433 2781 1626 2861 negotiorum
1650 2796 1721 2857 per-

448 2885 686 2945 tractationibus
717 2905 845 2963 praeses
877 2888 1060 2949 ordinarius
1093 2890 1177 2948 Idem
1203 2891 1241 2949 ad
1267 2890 1529 2970 congregationes
1557 2887 1723 2947 comitatus

449 2992 680 3072 Zagrabiensis,
713 2995 795 3054 idem
829 2996 868 3054 ad
901 2998 1065 3075 generales
1097 3017 1265 3076 regnorum
1298 2998 1482 3071 Dalmatiae,
1514 2996 1659 3055 Croatiae
1691 3006 1723 3052 et

445 3101 634 3162 Sclavoniae
658 3100 929 3184 congregationes,
953 3105 1035 3165 idem
1061 3106 1195 3184 denique
1220 3108 1260 3166 ad
1283 3107 1373 3187 regni
1397 3105 1578 3185 Hungariae
1602 3103 1724 3165 diaetas

448 3228 486 3266 ex
517 3218 605 3285 parte
638 3209 751 3288 Campi
774 3212 962 3289 Turopolya,
994 3213 1051 3271 nisi
1086 3214 1209 3291 aliquod
1234 3216 1336 3275 obstet
1360 3214 1611 3292 impedimentum
1637 3213 1722 3287 (nam

448 3317 479 3375 in
507 3336 581 3376 casu
613 3320 672 3378 hoc
704 3320 781 3379 alter
813 3339 851 3378 ex
881 3321 1001 3400 gremio
1035 3323 1174 3383 eiusdem
1200 3322 1312 3401 Campi
1345 3324 1520 3403 ablegatur»
1553 3332 1722 3399 comparet,

451 3424 628 3503 ibidemque
653 3436 725 3485 voto
750 3437 780 3486 et
804 3429 944 3488 sessione
969 3431 1095 3508 gaudet.
1136 3450 1139 3457 ·

553 3532 746 3592 Universitas
778 3535 856 3593 haee
887 3536 1013 3612 provisa
1039 3547 1085 3596 est
1109 3538 1188 3597 binis
1222 3540 1351 3617 publicis
1385 3540 1512 3599 muratis
1536 3546 1585 3598 sat
1609 3534 1720 3613 amplis

449 3637 615 3711 aediliciisg
648 3659 710 3699 uno
741 3641 771 3699 in
803 3643 1001 3719 possessione
1033 3645 1127 3725 Nagy
1144 3646 1286 3723 Goricza‚
1315 3648 1366 3705 ubi
1398 3648 1436 3707 de
1468 3643 1623 3705 ordinario
1647 3660 1722 3701 suos

448 3746 583 3805 celebrat
614 3765 812 3827 congressus,
844 3752 904 3810 alio
936 3760 1042 3812 antem
1072 3755 1103 3813 in
1134 3756 1266 3814 lormam
1299 3756 1435 3817 fortalitii
1460 3756 1499 3815 ab
1525 3732 1650 3813 exordio
1680 3752 1722 3810 ad

449 3854 647 3914 securitatem
680 3866 866 3931 constructo
891 3871 921 3918 et
943 3861 974 3918 in
1000 3863 1199 3938 possessione
1226 3865 1389 3924 Lukavecz
1414 3864 1537 3935 situato,
1561 3860 1720 3921 castellum

449 3962 615 4022 Lnlravecz
649 3976 768 4027 vocato.
793 3967 851 4027 Hic
875 3970 1118 4029 restaurationes
1146 3971 1324 4033 officialium
1349 3972 1428 4032 festo
1452 3972 1566 4032 Luciae
1590 3967 1721 4049 singulis

449 4070 538 4129 annis
562 4071 600 4130 ab
626 4073 839 4134 immemoriali
862 4084 1003 4154 tempore
1017 4079 1221 4143 celebrantur,
1237 4081 1287 4140 hic
1302 4081 1474 4161 privilegia,
1498 4078 1547 4138 hic
1571 4076 1720 4137 secretius

449 4177 562 4256 Campi
586 4181 766 4259 Turopolya
789 4184 950 4243 archivum
978 4197 1186 4246 asservantur.
1210 4188 1358 4251 Provisus
1383 4198 1429 4247 est
1452 4195 1616 4267 praeterea
1631 4187 1719 4245 loeus

447 4286 497 4345 hic
521 4287 642 4347 duobus
666 4310 683 4349 e
707 4311 837 4352 numero
863 4294 1059 4374 gremialium
1084 4297 1233 4356 nobilium
1257 4298 1442 4371 castellanis,
1475 4304 1505 4356 et
1529 4294 1672 4376 vigilibus
1697 4292 1718 4351 4

448 4412 504 4470 pro
527 4396 694 4456 securitate
727 4400 853 4473 archivi,
882 4402 1187 4483 privilegiorumque,
1212 4424 1248 4465 ac
1273 4424 1329 4483 pro
1353 4404 1495 4465 custodia
1518 4402 1720 4482 captivorum.

448 4500 473 4558 si
497 4502 549 4580 qui
573 4503 694 4577 adsunt,
726 4506 787 4580 diu,
818 4517 972 4588 noctuque
1008 4520 1188 4571 constanter
1219 4512 1453 4573 excubantibus.
1502 4510 1542 4571 Et
1573 4510 1719 4589 quoniam
1800 4509 1805 4520 ’

447 4609 635 4673 universitas
665 4614 812 4675 nobilium
837 4616 949 4694 Campi
974 4619 1154 4696 Turopolya
1177 4620 1243 4681 iure
1267 4621 1364 4699 gladii
1395 4622 1531 4700 polleret,
1558 4617 1651 4678 habet
1674 4617 1719 4676 in-

447 4736 541 4797 super
571 4723 732 4781 castellum
764 4725 823 4783 hoc
855 4744 1007 4801 carceres,
1047 4727 1113 4787 sive
1146 4730 1307 4789 clausuras
1343 4730 1483 4790 duriores
1513 4738 1544 4787 et
1573 4726 1719 4789 mitiores.

448 4826 578 4903 captivis
609 4849 665 4905 pro
696 4831 816 4890 ratione
851 4833 985 4908 maioris,
1009 4836 1059 4895 vel
1083 4836 1211 4895 minoris
1244 4836 1346 4897 delicti
1371 4837 1593 4907 deservientes,
1617 4844 1648 4894 et
1671 4850 1719 4893 se·

449 4954 547 4994 curas.
578 4937 639 4995 Pro
670 4940 852 5018 peragenda
884 4942 1075 5021 inspectione
1110 4946 1199 5005 adest
1227 4946 1266 5005 ibi
1292 4945 1540 5023 irequentisslme
1572 4943 1719 5015 centurio,
