<?xml version="1.0" encoding="UTF-8"?>
<!DOCTYPE html PUBLIC "-//W3C//DTD XHTML 1.0 Transitional//EN"
    "http://www.w3.org/TR/xhtml1/DTD/xhtml1-transitional.dtd">
<html xmlns="http://www.w3.org/1999/xhtml" xml:lang="en" lang="en">
 <head>
  <title>
</title>
<meta http-equiv="Content-Type" content="text/html;charset=utf-8" />
  <meta name='ocr-system' content='tesseract 3.04.00' />
  <meta name='ocr-capabilities' content='ocr_page ocr_carea ocr_par ocr_line ocrx_word'/>
</head>
<body>
  <div class='ocr_page' id='page_1' title='image "./povjesnispomeni00laszgoog_0625.png"; bbox 0 0 3934 5550; ppageno 0'>
   <div class='ocr_carea' id='block_1_1' title="bbox 431 442 497 511">
    <p class='ocr_par' dir='ltr' id='par_1_1' title="bbox 431 442 497 511">
     <span class='ocr_line' id='line_1_1' title="bbox 431 442 497 511; baseline -0.015 0"><span class='ocrx_word' id='word_1_1' title='bbox 431 442 497 511; x_wconf 79' lang='lat'><strong>594</strong></span> 
     </span>
    </p>
   </div>
   <div class='ocr_carea' id='block_1_2' title="bbox 428 648 1713 4817">
    <p class='ocr_par' dir='ltr' id='par_1_2' title="bbox 428 648 1713 4817">
     <span class='ocr_line' id='line_1_2' title="bbox 538 648 1711 740; baseline -0.007 -18"><span class='ocrx_word' id='word_1_2' title='bbox 538 665 725 723; x_wconf 81' lang='lat' dir='ltr'><strong>Procurator</strong></span> <span class='ocrx_word' id='word_1_3' title='bbox 739 657 897 740; x_wconf 84' lang='lat' dir='ltr'><strong>praetensi</strong></span> <span class='ocrx_word' id='word_1_4' title='bbox 909 673 941 721; x_wconf 90' lang='lat' dir='ltr'><strong>et</strong></span> <span class='ocrx_word' id='word_1_5' title='bbox 952 674 1193 739; x_wconf 86' lang='lat' dir='ltr'><strong>praetensamm</strong></span> <span class='ocrx_word' id='word_1_6' title='bbox 1209 655 1239 719; x_wconf 94' lang='lat' dir='ltr'><strong>in</strong></span> <span class='ocrx_word' id='word_1_7' title='bbox 1257 675 1385 720; x_wconf 89' lang='lat' dir='ltr'><strong>causam</strong></span> <span class='ocrx_word' id='word_1_8' title='bbox 1402 665 1604 718; x_wconf 86' lang='lat' dir='ltr'><strong>attractarum</strong></span> <span class='ocrx_word' id='word_1_9' title='bbox 1621 648 1652 716; x_wconf 92' lang='lat' dir='ltr'><strong>in</strong></span> <span class='ocrx_word' id='word_1_10' title='bbox 1670 659 1711 714; x_wconf 83' lang='lat' dir='ltr'><strong>vi-</strong></span> 
     </span>
     <span class='ocr_line' id='line_1_3' title="bbox 432 759 1713 848; baseline -0.005 -19"><span class='ocrx_word' id='word_1_11' title='bbox 432 771 520 830; x_wconf 88' lang='lat' dir='ltr'>cibus</span> <span class='ocrx_word' id='word_1_12' title='bbox 533 770 776 848; x_wconf 89' lang='lat' dir='ltr'><strong>praemissorum</strong></span> <span class='ocrx_word' id='word_1_13' title='bbox 793 787 930 841; x_wconf 88' lang='lat' dir='ltr'><strong>suorum,</strong></span> <span class='ocrx_word' id='word_1_14' title='bbox 942 767 1094 846; x_wconf 86' lang='lat' dir='ltr'><strong>imprimis</strong></span> <span class='ocrx_word' id='word_1_15' title='bbox 1106 787 1162 846; x_wconf 95' lang='lat' dir='ltr'><strong>pro</strong></span> <span class='ocrx_word' id='word_1_16' title='bbox 1175 767 1317 845; x_wconf 89' lang='lat' dir='ltr'><strong>praelata</strong></span> <span class='ocrx_word' id='word_1_17' title='bbox 1331 767 1535 847; x_wconf 83' lang='lat' dir='ltr'><strong>Margaretha</strong></span> <span class='ocrx_word' id='word_1_18' title='bbox 1547 759 1713 840; x_wconf 79' lang='lat' dir='ltr'><strong>Czunyek⁶</strong></span> 
     </span>
     <span class='ocr_line' id='line_1_4' title="bbox 431 875 1711 956; baseline -0.005 -19"><span class='ocrx_word' id='word_1_19' title='bbox 431 878 630 952; x_wconf 88' lang='lat' dir='ltr'><strong>invinculata,</strong></span> <span class='ocrx_word' id='word_1_20' title='bbox 639 886 671 936; x_wconf 90' lang='lat' dir='ltr'><strong>et</strong></span> <span class='ocrx_word' id='word_1_21' title='bbox 681 876 807 956; x_wconf 90' lang='lat' dir='ltr'><strong>quidem</strong></span> <span class='ocrx_word' id='word_1_22' title='bbox 821 877 879 934; x_wconf 93' lang='lat' dir='ltr'><strong>sub</strong></span> <span class='ocrx_word' id='word_1_23' title='bbox 891 875 1017 936; x_wconf 89' lang='lat' dir='ltr'><strong>nomine</strong></span> <span class='ocrx_word' id='word_1_24' title='bbox 1031 876 1190 935; x_wconf 84' lang='lat' dir='ltr'><strong>Barbarae</strong></span> <span class='ocrx_word' id='word_1_25' title='bbox 1202 885 1371 954; x_wconf 88' lang='lat' dir='ltr'><strong>praetensa</strong></span> <span class='ocrx_word' id='word_1_26' title='bbox 1382 875 1413 934; x_wconf 92' lang='lat' dir='ltr'><strong>in</strong></span> <span class='ocrx_word' id='word_1_27' title='bbox 1427 893 1556 934; x_wconf 90' lang='lat' dir='ltr'><strong>causam</strong></span> <span class='ocrx_word' id='word_1_28' title='bbox 1569 883 1711 942; x_wconf 89' lang='lat' dir='ltr'><strong>attracta,</strong></span> 
     </span>
     <span class='ocr_line' id='line_1_5' title="bbox 431 981 1710 1063; baseline -0.004 -19"><span class='ocrx_word' id='word_1_29' title='bbox 431 984 505 1044; x_wconf 92' lang='lat' dir='ltr'><strong>dicit</strong></span> <span class='ocrx_word' id='word_1_30' title='bbox 519 1003 558 1044; x_wconf 79' lang='lat' dir='ltr'><strong>ex</strong></span> <span class='ocrx_word' id='word_1_31' title='bbox 583 985 643 1044; x_wconf 88' lang='lat' dir='ltr'><strong>hoc</strong></span> <span class='ocrx_word' id='word_1_32' title='bbox 662 983 756 1063; x_wconf 84' lang='lat' dir='ltr'><strong>legali</strong></span> <span class='ocrx_word' id='word_1_33' title='bbox 776 984 900 1043; x_wconf 86' lang='lat' dir='ltr'><strong>defectu</strong></span> <span class='ocrx_word' id='word_1_34' title='bbox 928 983 1063 1042; x_wconf 88' lang='lat' dir='ltr'><strong>nominis</strong></span> <span class='ocrx_word' id='word_1_35' title='bbox 1083 992 1190 1061; x_wconf 81' lang='lat' dir='ltr'><strong>utpote</strong></span> <span class='ocrx_word' id='word_1_36' title='bbox 1218 984 1276 1043; x_wconf 90' lang='lat' dir='ltr'><strong>sub</strong></span> <span class='ocrx_word' id='word_1_37' title='bbox 1302 1003 1364 1061; x_wconf 92' lang='lat' dir='ltr'><strong>quo</strong></span> <span class='ocrx_word' id='word_1_38' title='bbox 1384 983 1639 1061; x_wconf 85' lang='lat' dir='ltr'><strong>praetenderetur</strong></span> <span class='ocrx_word' id='word_1_39' title='bbox 1655 981 1710 1040; x_wconf 92' lang='lat' dir='ltr'><strong>im·</strong></span> 
     </span>
     <span class='ocr_line' id='line_1_6' title="bbox 431 1089 1710 1170; baseline -0.004 -19"><span class='ocrx_word' id='word_1_40' title='bbox 431 1091 539 1169; x_wconf 86' lang='lat' dir='ltr'><strong>primis</strong></span> <span class='ocrx_word' id='word_1_41' title='bbox 554 1111 593 1151; x_wconf 87' lang='lat' dir='ltr'><strong>ex</strong></span> <span class='ocrx_word' id='word_1_42' title='bbox 612 1111 660 1164; x_wconf 91' lang='lat' dir='ltr'><strong>eo,</strong></span> <span class='ocrx_word' id='word_1_43' title='bbox 677 1091 761 1170; x_wconf 92' lang='lat' dir='ltr'><strong>quod</strong></span> <span class='ocrx_word' id='word_1_44' title='bbox 780 1109 820 1150; x_wconf 89' lang='lat' dir='ltr'><strong>ne</strong></span> <span class='ocrx_word' id='word_1_45' title='bbox 836 1091 901 1149; x_wconf 89' lang='lat' dir='ltr'><strong>lors</strong></span> <span class='ocrx_word' id='word_1_46' title='bbox 917 1091 1067 1150; x_wconf 84' lang='lat' dir='ltr'><strong>innocens</strong></span> <span class='ocrx_word' id='word_1_47' title='bbox 1083 1109 1140 1170; x_wconf 93' lang='lat' dir='ltr'><strong>pro</strong></span> <span class='ocrx_word' id='word_1_48' title='bbox 1163 1099 1295 1150; x_wconf 85' lang='lat' dir='ltr'><strong>nocente</strong></span> <span class='ocrx_word' id='word_1_49' title='bbox 1312 1091 1471 1150; x_wconf 88' lang='lat' dir='ltr'><strong>conveniri</strong></span> <span class='ocrx_word' id='word_1_50' title='bbox 1488 1089 1710 1160; x_wconf 87' lang='lat' dir='ltr'><strong>admitteretur,</strong></span> 
     </span>
     <span class='ocr_line' id='line_1_7' title="bbox 429 1195 1710 1276; baseline -0.003 -18"><span class='ocrx_word' id='word_1_51' title='bbox 429 1198 511 1258; x_wconf 91' lang='lat' dir='ltr'><strong>sicut</strong></span> <span class='ocrx_word' id='word_1_52' title='bbox 540 1207 572 1258; x_wconf 90' lang='lat' dir='ltr'><strong>et</strong></span> <span class='ocrx_word' id='word_1_53' title='bbox 606 1217 645 1258; x_wconf 84' lang='lat' dir='ltr'><strong>ex</strong></span> <span class='ocrx_word' id='word_1_54' title='bbox 675 1199 745 1276; x_wconf 90' lang='lat' dir='ltr'><strong>ipso</strong></span> <span class='ocrx_word' id='word_1_55' title='bbox 776 1198 808 1256; x_wconf 92' lang='lat' dir='ltr'><strong>in</strong></span> <span class='ocrx_word' id='word_1_56' title='bbox 840 1197 971 1257; x_wconf 92' lang='lat' dir='ltr'><strong>articulo</strong></span> <span class='ocrx_word' id='word_1_57' title='bbox 1003 1195 1055 1258; x_wconf 83' lang='lat'><strong>30.</strong></span> <span class='ocrx_word' id='word_1_58' title='bbox 1085 1195 1177 1259; x_wconf 85' lang='lat'><strong>1723.</strong></span> <span class='ocrx_word' id='word_1_59' title='bbox 1201 1198 1332 1258; x_wconf 88' lang='lat' dir='ltr'><strong>actionis</strong></span> <span class='ocrx_word' id='word_1_60' title='bbox 1355 1207 1487 1258; x_wconf 89' lang='lat' dir='ltr'><strong>eatenus</strong></span> <span class='ocrx_word' id='word_1_61' title='bbox 1510 1195 1710 1256; x_wconf 72' lang='lat' dir='ltr'><strong>defectuosae</strong></span> 
     </span>
     <span class='ocr_line' id='line_1_8' title="bbox 428 1303 1709 1382; baseline -0.002 -18"><span class='ocrx_word' id='word_1_62' title='bbox 428 1305 632 1365; x_wconf 75' lang='lat' dir='ltr'><strong>fundamento</strong></span> <span class='ocrx_word' id='word_1_63' title='bbox 654 1313 776 1382; x_wconf 90' lang='lat' dir='ltr'><strong>peteret</strong></span> <span class='ocrx_word' id='word_1_64' title='bbox 799 1314 999 1382; x_wconf 87' lang='lat' dir='ltr'><strong>praetensam</strong></span> <span class='ocrx_word' id='word_1_65' title='bbox 1024 1305 1178 1364; x_wconf 87' lang='lat' dir='ltr'><strong>actionem</strong></span> <span class='ocrx_word' id='word_1_66' title='bbox 1204 1305 1461 1365; x_wconf 84' lang='lat' dir='ltr'><strong>condescensioni</strong></span> <span class='ocrx_word' id='word_1_67' title='bbox 1485 1303 1655 1378; x_wconf 84' lang='lat' dir='ltr'><strong>obnoxiari,</strong></span> <span class='ocrx_word' id='word_1_68' title='bbox 1678 1311 1709 1362; x_wconf 89' lang='lat' dir='ltr'><strong>et</strong></span> 
     </span>
     <span class='ocr_line' id='line_1_9' title="bbox 431 1410 1709 1491; baseline -0.003 -19"><span class='ocrx_word' id='word_1_69' title='bbox 431 1413 464 1472; x_wconf 93' lang='lat' dir='ltr'><strong>in</strong></span> <span class='ocrx_word' id='word_1_70' title='bbox 487 1412 606 1491; x_wconf 92' lang='lat' dir='ltr'><strong>reliquo</strong></span> <span class='ocrx_word' id='word_1_71' title='bbox 629 1411 804 1489; x_wconf 87' lang='lat' dir='ltr'><strong>praetensis</strong></span> <span class='ocrx_word' id='word_1_72' title='bbox 835 1411 995 1489; x_wconf 90' lang='lat' dir='ltr'><strong>productis</strong></span> <span class='ocrx_word' id='word_1_73' title='bbox 1019 1411 1243 1470; x_wconf 87' lang='lat' dir='ltr'><strong>communicari</strong></span> <span class='ocrx_word' id='word_1_74' title='bbox 1267 1411 1370 1488; x_wconf 90' lang='lat' dir='ltr'><strong>petitis</strong></span> <span class='ocrx_word' id='word_1_75' title='bbox 1394 1411 1478 1470; x_wconf 85' lang='lat' dir='ltr'><strong>iacta</strong></span> <span class='ocrx_word' id='word_1_76' title='bbox 1501 1410 1709 1470; x_wconf 91' lang='lat' dir='ltr'><strong>communica·</strong></span> 
     </span>
     <span class='ocr_line' id='line_1_10' title="bbox 428 1518 1710 1597; baseline -0.002 -19"><span class='ocrx_word' id='word_1_77' title='bbox 428 1519 513 1580; x_wconf 89' lang='lat' dir='ltr'><strong>tione</strong></span> <span class='ocrx_word' id='word_1_78' title='bbox 545 1519 725 1579; x_wconf 90' lang='lat' dir='ltr'><strong>solemniter</strong></span> <span class='ocrx_word' id='word_1_79' title='bbox 755 1537 851 1596; x_wconf 84' lang='lat' dir='ltr'><strong>super</strong></span> <span class='ocrx_word' id='word_1_80' title='bbox 882 1518 993 1577; x_wconf 88' lang='lat' dir='ltr'><strong>iisdem</strong></span> <span class='ocrx_word' id='word_1_81' title='bbox 1024 1519 1236 1597; x_wconf 84' lang='lat' dir='ltr'><strong>protestando,</strong></span> <span class='ocrx_word' id='word_1_82' title='bbox 1261 1519 1335 1578; x_wconf 90' lang='lat' dir='ltr'><strong>dicit</strong></span> <span class='ocrx_word' id='word_1_83' title='bbox 1370 1519 1481 1578; x_wconf 89' lang='lat' dir='ltr'><strong>eadem</strong></span> <span class='ocrx_word' id='word_1_84' title='bbox 1506 1518 1537 1577; x_wconf 93' lang='lat' dir='ltr'><strong>in</strong></span> <span class='ocrx_word' id='word_1_85' title='bbox 1561 1527 1710 1596; x_wconf 90' lang='lat' dir='ltr'><strong>quantum</strong></span> 
     </span>
     <span class='ocr_line' id='line_1_11' title="bbox 431 1620 1709 1705; baseline -0.002 -19"><span class='ocrx_word' id='word_1_86' title='bbox 431 1626 673 1705; x_wconf 88' lang='lat' dir='ltr'><strong>inquisitionalia</strong></span> <span class='ocrx_word' id='word_1_87' title='bbox 696 1633 806 1685; x_wconf 90' lang='lat' dir='ltr'><strong>contra</strong></span> <span class='ocrx_word' id='word_1_88' title='bbox 829 1625 1021 1685; x_wconf 88' lang='lat' dir='ltr'><strong>Dorotheam</strong></span> <span class='ocrx_word' id='word_1_89' title='bbox 1046 1620 1250 1686; x_wconf 85' lang='lat' dir='ltr'><strong>Trumbetas&#39;·</strong></span> <span class='ocrx_word' id='word_1_90' title='bbox 1278 1625 1452 1704; x_wconf 89' lang='lat' dir='ltr'><strong>respective</strong></span> <span class='ocrx_word' id='word_1_91' title='bbox 1470 1625 1580 1685; x_wconf 87' lang='lat' dir='ltr'><strong>merita</strong></span> <span class='ocrx_word' id='word_1_92' title='bbox 1602 1625 1709 1684; x_wconf 89' lang='lat' dir='ltr'><strong>reflec-</strong></span> 
     </span>
     <span class='ocr_line' id='line_1_12' title="bbox 431 1731 1709 1813; baseline -0.004 -19"><span class='ocrx_word' id='word_1_93' title='bbox 431 1735 534 1811; x_wconf 79' lang='lat' dir='ltr'><strong>terint,</strong></span> <span class='ocrx_word' id='word_1_94' title='bbox 564 1735 650 1794; x_wconf 89' lang='lat' dir='ltr'><strong>velut</strong></span> <span class='ocrx_word' id='word_1_95' title='bbox 673 1732 824 1810; x_wconf 90' lang='lat' dir='ltr'><strong>simplicia</strong></span> <span class='ocrx_word' id='word_1_96' title='bbox 848 1741 880 1792; x_wconf 91' lang='lat' dir='ltr'><strong>et</strong></span> <span class='ocrx_word' id='word_1_97' title='bbox 902 1733 1102 1806; x_wconf 90' lang='lat' dir='ltr'><strong>collateralia,</strong></span> <span class='ocrx_word' id='word_1_98' title='bbox 1131 1735 1275 1812; x_wconf 88' lang='lat' dir='ltr'><strong>adeoque</strong></span> <span class='ocrx_word' id='word_1_99' title='bbox 1297 1734 1370 1813; x_wconf 88' lang='lat' dir='ltr'><strong>lege</strong></span> <span class='ocrx_word' id='word_1_100' title='bbox 1394 1734 1484 1813; x_wconf 85' lang='lat' dir='ltr'><strong>regni</strong></span> <span class='ocrx_word' id='word_1_101' title='bbox 1508 1733 1600 1806; x_wconf 86' lang='lat' dir='ltr'><strong>nulla,</strong></span> <span class='ocrx_word' id='word_1_102' title='bbox 1624 1731 1709 1790; x_wconf 89' lang='lat' dir='ltr'><strong>etin</strong></span> 
     </span>
     <span class='ocr_line' id='line_1_13' title="bbox 434 1839 1710 1920; baseline -0.005 -18"><span class='ocrx_word' id='word_1_103' title='bbox 434 1843 501 1902; x_wconf 88' lang='lat' dir='ltr'><strong>iure</strong></span> <span class='ocrx_word' id='word_1_104' title='bbox 524 1842 627 1902; x_wconf 91' lang='lat' dir='ltr'><strong>locum</strong></span> <span class='ocrx_word' id='word_1_105' title='bbox 657 1841 775 1900; x_wconf 89' lang='lat' dir='ltr'><strong>habere</strong></span> <span class='ocrx_word' id='word_1_106' title='bbox 806 1841 997 1918; x_wconf 88' lang='lat' dir='ltr'><strong>nequeuntia</strong></span> <span class='ocrx_word' id='word_1_107' title='bbox 1019 1841 1050 1900; x_wconf 93' lang='lat' dir='ltr'><strong>in</strong></span> <span class='ocrx_word' id='word_1_108' title='bbox 1075 1841 1262 1920; x_wconf 91' lang='lat' dir='ltr'><strong>quibusdam</strong></span> <span class='ocrx_word' id='word_1_109' title='bbox 1287 1841 1516 1919; x_wconf 88' lang='lat' dir='ltr'><strong>praetextuosis</strong></span> <span class='ocrx_word' id='word_1_110' title='bbox 1540 1839 1710 1900; x_wconf 87' lang='lat' dir='ltr'><strong>visionibus</strong></span> 
     </span>
     <span class='ocr_line' id='line_1_14' title="bbox 432 1947 1708 2027; baseline -0.003 -17"><span class='ocrx_word' id='word_1_111' title='bbox 432 1949 627 2010; x_wconf 87' lang='lat' dir='ltr'><strong>somniativis</strong></span> <span class='ocrx_word' id='word_1_112' title='bbox 649 1957 681 2008; x_wconf 87' lang='lat' dir='ltr'><strong>et</strong></span> <span class='ocrx_word' id='word_1_113' title='bbox 704 1947 898 2027; x_wconf 82' lang='lat' dir='ltr'><strong>imaginariis</strong></span> <span class='ocrx_word' id='word_1_114' title='bbox 925 1947 1059 2026; x_wconf 90' lang='lat' dir='ltr'><strong>propriis</strong></span> <span class='ocrx_word' id='word_1_115' title='bbox 1081 1947 1245 2010; x_wconf 85' lang='lat' dir='ltr'><strong>fatentium</strong></span> <span class='ocrx_word' id='word_1_116' title='bbox 1279 1949 1511 2022; x_wconf 88' lang='lat' dir='ltr'><strong>assertionibus,</strong></span> <span class='ocrx_word' id='word_1_117' title='bbox 1542 1949 1708 2008; x_wconf 91' lang='lat' dir='ltr'><strong>minarum·</strong></span> 
     </span>
     <span class='ocr_line' id='line_1_15' title="bbox 431 2055 1709 2134; baseline -0.002 -18"><span class='ocrx_word' id='word_1_118' title='bbox 431 2075 492 2134; x_wconf 91' lang='lat' dir='ltr'><strong>que</strong></span> <span class='ocrx_word' id='word_1_119' title='bbox 516 2055 769 2134; x_wconf 82' lang='lat' dir='ltr'><strong>expressionibus</strong></span> <span class='ocrx_word' id='word_1_120' title='bbox 791 2056 936 2134; x_wconf 89' lang='lat' dir='ltr'><strong>propriae</strong></span> <span class='ocrx_word' id='word_1_121' title='bbox 961 2057 1168 2116; x_wconf 88' lang='lat' dir='ltr'><strong>asserentium</strong></span> <span class='ocrx_word' id='word_1_122' title='bbox 1192 2057 1320 2116; x_wconf 87' lang='lat' dir='ltr'><strong>lassioni</strong></span> <span class='ocrx_word' id='word_1_123' title='bbox 1353 2057 1447 2116; x_wconf 83' lang='lat' dir='ltr'><strong>iidem</strong></span> <span class='ocrx_word' id='word_1_124' title='bbox 1481 2056 1607 2116; x_wconf 91' lang='lat' dir='ltr'><strong>minime</strong></span> <span class='ocrx_word' id='word_1_125' title='bbox 1638 2074 1709 2114; x_wconf 91' lang='lat' dir='ltr'><strong>con·</strong></span> 
     </span>
     <span class='ocr_line' id='line_1_16' title="bbox 430 2162 1707 2242; baseline -0.003 -18"><span class='ocrx_word' id='word_1_126' title='bbox 430 2163 628 2224; x_wconf 89' lang='lat' dir='ltr'><strong>tribuendam</strong></span> <span class='ocrx_word' id='word_1_127' title='bbox 651 2162 842 2222; x_wconf 88' lang='lat' dir='ltr'><strong>considerari</strong></span> <span class='ocrx_word' id='word_1_128' title='bbox 866 2163 950 2222; x_wconf 88' lang='lat' dir='ltr'><strong>haud</strong></span> <span class='ocrx_word' id='word_1_129' title='bbox 973 2163 1102 2236; x_wconf 87' lang='lat' dir='ltr'><strong>valeret,</strong></span> <span class='ocrx_word' id='word_1_130' title='bbox 1127 2164 1231 2242; x_wconf 91' lang='lat' dir='ltr'><strong>qualia</strong></span> <span class='ocrx_word' id='word_1_131' title='bbox 1255 2164 1349 2223; x_wconf 89' lang='lat' dir='ltr'><strong>etiam</strong></span> <span class='ocrx_word' id='word_1_132' title='bbox 1373 2163 1481 2241; x_wconf 87' lang='lat' dir='ltr'><strong>seponi</strong></span> <span class='ocrx_word' id='word_1_133' title='bbox 1505 2162 1649 2242; x_wconf 88' lang='lat' dir='ltr'><strong>petendo,</strong></span> <span class='ocrx_word' id='word_1_134' title='bbox 1667 2162 1707 2220; x_wconf 93' lang='lat' dir='ltr'><strong>ita</strong></span> 
     </span>
     <span class='ocr_line' id='line_1_17' title="bbox 431 2269 1707 2350; baseline -0.003 -18"><span class='ocrx_word' id='word_1_135' title='bbox 431 2280 615 2350; x_wconf 88' lang='lat' dir='ltr'><strong>praetensas</strong></span> <span class='ocrx_word' id='word_1_136' title='bbox 638 2280 703 2330; x_wconf 88' lang='lat' dir='ltr'><strong>tam</strong></span> <span class='ocrx_word' id='word_1_137' title='bbox 725 2279 871 2347; x_wconf 87' lang='lat' dir='ltr'><strong>respectu</strong></span> <span class='ocrx_word' id='word_1_138' title='bbox 902 2279 1126 2348; x_wconf 85' lang='lat' dir='ltr'><strong>praeattactae,</strong></span> <span class='ocrx_word' id='word_1_139' title='bbox 1158 2291 1253 2350; x_wconf 89' lang='lat' dir='ltr'><strong>quam</strong></span> <span class='ocrx_word' id='word_1_140' title='bbox 1277 2271 1465 2350; x_wconf 87' lang='lat' dir='ltr'><strong>reliquarum</strong></span> <span class='ocrx_word' id='word_1_141' title='bbox 1497 2271 1578 2332; x_wconf 92' lang='lat' dir='ltr'><strong>sicut</strong></span> <span class='ocrx_word' id='word_1_142' title='bbox 1601 2279 1632 2330; x_wconf 92' lang='lat' dir='ltr'><strong>et</strong></span> <span class='ocrx_word' id='word_1_143' title='bbox 1655 2269 1707 2328; x_wconf 87' lang='lat' dir='ltr'><strong>Ni·</strong></span> 
     </span>
     <span class='ocr_line' id='line_1_18' title="bbox 431 2377 1709 2456; baseline -0.005 -16"><span class='ocrx_word' id='word_1_144' title='bbox 431 2378 511 2440; x_wconf 83' lang='lat' dir='ltr'><strong>colai</strong></span> <span class='ocrx_word' id='word_1_145' title='bbox 534 2377 732 2437; x_wconf 90' lang='lat' dir='ltr'><strong>Dauutouich</strong></span> <span class='ocrx_word' id='word_1_146' title='bbox 748 2385 780 2436; x_wconf 91' lang='lat' dir='ltr'><strong>et</strong></span> <span class='ocrx_word' id='word_1_147' title='bbox 794 2385 1032 2456; x_wconf 85' lang='lat' dir='ltr'><strong>praetensamm</strong></span> <span class='ocrx_word' id='word_1_148' title='bbox 1056 2377 1189 2456; x_wconf 91' lang='lat' dir='ltr'><strong>partium</strong></span> <span class='ocrx_word' id='word_1_149' title='bbox 1213 2379 1244 2438; x_wconf 91' lang='lat' dir='ltr'><strong>in</strong></span> <span class='ocrx_word' id='word_1_150' title='bbox 1269 2398 1398 2439; x_wconf 89' lang='lat' dir='ltr'><strong>causam</strong></span> <span class='ocrx_word' id='word_1_151' title='bbox 1415 2386 1616 2438; x_wconf 85' lang='lat' dir='ltr'><strong>attractamm</strong></span> <span class='ocrx_word' id='word_1_152' title='bbox 1633 2393 1709 2456; x_wconf 85' lang='lat' dir='ltr'><strong>erga</strong></span> 
     </span>
     <span class='ocr_line' id='line_1_19' title="bbox 430 2483 1708 2564; baseline -0.003 -17"><span class='ocrx_word' id='word_1_153' title='bbox 430 2485 593 2547; x_wconf 88' lang='lat' dir='ltr'><strong>torturalia</strong></span> <span class='ocrx_word' id='word_1_154' title='bbox 623 2485 841 2544; x_wconf 88' lang='lat' dir='ltr'><strong>nonnullarum</strong></span> <span class='ocrx_word' id='word_1_155' title='bbox 869 2483 985 2544; x_wconf 91' lang='lat' dir='ltr'><strong>ibidem</strong></span> <span class='ocrx_word' id='word_1_156' title='bbox 1010 2484 1228 2545; x_wconf 84' lang='lat' dir='ltr'><strong>denotatamm</strong></span> <span class='ocrx_word' id='word_1_157' title='bbox 1252 2487 1403 2564; x_wconf 92' lang='lat' dir='ltr'><strong>supplicio</strong></span> <span class='ocrx_word' id='word_1_158' title='bbox 1428 2486 1609 2546; x_wconf 84' lang='lat' dir='ltr'><strong>affectamm</strong></span> <span class='ocrx_word' id='word_1_159' title='bbox 1640 2503 1708 2563; x_wconf 91' lang='lat' dir='ltr'><strong>per-</strong></span> 
     </span>
     <span class='ocr_line' id='line_1_20' title="bbox 432 2591 1707 2673; baseline -0.003 -19"><span class='ocrx_word' id='word_1_160' title='bbox 432 2611 581 2654; x_wconf 84' lang='lat' dir='ltr'><strong>sonarum</strong></span> <span class='ocrx_word' id='word_1_161' title='bbox 603 2591 758 2664; x_wconf 91' lang='lat' dir='ltr'><strong>examina,</strong></span> <span class='ocrx_word' id='word_1_162' title='bbox 780 2591 935 2651; x_wconf 86' lang='lat' dir='ltr'><strong>tassiones</strong></span> <span class='ocrx_word' id='word_1_163' title='bbox 958 2601 1121 2671; x_wconf 88' lang='lat' dir='ltr'><strong>tamquam</strong></span> <span class='ocrx_word' id='word_1_164' title='bbox 1145 2592 1306 2652; x_wconf 88' lang='lat' dir='ltr'><strong>inlamium</strong></span> <span class='ocrx_word' id='word_1_165' title='bbox 1331 2603 1362 2652; x_wconf 90' lang='lat' dir='ltr'><strong>et</strong></span> <span class='ocrx_word' id='word_1_166' title='bbox 1386 2613 1444 2653; x_wconf 89' lang='lat' dir='ltr'><strong>sua</strong></span> <span class='ocrx_word' id='word_1_167' title='bbox 1467 2593 1562 2673; x_wconf 86' lang='lat' dir='ltr'><strong>legali</strong></span> <span class='ocrx_word' id='word_1_168' title='bbox 1586 2592 1646 2652; x_wconf 86' lang='lat' dir='ltr'><strong>fide</strong></span> <span class='ocrx_word' id='word_1_169' title='bbox 1670 2610 1707 2650; x_wconf 84' lang='lat' dir='ltr'><strong>ex</strong></span> 
     </span>
     <span class='ocr_line' id='line_1_21' title="bbox 431 2699 1709 2779; baseline -0.002 -19"><span class='ocrx_word' id='word_1_170' title='bbox 431 2701 635 2761; x_wconf 81' lang='lat' dir='ltr'><strong>fundamento</strong></span> <span class='ocrx_word' id='word_1_171' title='bbox 650 2700 745 2759; x_wconf 90' lang='lat' dir='ltr'><strong>etiam</strong></span> <span class='ocrx_word' id='word_1_172' title='bbox 760 2699 865 2779; x_wconf 89' lang='lat' dir='ltr'><strong>praxis</strong></span> <span class='ocrx_word' id='word_1_173' title='bbox 881 2699 1050 2758; x_wconf 88' lang='lat' dir='ltr'><strong>criminalis</strong></span> <span class='ocrx_word' id='word_1_174' title='bbox 1075 2709 1153 2778; x_wconf 76' lang='lat' dir='ltr'><strong>part„</strong></span> <span class='ocrx_word' id='word_1_175' title='bbox 1170 2701 1190 2760; x_wconf 94' lang='lat' dir='ltr'><strong>l.</strong></span> <span class='ocrx_word' id='word_1_176' title='bbox 1208 2702 1328 2762; x_wconf 89' lang='lat' dir='ltr'><strong>articul.</strong></span> <span class='ocrx_word' id='word_1_177' title='bbox 1343 2700 1428 2779; x_wconf 78' lang='lat'>21.§</span> <span class='ocrx_word' id='word_1_178' title='bbox 1449 2701 1474 2763; x_wconf 93' lang='lat' dir='ltr'><strong>l.</strong></span> <span class='ocrx_word' id='word_1_179' title='bbox 1492 2701 1709 2761; x_wconf 86' lang='lat' dir='ltr'><strong>destitutarum</strong></span> 
     </span>
     <span class='ocr_line' id='line_1_22' title="bbox 431 2808 1707 2887; baseline -0.002 -17"><span class='ocrx_word' id='word_1_180' title='bbox 431 2811 472 2871; x_wconf 93' lang='lat' dir='ltr'><strong>de</strong></span> <span class='ocrx_word' id='word_1_181' title='bbox 502 2811 632 2870; x_wconf 85' lang='lat' dir='ltr'><strong>honeste</strong></span> <span class='ocrx_word' id='word_1_182' title='bbox 665 2817 737 2869; x_wconf 89' lang='lat' dir='ltr'><strong>acta</strong></span> <span class='ocrx_word' id='word_1_183' title='bbox 767 2808 831 2867; x_wconf 92' lang='lat' dir='ltr'><strong>vita</strong></span> <span class='ocrx_word' id='word_1_184' title='bbox 862 2809 966 2886; x_wconf 87' lang='lat' dir='ltr'><strong>palam</strong></span> <span class='ocrx_word' id='word_1_185' title='bbox 999 2810 1226 2869; x_wconf 89' lang='lat' dir='ltr'><strong>commendatis</strong></span> <span class='ocrx_word' id='word_1_186' title='bbox 1257 2810 1408 2887; x_wconf 71' lang='lat' dir='ltr'><strong>personis</strong></span> <span class='ocrx_word' id='word_1_187' title='bbox 1431 2820 1463 2870; x_wconf 89' lang='lat' dir='ltr'><strong>et</strong></span> <span class='ocrx_word' id='word_1_188' title='bbox 1486 2810 1590 2870; x_wconf 88' lang='lat' dir='ltr'><strong>nefors</strong></span> <span class='ocrx_word' id='word_1_189' title='bbox 1619 2827 1707 2868; x_wconf 90' lang='lat' dir='ltr'><strong>reno-</strong></span> 
     </span>
     <span class='ocr_line' id='line_1_23' title="bbox 431 2916 1708 2994; baseline -0.002 -19"><span class='ocrx_word' id='word_1_190' title='bbox 431 2928 525 2977; x_wconf 90' lang='lat' dir='ltr'><strong>vatae</strong></span> <span class='ocrx_word' id='word_1_191' title='bbox 557 2925 650 2994; x_wconf 90' lang='lat' dir='ltr'><strong>prout</strong></span> <span class='ocrx_word' id='word_1_192' title='bbox 679 2916 760 2975; x_wconf 89' lang='lat' dir='ltr'><strong>tales</strong></span> <span class='ocrx_word' id='word_1_193' title='bbox 790 2934 848 2974; x_wconf 90' lang='lat' dir='ltr'><strong>suo</strong></span> <span class='ocrx_word' id='word_1_194' title='bbox 879 2923 1020 2993; x_wconf 88' lang='lat' dir='ltr'><strong>tempore</strong></span> <span class='ocrx_word' id='word_1_195' title='bbox 1045 2916 1242 2993; x_wconf 91' lang='lat' dir='ltr'><strong>comprobari</strong></span> <span class='ocrx_word' id='word_1_196' title='bbox 1267 2919 1415 2987; x_wconf 86' lang='lat' dir='ltr'><strong>valerent,</strong></span> <span class='ocrx_word' id='word_1_197' title='bbox 1440 2925 1471 2976; x_wconf 93' lang='lat' dir='ltr'><strong>et</strong></span> <span class='ocrx_word' id='word_1_198' title='bbox 1494 2917 1520 2977; x_wconf 92' lang='lat' dir='ltr'><strong>si</strong></span> <span class='ocrx_word' id='word_1_199' title='bbox 1544 2934 1708 2977; x_wconf 89' lang='lat' dir='ltr'><strong>necessum</strong></span> 
     </span>
     <span class='ocr_line' id='line_1_24' title="bbox 431 3022 1708 3103; baseline -0.002 -18"><span class='ocrx_word' id='word_1_200' title='bbox 431 3024 524 3085; x_wconf 89' lang='lat' dir='ltr'><strong>luerit</strong></span> <span class='ocrx_word' id='word_1_201' title='bbox 547 3022 800 3101; x_wconf 89' lang='lat' dir='ltr'><strong>comprobandae</strong></span> <span class='ocrx_word' id='word_1_202' title='bbox 825 3032 1035 3095; x_wconf 87' lang='lat' dir='ltr'><strong>reservantur,</strong></span> <span class='ocrx_word' id='word_1_203' title='bbox 1059 3022 1133 3081; x_wconf 91' lang='lat' dir='ltr'><strong>nihil</strong></span> <span class='ocrx_word' id='word_1_204' title='bbox 1156 3024 1311 3103; x_wconf 86' lang='lat' dir='ltr'><strong>derogare</strong></span> <span class='ocrx_word' id='word_1_205' title='bbox 1336 3025 1486 3097; x_wconf 86' lang='lat' dir='ltr'><strong>nolentes,</strong></span> <span class='ocrx_word' id='word_1_206' title='bbox 1501 3044 1563 3083; x_wconf 93' lang='lat' dir='ltr'><strong>non</strong></span> <span class='ocrx_word' id='word_1_207' title='bbox 1581 3024 1620 3083; x_wconf 89' lang='lat' dir='ltr'><strong>ad</strong></span> <span class='ocrx_word' id='word_1_208' title='bbox 1637 3042 1708 3083; x_wconf 91' lang='lat' dir='ltr'><strong>con·</strong></span> 
     </span>
     <span class='ocr_line' id='line_1_25' title="bbox 429 3129 1704 3208; baseline -0.003 -15"><span class='ocrx_word' id='word_1_209' title='bbox 429 3130 624 3193; x_wconf 88' lang='lat' dir='ltr'><strong>demnandas</strong></span> <span class='ocrx_word' id='word_1_210' title='bbox 647 3130 679 3188; x_wconf 92' lang='lat' dir='ltr'><strong>in</strong></span> <span class='ocrx_word' id='word_1_211' title='bbox 694 3148 823 3189; x_wconf 90' lang='lat' dir='ltr'><strong>causam</strong></span> <span class='ocrx_word' id='word_1_212' title='bbox 843 3138 993 3189; x_wconf 86' lang='lat' dir='ltr'><strong>attractas</strong></span> <span class='ocrx_word' id='word_1_213' title='bbox 1010 3129 1145 3208; x_wconf 86' lang='lat' dir='ltr'><strong>aliquam</strong></span> <span class='ocrx_word' id='word_1_214' title='bbox 1169 3132 1310 3207; x_wconf 87' lang='lat' dir='ltr'><strong>probam,</strong></span> <span class='ocrx_word' id='word_1_215' title='bbox 1334 3151 1441 3193; x_wconf 80' lang='lat' dir='ltr'><strong>verum</strong></span> <span class='ocrx_word' id='word_1_216' title='bbox 1466 3131 1506 3191; x_wconf 92' lang='lat' dir='ltr'><strong>ad</strong></span> <span class='ocrx_word' id='word_1_217' title='bbox 1530 3131 1704 3191; x_wconf 89' lang='lat' dir='ltr'><strong>uberiorem</strong></span> 
     </span>
     <span class='ocr_line' id='line_1_26' title="bbox 430 3237 1707 3317; baseline -0.003 -16"><span class='ocrx_word' id='word_1_218' title='bbox 430 3241 592 3301; x_wconf 88' lang='lat' dir='ltr'><strong>dumtaxat</strong></span> <span class='ocrx_word' id='word_1_219' title='bbox 622 3238 795 3317; x_wconf 85' lang='lat' dir='ltr'><strong>legitimam</strong></span> <span class='ocrx_word' id='word_1_220' title='bbox 829 3237 1059 3316; x_wconf 87' lang='lat' dir='ltr'><strong>inquisitionem</strong></span> <span class='ocrx_word' id='word_1_221' title='bbox 1093 3238 1178 3297; x_wconf 85' lang='lat' dir='ltr'><strong>iuxta</strong></span> <span class='ocrx_word' id='word_1_222' title='bbox 1209 3238 1315 3316; x_wconf 86' lang='lat' dir='ltr'><strong>praxis</strong></span> <span class='ocrx_word' id='word_1_223' title='bbox 1347 3239 1514 3299; x_wconf 88' lang='lat' dir='ltr'><strong>criminalis</strong></span> <span class='ocrx_word' id='word_1_224' title='bbox 1538 3238 1636 3316; x_wconf 90' lang='lat' dir='ltr'><strong>partis</strong></span> <span class='ocrx_word' id='word_1_225' title='bbox 1659 3258 1707 3297; x_wconf 91' lang='lat' dir='ltr'><strong>se·</strong></span> 
     </span>
     <span class='ocr_line' id='line_1_27' title="bbox 430 3343 1708 3424; baseline -0.002 -16"><span class='ocrx_word' id='word_1_226' title='bbox 430 3348 561 3420; x_wconf 86' lang='lat' dir='ltr'><strong>eundae,</strong></span> <span class='ocrx_word' id='word_1_227' title='bbox 578 3346 698 3405; x_wconf 91' lang='lat' dir='ltr'><strong>articuli</strong></span> <span class='ocrx_word' id='word_1_228' title='bbox 709 3343 772 3418; x_wconf 80' lang='lat'><strong>60,</strong></span> <span class='ocrx_word' id='word_1_229' title='bbox 787 3345 1021 3424; x_wconf 81' lang='lat' dir='ltr'><strong>paragraphum</strong></span> <span class='ocrx_word' id='word_1_230' title='bbox 1043 3344 1067 3405; x_wconf 91' lang='lat' dir='ltr'><strong>l.</strong></span> <span class='ocrx_word' id='word_1_231' title='bbox 1083 3346 1340 3422; x_wconf 80' lang='lat' dir='ltr'><strong>consumendam,</strong></span> <span class='ocrx_word' id='word_1_232' title='bbox 1357 3356 1462 3407; x_wconf 89' lang='lat' dir='ltr'><strong>essent</strong></span> <span class='ocrx_word' id='word_1_233' title='bbox 1478 3346 1592 3406; x_wconf 91' lang='lat' dir='ltr'><strong>iudicia</strong></span> <span class='ocrx_word' id='word_1_234' title='bbox 1607 3346 1708 3406; x_wconf 91' lang='lat' dir='ltr'><strong>cuius·</strong></span> 
     </span>
     <span class='ocr_line' id='line_1_28' title="bbox 432 3451 1709 3531; baseline -0.003 -16"><span class='ocrx_word' id='word_1_235' title='bbox 432 3455 516 3515; x_wconf 91' lang='lat' dir='ltr'><strong>modi</strong></span> <span class='ocrx_word' id='word_1_236' title='bbox 531 3451 783 3531; x_wconf 89' lang='lat' dir='ltr'><strong>inquisitionibus</strong></span> <span class='ocrx_word' id='word_1_237' title='bbox 797 3460 906 3511; x_wconf 91' lang='lat' dir='ltr'><strong>contra</strong></span> <span class='ocrx_word' id='word_1_238' title='bbox 923 3452 1051 3511; x_wconf 90' lang='lat' dir='ltr'><strong>easdem</strong></span> <span class='ocrx_word' id='word_1_239' title='bbox 1068 3453 1098 3511; x_wconf 92' lang='lat' dir='ltr'><strong>in</strong></span> <span class='ocrx_word' id='word_1_240' title='bbox 1115 3471 1243 3513; x_wconf 90' lang='lat' dir='ltr'><strong>causam</strong></span> <span class='ocrx_word' id='word_1_241' title='bbox 1264 3462 1413 3514; x_wconf 87' lang='lat' dir='ltr'><strong>attractas</strong></span> <span class='ocrx_word' id='word_1_242' title='bbox 1429 3473 1490 3513; x_wconf 91' lang='lat' dir='ltr'><strong>non</strong></span> <span class='ocrx_word' id='word_1_243' title='bbox 1508 3454 1709 3513; x_wconf 86' lang='lat' dir='ltr'><strong>existentibus</strong></span> 
     </span>
     <span class='ocr_line' id='line_1_29' title="bbox 431 3558 1709 3641; baseline -0.001 -20"><span class='ocrx_word' id='word_1_244' title='bbox 431 3562 464 3621; x_wconf 92' lang='lat' dir='ltr'><strong>in</strong></span> <span class='ocrx_word' id='word_1_245' title='bbox 488 3568 638 3638; x_wconf 91' lang='lat' dir='ltr'><strong>quantum</strong></span> <span class='ocrx_word' id='word_1_246' title='bbox 662 3558 767 3619; x_wconf 85' lang='lat' dir='ltr'><strong>nelors</strong></span> <span class='ocrx_word' id='word_1_247' title='bbox 790 3576 830 3617; x_wconf 85' lang='lat' dir='ltr'><strong>ex</strong></span> <span class='ocrx_word' id='word_1_248' title='bbox 853 3567 942 3635; x_wconf 87' lang='lat' dir='ltr'><strong>parte</strong></span> <span class='ocrx_word' id='word_1_249' title='bbox 966 3568 1180 3636; x_wconf 88' lang='lat' dir='ltr'><strong>praeattactae</strong></span> <span class='ocrx_word' id='word_1_250' title='bbox 1204 3560 1428 3641; x_wconf 81' lang='lat' dir='ltr'><strong>Margarethae</strong></span> <span class='ocrx_word' id='word_1_251' title='bbox 1446 3561 1597 3637; x_wconf 86' lang='lat' dir='ltr'><strong>Czunyek</strong></span> <span class='ocrx_word' id='word_1_252' title='bbox 1615 3561 1709 3639; x_wconf 89' lang='lat' dir='ltr'><strong>(quod</strong></span> 
     </span>
     <span class='ocr_line' id='line_1_30' title="bbox 431 3665 1708 3746; baseline 0.001 -20"><span class='ocrx_word' id='word_1_253' title='bbox 431 3667 547 3726; x_wconf 90' lang='lat' dir='ltr'><strong>nimine</strong></span> <span class='ocrx_word' id='word_1_254' title='bbox 578 3669 768 3743; x_wconf 72' lang='lat' dir='ltr'><strong>speraretur)</strong></span> <span class='ocrx_word' id='word_1_255' title='bbox 800 3665 894 3744; x_wconf 84' lang='lat' dir='ltr'><strong>legali</strong></span> <span class='ocrx_word' id='word_1_256' title='bbox 926 3666 1023 3743; x_wconf 89' lang='lat' dir='ltr'><strong>petito</strong></span> <span class='ocrx_word' id='word_1_257' title='bbox 1056 3666 1169 3725; x_wconf 89' lang='lat' dir='ltr'><strong>delerri</strong></span> <span class='ocrx_word' id='word_1_258' title='bbox 1201 3686 1263 3725; x_wconf 90' lang='lat' dir='ltr'><strong>non</strong></span> <span class='ocrx_word' id='word_1_259' title='bbox 1291 3666 1495 3746; x_wconf 87' lang='lat' dir='ltr'><strong>contingeret,</strong></span> <span class='ocrx_word' id='word_1_260' title='bbox 1518 3686 1575 3745; x_wconf 90' lang='lat' dir='ltr'><strong>pro</strong></span> <span class='ocrx_word' id='word_1_261' title='bbox 1599 3668 1708 3727; x_wconf 90' lang='lat' dir='ltr'><strong>eadem</strong></span> 
     </span>
     <span class='ocr_line' id='line_1_31' title="bbox 430 3770 1708 3853; baseline 0.001 -21"><span class='ocrx_word' id='word_1_262' title='bbox 430 3791 555 3851; x_wconf 90' lang='lat' dir='ltr'><strong>quoque</strong></span> <span class='ocrx_word' id='word_1_263' title='bbox 579 3770 758 3849; x_wconf 88' lang='lat' dir='ltr'><strong>praemissis</strong></span> <span class='ocrx_word' id='word_1_264' title='bbox 782 3771 960 3851; x_wconf 84' lang='lat' dir='ltr'><strong>inallegatis</strong></span> <span class='ocrx_word' id='word_1_265' title='bbox 981 3772 1605 3853; x_wconf 84' lang='lat' dir='ltr'><strong>applicandis,interpositaqueexparte</strong></span> <span class='ocrx_word' id='word_1_266' title='bbox 1629 3777 1708 3837; x_wconf 87' lang='lat' dir='ltr'><strong>eius-</strong></span> 
     </span>
     <span class='ocr_line' id='line_1_32' title="bbox 432 3877 1709 3956; baseline 0.002 -17"><span class='ocrx_word' id='word_1_267' title='bbox 432 3880 505 3939; x_wconf 92' lang='lat' dir='ltr'><strong>dem</strong></span> <span class='ocrx_word' id='word_1_268' title='bbox 528 3897 653 3956; x_wconf 89' lang='lat' dir='ltr'><strong>quoque</strong></span> <span class='ocrx_word' id='word_1_269' title='bbox 677 3877 816 3937; x_wconf 90' lang='lat' dir='ltr'><strong>omnium</strong></span> <span class='ocrx_word' id='word_1_270' title='bbox 846 3878 878 3937; x_wconf 89' lang='lat' dir='ltr'><strong>in</strong></span> <span class='ocrx_word' id='word_1_271' title='bbox 910 3897 1039 3938; x_wconf 89' lang='lat' dir='ltr'><strong>causam</strong></span> <span class='ocrx_word' id='word_1_272' title='bbox 1064 3889 1267 3940; x_wconf 88' lang='lat' dir='ltr'><strong>attractarum</strong></span> <span class='ocrx_word' id='word_1_273' title='bbox 1301 3881 1498 3941; x_wconf 87' lang='lat' dir='ltr'><strong>actionalium</strong></span> <span class='ocrx_word' id='word_1_274' title='bbox 1531 3882 1709 3941; x_wconf 84' lang='lat' dir='ltr'><strong>meritorum</strong></span> 
     </span>
     <span class='ocr_line' id='line_1_33' title="bbox 432 3985 1708 4065; baseline 0.002 -19"><span class='ocrx_word' id='word_1_275' title='bbox 432 4006 470 4046; x_wconf 87' lang='lat' dir='ltr'><strong>ex</strong></span> <span class='ocrx_word' id='word_1_276' title='bbox 494 3986 617 4063; x_wconf 85' lang='lat' dir='ltr'><strong>integro</strong></span> <span class='ocrx_word' id='word_1_277' title='bbox 641 3994 672 4044; x_wconf 93' lang='lat' dir='ltr'><strong>et</strong></span> <span class='ocrx_word' id='word_1_278' title='bbox 695 3985 737 4044; x_wconf 90' lang='lat' dir='ltr'><strong>ad</strong></span> <span class='ocrx_word' id='word_1_279' title='bbox 759 3994 854 4063; x_wconf 91' lang='lat' dir='ltr'><strong>caput</strong></span> <span class='ocrx_word' id='word_1_280' title='bbox 869 3987 1028 4065; x_wconf 81' lang='lat' dir='ltr'><strong>negativa,</strong></span> <span class='ocrx_word' id='word_1_281' title='bbox 1052 3987 1082 4045; x_wconf 92' lang='lat' dir='ltr'><strong>in</strong></span> <span class='ocrx_word' id='word_1_282' title='bbox 1107 3987 1168 4045; x_wconf 91' lang='lat' dir='ltr'><strong>vim</strong></span> <span class='ocrx_word' id='word_1_283' title='bbox 1194 3988 1281 4047; x_wconf 89' lang='lat' dir='ltr'><strong>cuius</strong></span> <span class='ocrx_word' id='word_1_284' title='bbox 1305 3988 1331 4047; x_wconf 88' lang='lat' dir='ltr'><strong>si</strong></span> <span class='ocrx_word' id='word_1_285' title='bbox 1355 3988 1412 4047; x_wconf 91' lang='lat' dir='ltr'><strong>iuri</strong></span> <span class='ocrx_word' id='word_1_286' title='bbox 1436 3989 1536 4049; x_wconf 90' lang='lat' dir='ltr'><strong>visum</strong></span> <span class='ocrx_word' id='word_1_287' title='bbox 1557 3990 1648 4050; x_wconf 86' lang='lat' dir='ltr'><strong>fuerit</strong></span> <span class='ocrx_word' id='word_1_288' title='bbox 1671 4008 1708 4049; x_wconf 90' lang='lat' dir='ltr'><strong>ex</strong></span> 
     </span>
     <span class='ocr_line' id='line_1_34' title="bbox 432 4093 1708 4175; baseline 0.002 -20"><span class='ocrx_word' id='word_1_289' title='bbox 432 4093 697 4172; x_wconf 85' lang='lat' dir='ltr'><strong>superabundanti</strong></span> <span class='ocrx_word' id='word_1_290' title='bbox 720 4093 873 4171; x_wconf 90' lang='lat' dir='ltr'><strong>corporali</strong></span> <span class='ocrx_word' id='word_1_291' title='bbox 906 4112 945 4153; x_wconf 88' lang='lat' dir='ltr'><strong>ne</strong></span> <span class='ocrx_word' id='word_1_292' title='bbox 978 4094 1042 4153; x_wconf 88' lang='lat' dir='ltr'><strong>lors</strong></span> <span class='ocrx_word' id='word_1_293' title='bbox 1073 4095 1168 4154; x_wconf 90' lang='lat' dir='ltr'><strong>ductu</strong></span> <span class='ocrx_word' id='word_1_294' title='bbox 1200 4096 1293 4155; x_wconf 86' lang='lat' dir='ltr'><strong>etiam</strong></span> <span class='ocrx_word' id='word_1_295' title='bbox 1317 4096 1397 4175; x_wconf 76' lang='lat' dir='ltr'><strong>legis</strong></span> <span class='ocrx_word' id='word_1_296' title='bbox 1421 4098 1540 4173; x_wconf 85' lang='lat' dir='ltr'><strong>patriae</strong></span> <span class='ocrx_word' id='word_1_297' title='bbox 1569 4118 1630 4157; x_wconf 93' lang='lat' dir='ltr'><strong>non</strong></span> <span class='ocrx_word' id='word_1_298' title='bbox 1655 4098 1708 4157; x_wconf 93' lang='lat' dir='ltr'><strong>ad·</strong></span> 
     </span>
     <span class='ocr_line' id='line_1_35' title="bbox 434 4199 1709 4285; baseline 0.003 -24"><span class='ocrx_word' id='word_1_299' title='bbox 434 4203 531 4261; x_wconf 91' lang='lat' dir='ltr'><strong>misso</strong></span> <span class='ocrx_word' id='word_1_300' title='bbox 553 4202 584 4261; x_wconf 89' lang='lat' dir='ltr'><strong>in</strong></span> <span class='ocrx_word' id='word_1_301' title='bbox 609 4200 825 4261; x_wconf 88' lang='lat' dir='ltr'><strong>conlormitate</strong></span> <span class='ocrx_word' id='word_1_302' title='bbox 849 4201 960 4280; x_wconf 87' lang='lat' dir='ltr'><strong>capitis</strong></span> <span class='ocrx_word' id='word_1_303' title='bbox 974 4199 1006 4261; x_wconf 88' lang='grc'><strong>6.</strong></span> <span class='ocrx_word' id='word_1_304' title='bbox 1022 4202 1213 4280; x_wconf 89' lang='lat' dir='ltr'><strong>quaestionis</strong></span> <span class='ocrx_word' id='word_1_305' title='bbox 1230 4201 1259 4263; x_wconf 88' lang='grc'><strong>9.</strong></span> <span class='ocrx_word' id='word_1_306' title='bbox 1276 4212 1307 4262; x_wconf 88' lang='lat' dir='ltr'><strong>et</strong></span> <span class='ocrx_word' id='word_1_307' title='bbox 1326 4202 1637 4279; x_wconf 79' lang='lat' dir='ltr'><strong>io‚1&lt;yt0nicaianae</strong></span> <span class='ocrx_word' id='word_1_308' title='bbox 1656 4224 1709 4285; x_wconf 90' lang='lat' dir='ltr'><strong>pe·</strong></span> 
     </span>
     <span class='ocr_line' id='line_1_36' title="bbox 431 4308 1708 4389; baseline 0.004 -21"><span class='ocrx_word' id='word_1_309' title='bbox 431 4317 512 4369; x_wconf 86' lang='lat' dir='ltr'><strong>teret</strong></span> <span class='ocrx_word' id='word_1_310' title='bbox 534 4308 654 4368; x_wconf 81' lang='lat' dir='ltr'><strong>eisdem</strong></span> <span class='ocrx_word' id='word_1_311' title='bbox 671 4309 703 4368; x_wconf 94' lang='lat' dir='ltr'><strong>in</strong></span> <span class='ocrx_word' id='word_1_312' title='bbox 719 4328 847 4367; x_wconf 88' lang='lat' dir='ltr'><strong>causam</strong></span> <span class='ocrx_word' id='word_1_313' title='bbox 872 4309 1012 4368; x_wconf 88' lang='lat' dir='ltr'><strong>attractis</strong></span> <span class='ocrx_word' id='word_1_314' title='bbox 1037 4310 1150 4369; x_wconf 87' lang='lat' dir='ltr'><strong>deferri</strong></span> <span class='ocrx_word' id='word_1_315' title='bbox 1166 4318 1196 4369; x_wconf 88' lang='lat' dir='ltr'><strong>et</strong></span> <span class='ocrx_word' id='word_1_316' title='bbox 1212 4310 1279 4369; x_wconf 90' lang='lat' dir='ltr'><strong>sine</strong></span> <span class='ocrx_word' id='word_1_317' title='bbox 1294 4330 1330 4371; x_wconf 86' lang='lat' dir='ltr'><strong>ex</strong></span> <span class='ocrx_word' id='word_1_318' title='bbox 1349 4312 1528 4389; x_wconf 86' lang='lat' dir='ltr'><strong>praemissis</strong></span> <span class='ocrx_word' id='word_1_319' title='bbox 1545 4313 1608 4373; x_wconf 88' lang='lat' dir='ltr'><strong>suis</strong></span> <span class='ocrx_word' id='word_1_320' title='bbox 1626 4314 1708 4373; x_wconf 91' lang='lat' dir='ltr'><strong>sulli-</strong></span> 
     </span>
     <span class='ocr_line' id='line_1_37' title="bbox 431 4416 1708 4499; baseline 0.004 -25"><span class='ocrx_word' id='word_1_321' title='bbox 431 4416 585 4476; x_wconf 88' lang='lat' dir='ltr'><strong>cientibus</strong></span> <span class='ocrx_word' id='word_1_322' title='bbox 616 4426 649 4475; x_wconf 92' lang='lat' dir='ltr'><strong>et</strong></span> <span class='ocrx_word' id='word_1_323' title='bbox 679 4416 832 4495; x_wconf 86' lang='lat' dir='ltr'><strong>legalibus</strong></span> <span class='ocrx_word' id='word_1_324' title='bbox 864 4416 1036 4475; x_wconf 90' lang='lat' dir='ltr'><strong>rationibus</strong></span> <span class='ocrx_word' id='word_1_325' title='bbox 1068 4417 1134 4476; x_wconf 89' lang='lat' dir='ltr'><strong>sive</strong></span> <span class='ocrx_word' id='word_1_326' title='bbox 1163 4418 1290 4478; x_wconf 89' lang='lat' dir='ltr'><strong>tandem</strong></span> <span class='ocrx_word' id='word_1_327' title='bbox 1314 4438 1352 4477; x_wconf 89' lang='lat' dir='ltr'><strong>ex</strong></span> <span class='ocrx_word' id='word_1_328' title='bbox 1376 4419 1578 4479; x_wconf 82' lang='lat' dir='ltr'><strong>fundamento</strong></span> <span class='ocrx_word' id='word_1_329' title='bbox 1603 4439 1708 4499; x_wconf 89' lang='lat' dir='ltr'><strong>super·</strong></span> 
     </span>
     <span class='ocr_line' id='line_1_38' title="bbox 431 4524 1711 4589; baseline 0.004 -6"><span class='ocrx_word' id='word_1_330' title='bbox 431 4525 628 4585; x_wconf 89' lang='lat' dir='ltr'><strong>abundanter</strong></span> <span class='ocrx_word' id='word_1_331' title='bbox 659 4524 890 4584; x_wconf 90' lang='lat' dir='ltr'><strong>interiectorum</strong></span> <span class='ocrx_word' id='word_1_332' title='bbox 923 4526 1052 4584; x_wconf 90' lang='lat' dir='ltr'><strong>easdem</strong></span> <span class='ocrx_word' id='word_1_333' title='bbox 1086 4526 1117 4584; x_wconf 94' lang='lat' dir='ltr'><strong>in</strong></span> <span class='ocrx_word' id='word_1_334' title='bbox 1150 4546 1278 4585; x_wconf 88' lang='lat' dir='ltr'><strong>causam</strong></span> <span class='ocrx_word' id='word_1_335' title='bbox 1312 4536 1460 4587; x_wconf 88' lang='lat' dir='ltr'><strong>attractas</strong></span> <span class='ocrx_word' id='word_1_336' title='bbox 1485 4528 1648 4589; x_wconf 89' lang='lat' dir='ltr'><strong>universas</strong></span> <span class='ocrx_word' id='word_1_337' title='bbox 1680 4540 1711 4589; x_wconf 88' lang='lat' dir='ltr'><strong>et</strong></span> 
     </span>
     <span class='ocr_line' id='line_1_39' title="bbox 430 4632 1710 4714; baseline 0.003 -23"><span class='ocrx_word' id='word_1_338' title='bbox 430 4632 580 4712; x_wconf 84' lang='lat' dir='ltr'><strong>singulas,</strong></span> <span class='ocrx_word' id='word_1_339' title='bbox 610 4640 702 4711; x_wconf 89' lang='lat' dir='ltr'><strong>prout</strong></span> <span class='ocrx_word' id='word_1_340' title='bbox 734 4640 766 4691; x_wconf 93' lang='lat' dir='ltr'><strong>et</strong></span> <span class='ocrx_word' id='word_1_341' title='bbox 788 4640 1017 4709; x_wconf 89' lang='lat' dir='ltr'><strong>praeattactum</strong></span> <span class='ocrx_word' id='word_1_342' title='bbox 1050 4652 1150 4710; x_wconf 91' lang='lat' dir='ltr'><strong>aeque</strong></span> <span class='ocrx_word' id='word_1_343' title='bbox 1182 4632 1212 4691; x_wconf 92' lang='lat' dir='ltr'><strong>in</strong></span> <span class='ocrx_word' id='word_1_344' title='bbox 1237 4652 1365 4694; x_wconf 90' lang='lat' dir='ltr'><strong>causam</strong></span> <span class='ocrx_word' id='word_1_345' title='bbox 1391 4643 1556 4695; x_wconf 90' lang='lat' dir='ltr'><strong>attractum</strong></span> <span class='ocrx_word' id='word_1_346' title='bbox 1582 4636 1710 4714; x_wconf 87' lang='lat' dir='ltr'><strong>absolvi,</strong></span> 
     </span>
     <span class='ocr_line' id='line_1_40' title="bbox 431 4736 1283 4817; baseline 0.006 -20"><span class='ocrx_word' id='word_1_347' title='bbox 431 4739 652 4817; x_wconf 88' lang='lat' dir='ltr'><strong>absolutasque</strong></span> <span class='ocrx_word' id='word_1_348' title='bbox 675 4736 869 4817; x_wconf 89' lang='lat' dir='ltr'><strong>pronuntiari</strong></span> <span class='ocrx_word' id='word_1_349' title='bbox 892 4758 963 4797; x_wconf 91' lang='lat' dir='ltr'><strong>curn</strong></span> <span class='ocrx_word' id='word_1_350' title='bbox 989 4758 1116 4799; x_wconf 89' lang='lat' dir='ltr'><strong>reserva</strong></span> <span class='ocrx_word' id='word_1_351' title='bbox 1140 4740 1283 4803; x_wconf 87' lang='lat' dir='ltr'><strong>ulteriori.</strong></span> 
     </span>
    </p>
   </div>
   <div class='ocr_carea' id='block_1_3' title="bbox 430 4846 1709 5037">
    <p class='ocr_par' dir='ltr' id='par_1_3' title="bbox 430 4846 1709 5037">
     <span class='ocr_line' id='line_1_41' title="bbox 536 4846 1708 4928; baseline 0.007 -25"><span class='ocrx_word' id='word_1_352' title='bbox 536 4846 598 4905; x_wconf 87' lang='lat' dir='ltr'><strong>Pro</strong></span> <span class='ocrx_word' id='word_1_353' title='bbox 622 4855 728 4906; x_wconf 91' lang='lat' dir='ltr'><strong>actore</strong></span> <span class='ocrx_word' id='word_1_354' title='bbox 751 4855 940 4925; x_wconf 88' lang='lat' dir='ltr'><strong>protestatur</strong></span> <span class='ocrx_word' id='word_1_355' title='bbox 964 4867 1059 4926; x_wconf 89' lang='lat' dir='ltr'><strong>super</strong></span> <span class='ocrx_word' id='word_1_356' title='bbox 1086 4850 1260 4927; x_wconf 90' lang='lat' dir='ltr'><strong>praemissa</strong></span> <span class='ocrx_word' id='word_1_357' title='bbox 1291 4851 1502 4928; x_wconf 89' lang='lat' dir='ltr'><strong>procuratoris</strong></span> <span class='ocrx_word' id='word_1_358' title='bbox 1527 4851 1556 4910; x_wconf 92' lang='lat' dir='ltr'><strong>in</strong></span> <span class='ocrx_word' id='word_1_359' title='bbox 1581 4871 1708 4911; x_wconf 88' lang='lat' dir='ltr'><strong>causam</strong></span> 
     </span>
     <span class='ocr_line' id='line_1_42' title="bbox 430 4953 1709 5037; baseline 0.003 -25"><span class='ocrx_word' id='word_1_360' title='bbox 430 4962 633 5013; x_wconf 82' lang='lat' dir='ltr'><strong>attractatam</strong></span> <span class='ocrx_word' id='word_1_361' title='bbox 658 4953 784 5030; x_wconf 91' lang='lat' dir='ltr'><strong>replica,</strong></span> <span class='ocrx_word' id='word_1_362' title='bbox 808 4955 849 5013; x_wconf 89' lang='lat' dir='ltr'><strong>ad</strong></span> <span class='ocrx_word' id='word_1_363' title='bbox 876 4974 971 5033; x_wconf 92' lang='lat' dir='ltr'><strong>quam</strong></span> <span class='ocrx_word' id='word_1_364' title='bbox 996 4956 1176 5033; x_wconf 89' lang='lat' dir='ltr'><strong>reponendo</strong></span> <span class='ocrx_word' id='word_1_365' title='bbox 1199 4957 1274 5016; x_wconf 92' lang='lat' dir='ltr'><strong>dicit</strong></span> <span class='ocrx_word' id='word_1_366' title='bbox 1296 4956 1448 5035; x_wconf 89' lang='lat' dir='ltr'><strong>imprimis</strong></span> <span class='ocrx_word' id='word_1_367' title='bbox 1469 4968 1612 5037; x_wconf 88' lang='lat' dir='ltr'><strong>respectu</strong></span> <span class='ocrx_word' id='word_1_368' title='bbox 1635 4959 1709 5017; x_wconf 75' lang='lat' dir='ltr'><strong>Har·</strong></span> 
     </span>
    </p>
   </div>
   <div class='ocr_carea' id='block_1_4' title="bbox 0 0 1972 5550">
    <p class='ocr_par' dir='ltr' id='par_1_4' title="bbox 0 0 1972 5550">
     <span class='ocr_line' id='line_1_43' title="bbox 0 0 1972 5550; baseline 0 0"><span class='ocrx_word' id='word_1_369' title='bbox 0 0 1972 5550; x_wconf 95' lang='lat' dir='ltr'><strong> </strong></span> 
     </span>
    </p>
   </div>
  </div>
 </body>
</html>
