3934 5550
805 1578 954 1677 Anno
994 1572 1257 1674 MDCXII.

500 1846 593 1905 Anno
621 1842 712 1904 1612.
752 1844 905 1904 sabbatho
937 1842 1078 1921 proximo
1110 1848 1183 1900 ante
1214 1840 1328 1899 testum
1351 1840 1516 1899 beatorum
1538 1836 1675 1898 Simonis

394 1962 425 2015 et
448 1954 544 2013 ludae
576 1946 803 2031 apostolorum¹
827 1951 857 2011 in
882 1950 1017 2028 M[aipri]
1047 1948 1193 2025 Gorycza
1215 1947 1373 2007 celebrata
1397 1954 1446 2005 est
1468 1944 1675 2025 congregatio

393 2061 542 2121 nobilium
566 2059 680 2137 Campi
705 2057 938 2139 Zagrabiensis.

500 2168 637 2227 Primum
673 2167 778 2245 itaque
809 2166 962 2241 statuitur,
995 2172 1028 2223 ut
1058 2164 1171 2223 iratres
1202 2162 1319 2221 ordinis
1351 2161 1450 2221 sancti
1473 2160 1562 2219 Pauli
1585 2158 1675 2238 primi

393 2276 542 2337 eremitae
567 2276 597 2335 in
623 2276 759 2334 claustro
784 2319 916 2337 .....
941 2280 1055 2332 vocata
1071 2277 1311 2344 commorantes
1335 2269 1366 2329 in
1391 2268 1526 2329 medium
1544 2267 1674 2326 fratrum

392 2383 541 2444 nobilium
565 2382 678 2461 Campi
709 2380 933 2460 Zagrabiensis
956 2380 1093 2439 florenos
1117 2378 1337 2458 hungaricales
1369 2378 1446 2455 se[x]
1480 2394 1537 2454 pro
1566 2394 1674 2435 neces·

392 2492 484 2551 sitate
508 2490 664 2551 communi
689 2489 905 2549 administrent
928 2498 959 2547 et
982 2488 1171 2566 persolvant

499 2596 664 2677 Eliguntur
681 2596 713 2655 in
732 2595 874 2655 absentia
891 2595 1008 2654 domini
1024 2594 1145 2654 comitis
1162 2592 1311 2671 praelecti
1323 2593 1535 2652 laboratorum
1556 2591 1673 2651 castelli

392 2705 548 2780 Lukaucz,
578 2703 698 2763 nobiles
729 2704 906 2782 Stephanus
937 2701 1093 2778 Arbanaz,
1124 2700 1273 2759 Nicolaus
1304 2707 1336 2759 et
1366 2698 1490 2778 Caspar
1513 2698 1672 2777 Pepelich,

391 2813 504 2892 quibus
527 2811 691 2891 p[lena]ria
725 2811 896 2870 authoritas
928 2810 1026 2869 datur.
1059 2808 1216 2868 Absentes
1248 2827 1267 2867 a
1297 2808 1404 2867 labore
1436 2814 1468 2867 et
1500 2808 1589 2867 tarde
1621 2825 1673 2866 ve-

391 2921 512 2980 nientes
536 2919 702 2999 punientur
726 2918 841 2998 singuli
864 2937 921 2994 per
944 2918 1096 2976 florenum
1119 2935 1215 2975 unum
1239 2915 1370 2995 singulis
1394 2915 1512 2975 diebus

962 3155 981 3195 a
1026 3117 1045 3149 '³⁵
1092 3159 1111 3193 ιε

503 3328 594 3390 1612.
617 3328 695 3389 feria
719 3328 836 3407 quinta,
860 3327 891 3386 in
916 3326 995 3386 festo
1019 3327 1131 3386 beatae
1157 3325 1272 3384 Luciae
1304 3324 1435 3404 virginis
1460 3334 1491 3382 et
1514 3319 1666 3384 martiris²

389 3441 419 3499 in
444 3438 554 3499 Maiori
571 3437 716 3514 Gorycza
738 3435 895 3496 celebrata
920 3442 967 3494 est
992 3433 1197 3512 congregatio
1214 3433 1371 3512 generalis
1388 3431 1538 3492 nobilium
1555 3431 1668 3511 Campi

392 3545 580 3623 Turopolya.

499 3649 711 3724 Concluditur,
735 3657 768 3708 ut
791 3650 970 3726 Stephanus
987 3647 1125 3724 Mudych
1149 3647 1180 3706 in
1204 3646 1304 3723 prima
1327 3645 1403 3705 sede
1426 3646 1567 3725 primitus
1591 3647 1671 3708 cele·

388 3757 507 3817 branda
547 3758 699 3816 rationem
731 3756 842 3816 reddat
873 3754 1068 3816 valedicendi
1101 3754 1194 3814 oflicii
1226 3753 1422 3830 voyvodatus
1445 3755 1513 3814 sive
1536 3754 1669 3830 sylvani,

389 3865 432 3924 ita
454 3876 569 3935 tamen,
594 3863 677 3942 quod
701 3863 839 3944 legitime
873 3862 1061 3922 certificetur
1085 3861 1124 3920 ad
1149 3860 1341 3921 reddendam
1365 3861 1517 3921 rationem
1542 3861 1669 3922 iudicia·

388 3972 466 4046 liter,
491 3971 579 4030 aliter
604 3970 859 4032 extraordinarie.

493 4080 527 4138 ln
558 4079 704 4140 comitem
737 4097 844 4138 rursus
877 4078 1002 4158 eligitur
1034 4096 1071 4137 ac
1102 4077 1304 4137 confirmatur
1337 4078 1486 4156 egregius
1511 4075 1669 4156 Georgius
1715 4112 1719 4122 ι

387 4187 519 4266 Vagych
544 4205 582 4246 ex
606 4205 761 4247 consensu
786 4195 817 4246 et
840 4193 914 4245 voto
939 4186 1034 4244 totius
1055 4185 1295 4247 communitatis.

494 4294 689 4374 Quicunque,
713 4295 780 4354 sive
808 4294 918 4355 nobilis
942 4293 1009 4353 sive
1034 4292 1178 4373 ignobilis
1195 4312 1330 4371 persona
1353 4293 1400 4363 sit.
1425 4291 1600 4370 praefectos
1623 4290 1667 4349 la·

386 4402 566 4462 boratorum
598 4402 715 4462 castelli
747 4403 895 4462 Lukaucz
928 4421 984 4480 per
1016 4401 1176 4461 dominum
1208 4400 1353 4460 comitem
1377 4401 1418 4459 ad
1442 4400 1473 4458 id
1497 4400 1613 4458 electos
1637 4406 1669 4459 et

386 4510 552 4587 deputatos
575 4510 823 4590 vituper[a]verit
846 4511 913 4569 sive
938 4509 1039 4568 minas
1056 4508 1245 4587 imposuerit,
1270 4527 1326 4585 pro
1350 4506 1510 4585 vituperiis
1528 4513 1558 4565 et
1577 4505 1668 4565 minis

386 4636 457 4676 mox
483 4626 514 4676 et
536 4617 604 4695 ipso
628 4618 712 4677 lacto
736 4617 855 4677 baculis
880 4617 1058 4694 excipietur.
1082 4614 1179 4674 Iidem
1196 4633 1272 4675 vero
1288 4613 1439 4693 praefecti
1455 4614 1668 4673 laboratorum

385 4725 582 4804 negligenter
605 4725 728 4786 labores
753 4734 935 4786 exercentes
959 4724 1089 4801 punient
1112 4741 1215 4802 poena
1238 4722 1352 4798 debita,
1369 4721 1400 4781 id
1418 4730 1465 4781 est
1482 4721 1666 4782 verberibus

385 4832 551 4907 modestis3
575 4852 637 4912 qua
660 4833 815 4913 siquidem
839 4851 941 4910 poena
967 4831 1055 4891 liberi
1078 4839 1109 4890 et
1133 4831 1266 4890 absoluti
1290 4839 1382 4890 erunt
1404 4829 1555 4909 praedicti
1580 4829 1666 4888 labo-

388 4947 525 4998 ratorum
552 4939 708 5016 praelecti,
