3934 5550
393 425 458 493 498

503 649 527 709 l.
551 648 602 708 Ad
625 650 807 710 mandatum
831 648 1027 710 illustrissimi
1052 650 1169 711 domini
1192 652 1314 711 comitis
1339 661 1370 712 et
1393 650 1475 730 bani,
1500 672 1556 731 pro
1585 660 1675 731 parte

391 756 501 816 nobilis
533 756 689 836 Ca[spari]
722 758 823 831 Hada,
856 758 976 818 ratione
1008 758 1100 819 diruti
1132 758 1250 819 castelli
1280 761 1457 820 Lukawecz
1484 768 1674 834 emanatum,

393 864 580 925 unanimiter
611 866 737 925 domino
767 866 850 925 bano
880 865 1051 926 humillime
1084 867 1274 946 respondent
1306 868 1435 927 easdem
1467 867 1573 928 literas
1598 886 1674 927 suae

395 971 621 1032 illustrissimae
645 971 865 1033 dominationis
893 974 1033 1051 holnore]
1059 993 1121 1053 quo
1145 975 1249 1034 decuit
1272 976 1437 1053 recepisse,
1469 994 1578 1035 verum
1601 975 1675 1054 quia

393 1088 516 1139 constat
540 1080 641 1140 locum
667 1080 750 1140 illum
774 1082 933 1160 praetensi
965 1081 1058 1141 diruti
1082 1082 1200 1142 castelli
1230 1081 1481 1162 progenitoribus
1511 1081 1673 1142 memorati

392 1186 526 1265 Caspari
550 1188 652 1265 Hada,
685 1208 703 1247 a
735 1188 905 1249 maioribus
935 1188 1075 1268 ipsorum
1104 1189 1253 1249 nobilium
1277 1189 1392 1269 Campi
1415 1190 1596 1267 Turopolya
1618 1208 1674 1267 per

393 1302 495 1354 certas
519 1294 625 1356 literas
649 1296 775 1373 capituli
799 1296 1023 1377 Zagrabiensis
1047 1298 1233 1358 lassionales
1257 1298 1411 1372 collatum,
1436 1298 1606 1357 etiamnum
1630 1296 1675 1355 ita

392 1403 550 1462 desertum
574 1410 606 1463 et
629 1403 856 1463 habitatoribus
879 1424 1014 1464 vacuum
1038 1404 1250 1484 incultumque
1267 1424 1347 1480 esse,
1370 1412 1463 1484 prout
1479 1413 1510 1465 et
1532 1413 1673 1482 ternpore

392 1509 564 1569 collationis
587 1510 651 1581 fuit,
675 1511 732 1570 sed
755 1529 857 1589 neque
881 1512 913 1570 in
936 1513 1087 1572 moderno
1114 1521 1255 1573 extructo
1271 1512 1417 1573 fortalitio
1442 1520 1496 1573 aut
1520 1511 1589 1590 ipso
1605 1512 1673 1570 loco

394 1616 494 1695 ipsum
528 1618 620 1677 Hada
644 1625 699 1676 aut
729 1618 970 1696 predecessores
1002 1619 1099 1699 ipsius
1129 1620 1259 1680 nihilum
1289 1621 1365 1693 iure,
1397 1638 1460 1699 quo
1484 1618 1673 1697 praetendit,

392 1724 580 1801 possedisse,
616 1724 673 1783 sed
708 1726 840 1785 eandem
877 1726 1113 1787 universitatem
1148 1728 1296 1788 nobilium
1329 1736 1361 1788 et
1396 1736 1489 1787 antea
1524 1733 1555 1785 et
1590 1744 1672 1785 nunc

392 1849 517 1908 semper
540 1832 675 1892 eundem
701 1832 804 1891 locum
834 1832 1083 1913 fortaliciumque
1114 1834 1230 1894 ibidem
1261 1843 1436 1894 extructum
1467 1832 1673 1893 communiter

390 1938 578 2016 possedisse,
609 1939 680 1999 ideo
712 1940 812 2018 ipsum
845 1940 946 2001 minus
977 1941 1091 2002 iustam
1114 1989 1373 2005 .........
1396 1941 1536 2020 iniquam
1558 1939 1672 1999 fecisse

391 2046 624 2124 expositionem.
649 2048 699 2106 Ad
723 2048 811 2107 cuius
837 2048 1082 2110 verificationem
1105 2059 1223 2129 petunt,
1247 2057 1282 2108 ut
1304 2069 1363 2109 sua
1386 2048 1592 2109 illustrissima
1617 2047 1670 2106 do·

390 2154 518 2213 minatio
550 2163 653 2214 certas
684 2156 862 2235 fidedignas
891 2158 1010 2217 nobiles
1034 2176 1195 2236 personas,
1219 2158 1272 2237 qui
1295 2158 1438 2218 occulata
1461 2154 1618 2217 revisione
1641 2162 1672 2213 et

390 2260 654 2323 demonstratione
678 2263 709 2322 id
733 2264 834 2342 ipsum
867 2265 995 2325 videant
1018 2274 1050 2324 et
1073 2275 1275 2345 cognoscant,
1308 2266 1458 2339 exmittot,
1482 2264 1587 2324 literas
1611 2263 1670 2322 eis-

299 2422 301 2427 ,
390 2367 462 2428 dem
494 2368 717 2429 testimoniales
753 2390 809 2449 pro
839 2372 943 2433 lutura
977 2373 1088 2444 iurium
1112 2373 1249 2454 ipsonrm
1274 2375 1397 2454 cautela
1419 2372 1502 2432 idern
1527 2370 1672 2431 dominus

390 2477 490 2537 banus
522 2479 561 2537 ad
593 2480 775 2540 relationem
807 2458 978 2542 eorundem
1010 2484 1086 2542 dare
1118 2483 1273 2563 dignetur.
1306 2484 1466 2559 Quantum
1500 2487 1607 2541 autem
1630 2479 1670 2538 ad

389 2586 491 2646 locum
515 2606 571 2666 per
594 2589 819 2667 expositionem
837 2588 934 2668 ipsius
955 2592 1049 2651 Hada
1073 2609 1181 2651 eorum
1205 2590 1353 2651 nobilium
1378 2592 1510 2649 lormam
1534 2588 1670 2649 sive...

384 2693 616 2772 expositionem
647 2695 764 2770 attinet,
797 2704 1044 2775 protestarentur
1077 2697 1162 2778 ipsos
1198 2698 1262 2757 iure
1299 2698 1433 2757 eundem
1466 2694 1669 2776 requisituros

390 2801 507 2862 iuribus
531 2803 596 2864 suis
620 2824 680 2864 non
709 2805 878 2866 defuturos.

498 2909 527 2972 2.
552 2912 612 2971 Pro
636 2913 779 2973 custodia
802 2921 954 2992 perpetua
981 2915 1099 2975 castelli
1124 2915 1300 2975 Lukawecz
1325 2913 1535 2974 destinantur:
1559 2911 1670 2970 castel·

391 3018 479 3077 lanus
518 3019 684 3079 modernus
722 3021 871 3081 Nicolaus
907 3002 1090 3099 Banschak,
1127 3023 1176 3082 cui
1208 3022 1418 3101 adiungentur
1453 3021 1515 3081 duo
1550 3019 1670 3078 nobiles

390 3125 569 3202 conti[nuo],
592 3146 671 3204 quos
696 3128 747 3187 alii
771 3128 833 3188 duo
857 3147 982 3208 semper
1011 3129 1105 3189 vicini
1129 3137 1160 3189 et
1182 3130 1420 3209 propinquiores
1452 3127 1668 3187 subleviabunt

390 3234 504 3293 mutuis
536 3235 794 3310 successionibus,
819 3237 869 3312 ita,
897 3246 931 3296 ut
955 3238 1024 3297 duo'
1042 3237 1082 3296 illi
1106 3257 1230 3316 semper
1253 3237 1336 3297 diem
1361 3244 1391 3297 et
1415 3246 1540 3296 noctem
1562 3234 1667 3310 intlus]

390 3341 505 3401 ibidem
529 3343 673 3403 continue
705 3364 840 3419 manere,
865 3346 964 3406 donec
989 3346 1040 3405 alii
1063 3346 1294 3425 superveniant,
1323 3346 1442 3423 absque
1466 3342 1549 3402 omni
1574 3361 1666 3402 excu-

390 3449 520 3523 satione,
559 3451 616 3509 sub
650 3471 752 3529 poena
787 3452 963 3513 amissionis
997 3453 1213 3514 universorum
1248 3453 1400 3512 bonorum
1436 3469 1563 3510 suorum
1599 3469 1669 3528 pro-

391 3555 536 3634 priorum,
560 3559 696 3618 debeant
727 3567 759 3620 et
789 3568 962 3620 teneantur.
993 3561 1033 3620 Et
1064 3561 1198 3638 primum
1230 3560 1357 3638 quidem
1380 3559 1453 3618 villa
1476 3558 1553 3617 Also
1576 3557 1667 3617 Lom-

390 3682 498 3742 nyma,
535 3665 722 3744 [Lullrauecz
757 3675 897 3747 uterque,
932 3669 1023 3742 Luse,
1059 3669 1210 3742 Hrasche,
1243 3668 1365 3744 Velyka
1395 3666 1512 3740 Mlaka,
1543 3665 1666 3738 Plezz0,

390 3771 589 3849 Kobylychy,
624 3775 778 3858 Rakarye,
814 3775 1002 3852 lllouenyak,
1038 3775 1184 3852 Gorycza
1217 3784 1358 3853 utraque,
1394 3773 1569 3844 Koriloucz,
1605 3771 1667 3829 Ku-

390 3879 514 3958 s'anczy,
538 3881 707 3958 Mraczlyn,
731 3884 827 3960 Lazy,
851 3884 1034 3960 Busewczy,
1057 3883 1177 3958 Kuche,
1200 3884 1390 3959 Rakytoucz.

498 3989 661 4048 Postremo
684 3991 823 4051 montani
852 4010 962 4051 omnes
985 4011 1042 4051 suo
1065 3991 1174 4052 ordine
1197 3999 1232 4050 ut
1254 4009 1358 4069 supra.

498 4094 527 4159 3.
551 4097 699 4158 Rationes
723 4098 762 4158 de
786 4098 939 4159 universis
969 4101 1121 4160 hactenus
1144 4098 1279 4179 receptis
1303 4107 1334 4158 et
1357 4096 1494 4177 erogatis
1518 4115 1606 4174 per.
1630 4142 1636 4154 .
1661 4141 1666 4156 .

391 4251 398 4265 .
423 4253 429 4266 .
454 4249 460 4262 .
485 4204 634 4266 officiales
658 4214 722 4266 tarn
747 4206 867 4265 comitis
891 4226 987 4285 quarn
1011 4208 1163 4269 ecclesiae
1186 4206 1390 4271 beatissimae
1412 4206 1449 4268 V.
1470 4206 1512 4264 M.
1536 4203 1666 4285 primam

392 4313 453 4390 [ad]
479 4312 677 4373 occasionem
701 4313 834 4373 termino
858 4332 913 4392 per
936 4313 1097 4374 dominum
1120 4317 1267 4376 comitem
1289 4312 1495 4394 praefigendo
1528 4310 1668 4392 exiglan·

389 4419 449 4498 tur]
475 4428 506 4480 et
528 4421 781 4480 determinantur.

497 4529 526 4591 4.
550 4530 610 4589 Pro
634 4529 850 4589 communibus
881 4530 1119 4591 necessitatibus
1150 4530 1269 4589 castelli
1301 4531 1469 4590 Lukauecz
1493 4537 1524 4589 et
1547 4527 1667 4588 officia—

389 4637 464 4696 lium
496 4637 615 4696 nobiles
648 4633 713 4720 [dc]
738 4635 896 4697 Montibus
930 4639 1060 4698 cubulos
1092 4637 1156 4697 vini
1191 4638 1299 4698 decem
1335 4636 1553 4716 promiserunt,
1589 4656 1668 4716 quos

389 4745 565 4806 vicecomes
589 4743 771 4826 M[artinus]
796 4746 941 4806 Bruchelr
973 4746 1099 4827 colliget
1130 4753 1162 4806 et
1192 4746 1335 4808 deducet.
1357 4741 1506 4805 Similiter
1529 4752 1561 4805 et
1584 4763 1668 4805 carn·

387 4861 510 4932 pestres
533 4852 652 4912 nobiles
675 4853 779 4913 daturi
805 4861 878 4913 sunt
901 4853 1016 4933 singuli
1038 4871 1096 4932 pro
1119 4871 1230 4933 posse:
1254 4853 1398 4914 dominus
1420 4853 1591 4930 Malenych
1614 4872 1666 4914 cu·

389 4962 477 5020 bulos
508 4957 547 5034 4.,
578 4960 722 5020 dominus
753 4980 859 5021 cornes
883 4963 982 5021 etsie
1006 4961 1123 5041 reliqui
1156 4963 1308 5023 Dominus
1340 4981 1446 5022 comes
1479 4969 1669 5040 protestatur
