3934 5550
434 404 480 466 78

436 620 616 699 psisdata,
640 632 671 681 et
695 642 750 701 per
774 643 834 683 nos
855 623 995 703 gratiose
1020 621 1213 699 confirmata,
1232 632 1466 693 essent-tamen
1491 626 1637 703 nonnulli,
1666 624 1719 707 qui

438 728 616 803 huiusmodi
626 729 804 812 privilegia
826 730 965 809 ipsorum
989 750 1051 800 non
1075 732 1288 805 observarent,
1311 752 1348 792 ao
1371 730 1498 811 insuper
1521 733 1552 795 in
1576 736 1720 803 domibus

432 836 527 896 etiam
554 856 671 913 eorum,
702 837 899 917 potissimum
931 857 1006 897 vero
1037 838 1067 897 in
1086 838 1302 917 ,Thuropoliau
1325 839 1419 900 variis
1443 840 1576 918 damnis,
1599 842 1718 903 iniuriis

434 955 465 1005 et
488 922 745 1024 oppressionibus
768 947 897 1008 eosdem
921 947 1091 1021 allicerent,
1114 947 1145 1005 in
1169 946 1641 1029 praeiudicium„libertatisque
1661 970 1717 1021 eo-

435 1054 567 1113 rundem
591 1054 785 1134 derogamen
808 1055 1026 1129 manifestum3
1055 1054 1267 1134 supplicantes
1291 1064 1456 1134 propterea
1481 1056 1637 1131 maiestati
1660 1077 1715 1118 no-

435 1168 519 1220 strae
543 1161 712 1235 humilime,
744 1171 777 1221 ut
808 1162 854 1222 eis
886 1162 1054 1241 superinde
1079 1163 1118 1221 de
1143 1170 1297 1240 oportuno
1320 1140 1459 1223 remerlio
1483 1164 1622 1245 gratiose
1646 1185 1717 1244 pro·

433 1268 540 1328 videre
571 1267 782 1349 dignaremur.
817 1270 960 1347 Quorum
989 1268 1101 1329 humili
1128 1268 1357 1348 'supplicatione
1387 1270 1524 1351 benigne
1561 1272 1717 1347 exaudita,

433 1394 527 1454 quum
558 1376 716 1437 neminem
748 1376 885 1437 fidelium
909 1376 1117 1436 subditorum¹
1136 1380 1322 1451 nostrorum,
1347 1396 1384 1437 ac
1406 1378 1592 1456 praesertim
1615 1380 1716 1441 dictos

434 1481 566 1557 nobiles,
588 1483 724 1563 alioquin
748 1484 843 1544 etiam
860 1502 916 1562 per
931 1502 1130 1543 communem
1143 1485 1265 1543 hostem
1281 1485 1440 1544 Thurcam
1456 1486 1533 1545 satis
1541 1501 1716 1565 oppressos

433 1598 465 1650 et
488 1590 630 1666 afflictos,
654 1592 684 1651 in
708 1610 817 1651 eorum
840 1591 957 1651 iuribus
981 1609 1019 1650 ac
1042 1590 1234 1650 libertatibus
1264 1591 1383 1652 turbari
1407 1600 1438 1651 et
1461 1594 1641 1667 molestari,
1659 1595 1716 1653 sed

432 1697 538 1777 potius
570 1718 608 1758 ex
640 1699 746 1758 debito
777 1698 871 1758 officii
902 1698 1001 1758 nostri
1016 1697 1112 1777 “regii
1136 1698 1167 1756 in
1192 1698 1309 1758 eisdem
1317 1698 1375 1777 ¹sab
1400 1699 1543 1759 omnibus
1565 1700 1715 1761 inviolate

432 1804 610 1865 observarit
626 1806 773 1879 velimus;
803 1805 919 1867 idcirco
952 1804 1094 1865 fidelitati
1126 1813 1198 1865 tuae
1214 1856 1216 1861 s
1232 1806 1341 1865 barum
1378 1806 1459 1867 serie
1483 1807 1652 1867 clementer
1673 1828 1714 1868 ac

433 1912 563 1975 tinniter
586 1912 808 1974 committimus
832 1921 863 1973 et
886 1912 1083 1985 mandamus
1116 1912 1340 1973 aliud.habere
1355 1952 1359 1963 -
1376 1914 1527 1987 nolentes,
1560 1924 1715 1994 quatenus

434 2020 572 2099 acceptis
595 2021 822 2099 praesentibus,
846 2038 908 2081 non
932 2020 1032 2080 solum
1057 2029 1090 2080 tu
1114 2022 1180 2099 ipse
1205 2020 1382 2098 praedictos
1406 2021 1533 2081 nobiles
1548 2022 1580 2083 in
1604 2041 1712 2087 eorum

433 2128 551 2188 iuribus
586 2136 618 2187 et
652 2127 787 2206 antiquis
823 2126 1018 2205 libertatibus
1054 2128 1216 2207 indemnes
1249 2146 1445 2201 conservare,
1477 2147 1586 2188 verum
1618 2129 1713 2190 etiarn

435 2236 563 2295 eosdem
600 2244 709 2295 contra
743 2234 962 2313 quorumlibet,
981 2235 1176 2311 ,violentiam
1200 2235 1378 2313 damnaque
1413 2245 1444 2294 et
1468 2237 1713 2314 oppressionem,

438 2362 495 2420 pro
519 2343 622 2404 olficio
646 2323 700 2402 tibi
715 2343 930 2425 incumbente,
944 2342 1056 2422 quovis
1079 2351 1219 2421 tempore
1244 2342 1333 2419 tueri,
1356 2351 1522 2423 protegere
1548 2364 1585 2403 ac
1609 2344 1715 2405 deien-

437 2452 511 2511 dere
535 2451 636 2510 modis
660 2450 804 2510 omnibus
826 2449 944 2510 debeas
968 2458 1000 2509 et
1022 2450 1167 2523 tenearis,
1193 2450 1358 2509 autoritate
1383 2459 1490 2510 nostra
1514 2451 1603 2531 regia
1626 2472 1716 2531 prae-

433 2559 573 2618 sentibus
596 2558 650 2618 tibi
674 2558 704 2617 in
728 2558 787 2618 hac
811 2566 899 2636 parte
931 2556 1069 2636 plenarie
1101 2554 1260 2631 concessa,
1285 2554 1413 2637 iureque
1437 2577 1474 2617 ac
1499 2538 1616 2619 iustitia
1650 2580 1712 2619 me·

433 2668 547 2727 diante.
570 2667 669 2726 Secus
684 2666 859 2726 nullatenus
880 2666 1028 2728 tacturus.
1051 2665 1273 2725 Praesentibus
1296 2666 1448 2744 perlectis,
1466 2666 1623 2727 exhibenti
1648 2687 1713 2727 res·

431 2775 538 2835 titutis.
574 2776 688 2834 Datum
724 2775 755 2834 in
791 2793 863 2834 arce
899 2781 1004 2834 nostra
1045 2772 1133 2854 regia
1161 2766 1513 2854 ·Pragensi,'‘viges1ina
1546 2771 1633 2834 nona
1664 2772 1714 2836 die

432 2883 550 2943 mensis
574 2883 685 2957 martii,
702 2902 784 2943 anno
807 2882 923 2943 domini
947 2883 1110 2942 millesimo
1134 2881 1399 2962 sexingentesimo
1423 2884 1571 2944 secundm

540 3025 721 3105 liudolphus
746 3046 784 3086 m.
809 3045 838 3104 p.

907 3149 1061 3210 Martinus
1090 3149 1343 3228 archiepiscopus
1367 3151 1558 3210 Colocensis'
1574 3171 1614 3213 m.
1639 3172 1668 3229 p.

905 3257 1094 3318 armenem
1119 3262 1220 3335 ηιμ·
1323 3237 1328 3244 ’
1583 3249 1586 3256 ’

443 3455 447 3462 .
480 3460 484 3466 ,
539 3402 582 3489 ln
606 3403 731 3461 dorso
751 3403 795 3479 ,in
819 3401 1027 3481 margine:
1045 3401 1145 3464 Anno
1174 3398 1266 3466 1603.
1290 3401 1397 3478 ultima
1422 3401 1535 3481 aprilis,
1559 3421 1710 3480 praesens

434 3528 545 3593 sacrae
577 3488 746 3588 caesareae
779 3486 949 3588 regiaeque
983 3509 1164 3584 maiestatis,
1197 3505 1313 3598 domini
1348 3487 1445 3569 nostri
1481 3508 1714 3570 clementissimi

434 3617 615 3677 mandatum
639 3615 808 3706 exhibitum
833 3626 880 3676 est
903 3592 998 3676 nobis
1017 3597 1203 3700 Zagrabiae.
1334 3595 1337 3601 Ι
1607 3597 1609 3600 ’

1152 3760 1171 3820 1.
1197 3724 1425 3854 Draslkouicbl,
1447 3761 1549 3820 banus
1572 3779 1612 3820 rn.
1637 3781 1665 3839 p.

540 3899 686 3969 Originale
704 3899 893 3964 chartaceum,
913 3901 1014 3952 subtus
1035 3915 1201 3967 oppressum
1228 3897 1358 3970 sigillum.
1384 3900 1415 3952 ln
1436 3900 1550 3953 archivo
1571 3915 1715 3954 commun.

435 3976 500 4042 nob.
522 3989 559 4042 de
577 3987 741 4057 Turopolje.
1392 3985 1395 3990 ’
1426 3991 1446 4012 “·
