<?xml version="1.0" encoding="UTF-8"?>
<!DOCTYPE html PUBLIC "-//W3C//DTD XHTML 1.0 Transitional//EN"
    "http://www.w3.org/TR/xhtml1/DTD/xhtml1-transitional.dtd">
<html xmlns="http://www.w3.org/1999/xhtml" xml:lang="en" lang="en">
 <head>
  <title>
</title>
<meta http-equiv="Content-Type" content="text/html;charset=utf-8" />
  <meta name='ocr-system' content='tesseract 3.04.00' />
  <meta name='ocr-capabilities' content='ocr_page ocr_carea ocr_par ocr_line ocrx_word'/>
</head>
<body>
  <div class='ocr_page' id='page_1' title='image "./povjesnispomeni00laszgoog_0431.png"; bbox 0 0 3934 5550; ppageno 0'>
   <div class='ocr_carea' id='block_1_1' title="bbox 400 405 465 467">
    <p class='ocr_par' dir='ltr' id='par_1_1' title="bbox 400 405 465 467">
     <span class='ocr_line' id='line_1_1' title="bbox 400 405 465 467; baseline 0.015 -1"><span class='ocrx_word' id='word_1_1' title='bbox 400 405 465 467; x_wconf 88' lang='grc'>400</span> 
     </span>
    </p>
   </div>
   <div class='ocr_carea' id='block_1_2' title="bbox 397 622 1676 1024">
    <p class='ocr_par' dir='ltr' id='par_1_2' title="bbox 397 622 1676 1024">
     <span class='ocr_line' id='line_1_2' title="bbox 400 622 1675 701; baseline 0.004 -21"><span class='ocrx_word' id='word_1_2' title='bbox 400 630 551 698; x_wconf 82' lang='lat' dir='ltr'><strong>extruere,</strong></span> <span class='ocrx_word' id='word_1_3' title='bbox 575 622 720 684; x_wconf 87' lang='lat' dir='ltr'>horreum</span> <span class='ocrx_word' id='word_1_4' title='bbox 750 622 908 701; x_wconf 88' lang='lat' dir='ltr'>antiquum</span> <span class='ocrx_word' id='word_1_5' title='bbox 932 622 964 681; x_wconf 93' lang='lat' dir='ltr'>in</span> <span class='ocrx_word' id='word_1_6' title='bbox 988 623 1069 682; x_wconf 93' lang='lat' dir='ltr'>bono</span> <span class='ocrx_word' id='word_1_7' title='bbox 1093 630 1185 696; x_wconf 88' lang='lat' dir='ltr'>statu,</span> <span class='ocrx_word' id='word_1_8' title='bbox 1208 642 1366 683; x_wconf 86' lang='lat' dir='ltr'>cameram</span> <span class='ocrx_word' id='word_1_9' title='bbox 1389 623 1533 684; x_wconf 82' lang='lat' dir='ltr'>immenti</span> <span class='ocrx_word' id='word_1_10' title='bbox 1558 644 1675 685; x_wconf 92' lang='lat' dir='ltr'>novam</span> 
     </span>
     <span class='ocr_line' id='line_1_3' title="bbox 398 730 1676 804; baseline 0.004 -16"><span class='ocrx_word' id='word_1_11' title='bbox 398 730 513 789; x_wconf 83' lang='lat' dir='ltr'>bonam</span> <span class='ocrx_word' id='word_1_12' title='bbox 538 731 577 790; x_wconf 91' lang='lat' dir='ltr'>ad</span> <span class='ocrx_word' id='word_1_13' title='bbox 602 750 695 789; x_wconf 88' lang='lat' dir='ltr'>unam</span> <span class='ocrx_word' id='word_1_14' title='bbox 720 731 905 804; x_wconf 85' lang='lat' dir='ltr'><strong>clausuram,</strong></span> <span class='ocrx_word' id='word_1_15' title='bbox 925 730 1019 789; x_wconf 89' lang='lat' dir='ltr'>haras</span> <span class='ocrx_word' id='word_1_16' title='bbox 1036 730 1216 790; x_wconf 91' lang='lat' dir='ltr'>animalium</span> <span class='ocrx_word' id='word_1_17' title='bbox 1240 740 1273 791; x_wconf 90' lang='lat' dir='ltr'>et</span> <span class='ocrx_word' id='word_1_18' title='bbox 1302 732 1460 792; x_wconf 90' lang='lat' dir='ltr'>maialium</span> <span class='ocrx_word' id='word_1_19' title='bbox 1485 733 1525 792; x_wconf 88' lang='lat' dir='ltr'>ad</span> <span class='ocrx_word' id='word_1_20' title='bbox 1548 730 1570 791; x_wconf 88' lang='grc'>4</span> <span class='ocrx_word' id='word_1_21' title='bbox 1593 735 1676 794; x_wconf 90' lang='lat' dir='ltr'>clau·</span> 
     </span>
     <span class='ocr_line' id='line_1_4' title="bbox 399 837 1676 918; baseline 0.002 -21"><span class='ocrx_word' id='word_1_22' title='bbox 399 856 488 897; x_wconf 82' lang='lat' dir='ltr'>suras</span> <span class='ocrx_word' id='word_1_23' title='bbox 513 838 656 916; x_wconf 88' lang='lat' dir='ltr'>antiquas</span> <span class='ocrx_word' id='word_1_24' title='bbox 687 837 815 903; x_wconf 83' lang='lat' dir='ltr'>basibus</span> <span class='ocrx_word' id='word_1_25' title='bbox 839 857 901 897; x_wconf 93' lang='lat' dir='ltr'>non</span> <span class='ocrx_word' id='word_1_26' title='bbox 924 838 1014 897; x_wconf 92' lang='lat' dir='ltr'>bonis</span> <span class='ocrx_word' id='word_1_27' title='bbox 1043 839 1194 915; x_wconf 88' lang='lat' dir='ltr'>provisas,</span> <span class='ocrx_word' id='word_1_28' title='bbox 1226 838 1386 899; x_wconf 82' lang='lat' dir='ltr'><strong>fornacem</strong></span> <span class='ocrx_word' id='word_1_29' title='bbox 1417 840 1587 918; x_wconf 88' lang='lat' dir='ltr'>pistoream</span> <span class='ocrx_word' id='word_1_30' title='bbox 1622 861 1676 900; x_wconf 90' lang='lat' dir='ltr'>an-</span> 
     </span>
     <span class='ocr_line' id='line_1_5' title="bbox 397 945 1145 1024; baseline 0.005 -20"><span class='ocrx_word' id='word_1_31' title='bbox 397 945 516 1023; x_wconf 90' lang='lat' dir='ltr'>tiquam</span> <span class='ocrx_word' id='word_1_32' title='bbox 540 945 615 1005; x_wconf 87' lang='lat' dir='ltr'>nihil</span> <span class='ocrx_word' id='word_1_33' title='bbox 637 948 808 1019; x_wconf 88' lang='lat' dir='ltr'>valentem,</span> <span class='ocrx_word' id='word_1_34' title='bbox 827 953 939 1024; x_wconf 90' lang='lat' dir='ltr'>puteus</span> <span class='ocrx_word' id='word_1_35' title='bbox 963 947 1065 1006; x_wconf 91' lang='lat' dir='ltr'>bonus</span> <span class='ocrx_word' id='word_1_36' title='bbox 1088 953 1145 1009; x_wconf 75' lang='lat' dir='ltr'>est</span> 
     </span>
    </p>
   </div>
   <div class='ocr_carea' id='block_1_3' title="bbox 383 1068 1677 1688">
    <p class='ocr_par' dir='ltr' id='par_1_3' title="bbox 383 1068 1677 1688">
     <span class='ocr_line' id='line_1_6' title="bbox 510 1068 1676 1153; baseline 0.007 -24"><span class='ocrx_word' id='word_1_37' title='bbox 510 1068 557 1131; x_wconf 81' lang='lat' dir='ltr'>lo.</span> <span class='ocrx_word' id='word_1_38' title='bbox 587 1070 708 1130; x_wconf 88' lang='lat' dir='ltr'>Nobilis</span> <span class='ocrx_word' id='word_1_39' title='bbox 737 1071 888 1149; x_wconf 88' lang='lat' dir='ltr'><strong>Iosephus</strong></span> <span class='ocrx_word' id='word_1_40' title='bbox 919 1071 1069 1131; x_wconf 91' lang='lat' dir='ltr'>Norssich</span> <span class='ocrx_word' id='word_1_41' title='bbox 1100 1073 1197 1131; x_wconf 90' lang='lat' dir='ltr'>habet</span> <span class='ocrx_word' id='word_1_42' title='bbox 1227 1074 1354 1133; x_wconf 90' lang='lat' dir='ltr'>domum</span> <span class='ocrx_word' id='word_1_43' title='bbox 1383 1074 1543 1153; x_wconf 89' lang='lat' dir='ltr'>antiquam</span> <span class='ocrx_word' id='word_1_44' title='bbox 1568 1077 1676 1137; x_wconf 87' lang='lat' dir='ltr'>ruinae</span> 
     </span>
     <span class='ocr_line' id='line_1_7' title="bbox 397 1178 1677 1260; baseline 0.006 -23"><span class='ocrx_word' id='word_1_45' title='bbox 397 1178 580 1255; x_wconf 86' lang='lat' dir='ltr'>proximam,</span> <span class='ocrx_word' id='word_1_46' title='bbox 604 1197 642 1238; x_wconf 83' lang='lat' dir='ltr'>ex</span> <span class='ocrx_word' id='word_1_47' title='bbox 667 1179 788 1259; x_wconf 88' lang='lat' dir='ltr'>integro</span> <span class='ocrx_word' id='word_1_48' title='bbox 811 1198 893 1239; x_wconf 87' lang='lat' dir='ltr'>nova</span> <span class='ocrx_word' id='word_1_49' title='bbox 918 1179 1047 1258; x_wconf 85' lang='lat' dir='ltr'>indiget,</span> <span class='ocrx_word' id='word_1_50' title='bbox 1071 1200 1110 1239; x_wconf 84' lang='lat' dir='ltr'>ex</span> <span class='ocrx_word' id='word_1_51' title='bbox 1134 1181 1262 1259; x_wconf 86' lang='lat' dir='ltr'>antiqua</span> <span class='ocrx_word' id='word_1_52' title='bbox 1276 1190 1380 1260; x_wconf 91' lang='lat' dir='ltr'>potest</span> <span class='ocrx_word' id='word_1_53' title='bbox 1403 1182 1462 1242; x_wconf 90' lang='lat' dir='ltr'>sibi</span> <span class='ocrx_word' id='word_1_54' title='bbox 1486 1183 1570 1245; x_wconf 92' lang='lat' dir='ltr'>aliud</span> <span class='ocrx_word' id='word_1_55' title='bbox 1593 1186 1677 1245; x_wconf 89' lang='lat' dir='ltr'>aedi-</span> 
     </span>
     <span class='ocr_line' id='line_1_8' title="bbox 398 1274 1675 1367; baseline 0.006 -22"><span class='ocrx_word' id='word_1_56' title='bbox 398 1282 503 1345; x_wconf 87' lang='lat' dir='ltr'>ficium</span> <span class='ocrx_word' id='word_1_57' title='bbox 527 1274 640 1365; x_wconf 83' lang='lat' dir='ltr'>facere,</span> <span class='ocrx_word' id='word_1_58' title='bbox 671 1286 871 1367; x_wconf 86' lang='lat' dir='ltr'>loenilegium</span> <span class='ocrx_word' id='word_1_59' title='bbox 896 1288 927 1346; x_wconf 93' lang='lat' dir='ltr'>in</span> <span class='ocrx_word' id='word_1_60' title='bbox 950 1288 1102 1347; x_wconf 90' lang='lat' dir='ltr'>columnis</span> <span class='ocrx_word' id='word_1_61' title='bbox 1126 1287 1147 1348; x_wconf 88' lang='grc'><strong>6</strong></span> <span class='ocrx_word' id='word_1_62' title='bbox 1172 1289 1331 1349; x_wconf 84' lang='lat' dir='ltr'>asseribus</span> <span class='ocrx_word' id='word_1_63' title='bbox 1355 1290 1439 1350; x_wconf 90' lang='lat' dir='ltr'>circa</span> <span class='ocrx_word' id='word_1_64' title='bbox 1470 1290 1587 1351; x_wconf 90' lang='lat' dir='ltr'>circum</span> <span class='ocrx_word' id='word_1_65' title='bbox 1618 1293 1675 1353; x_wconf 88' lang='lat' dir='ltr'>cir·</span> 
     </span>
     <span class='ocr_line' id='line_1_9' title="bbox 383 1374 1677 1477; baseline 0.005 -24"><span class='ocrx_word' id='word_1_66' title='bbox 383 1374 586 1467; x_wconf 41' lang='lat' dir='ltr'>&#39;cumdatum</span> <span class='ocrx_word' id='word_1_67' title='bbox 610 1395 703 1453; x_wconf 89' lang='lat' dir='ltr'>haras</span> <span class='ocrx_word' id='word_1_68' title='bbox 729 1393 907 1453; x_wconf 89' lang='lat' dir='ltr'>animalium</span> <span class='ocrx_word' id='word_1_69' title='bbox 931 1395 972 1454; x_wconf 92' lang='lat' dir='ltr'>ad</span> <span class='ocrx_word' id='word_1_70' title='bbox 995 1415 1090 1455; x_wconf 88' lang='lat' dir='ltr'>unam</span> <span class='ocrx_word' id='word_1_71' title='bbox 1122 1397 1299 1455; x_wconf 87' lang='lat' dir='ltr'>clausuram</span> <span class='ocrx_word' id='word_1_72' title='bbox 1323 1396 1477 1476; x_wconf 69' lang='lat' dir='ltr'>antiquas</span> <span class='ocrx_word' id='word_1_73' title='bbox 1507 1417 1590 1477; x_wconf 88' lang='lat' dir='ltr'>quae</span> <span class='ocrx_word' id='word_1_74' title='bbox 1613 1418 1677 1459; x_wconf 94' lang='lat' dir='ltr'>non</span> 
     </span>
     <span class='ocr_line' id='line_1_10' title="bbox 398 1502 1676 1584; baseline 0.005 -23"><span class='ocrx_word' id='word_1_75' title='bbox 398 1509 469 1561; x_wconf 91' lang='lat' dir='ltr'>sunt</span> <span class='ocrx_word' id='word_1_76' title='bbox 504 1502 598 1561; x_wconf 88' lang='lat' dir='ltr'>harae</span> <span class='ocrx_word' id='word_1_77' title='bbox 634 1502 692 1561; x_wconf 89' lang='lat' dir='ltr'>nisi</span> <span class='ocrx_word' id='word_1_78' title='bbox 723 1521 780 1581; x_wconf 93' lang='lat' dir='ltr'>pro</span> <span class='ocrx_word' id='word_1_79' title='bbox 809 1502 972 1579; x_wconf 88' lang='lat' dir='ltr'>alatilibus,</span> <span class='ocrx_word' id='word_1_80' title='bbox 1011 1503 1169 1563; x_wconf 78' lang='lat' dir='ltr'>fornacem</span> <span class='ocrx_word' id='word_1_81' title='bbox 1199 1505 1369 1583; x_wconf 88' lang='lat' dir='ltr'>pistoream</span> <span class='ocrx_word' id='word_1_82' title='bbox 1402 1506 1563 1584; x_wconf 87' lang='lat' dir='ltr'>antiquam</span> <span class='ocrx_word' id='word_1_83' title='bbox 1593 1508 1676 1567; x_wconf 94' lang='lat' dir='ltr'>bono</span> 
     </span>
     <span class='ocr_line' id='line_1_11' title="bbox 397 1610 756 1688; baseline 0.011 -21"><span class='ocrx_word' id='word_1_84' title='bbox 397 1617 480 1668; x_wconf 90' lang='lat' dir='ltr'>tecto</span> <span class='ocrx_word' id='word_1_85' title='bbox 503 1628 565 1669; x_wconf 91' lang='lat' dir='ltr'>non</span> <span class='ocrx_word' id='word_1_86' title='bbox 589 1610 756 1688; x_wconf 86' lang='lat' dir='ltr'>provisam.</span> 
     </span>
    </p>
   </div>
   <div class='ocr_carea' id='block_1_4' title="bbox 395 1732 1676 2243">
    <p class='ocr_par' dir='ltr' id='par_1_4' title="bbox 395 1732 1676 2243">
     <span class='ocr_line' id='line_1_12' title="bbox 509 1732 1676 1818; baseline 0.005 -25"><span class='ocrx_word' id='word_1_87' title='bbox 509 1732 555 1796; x_wconf 79' lang='lat'>17,</span> <span class='ocrx_word' id='word_1_88' title='bbox 586 1735 706 1795; x_wconf 91' lang='lat' dir='ltr'>Nobilis</span> <span class='ocrx_word' id='word_1_89' title='bbox 736 1736 868 1795; x_wconf 90' lang='lat' dir='ltr'>loannes</span> <span class='ocrx_word' id='word_1_90' title='bbox 899 1737 1021 1813; x_wconf 83' lang='lat' dir='ltr'>Evang.</span> <span class='ocrx_word' id='word_1_91' title='bbox 1053 1736 1220 1797; x_wconf 88' lang='lat' dir='ltr'>Krisanich</span> <span class='ocrx_word' id='word_1_92' title='bbox 1243 1738 1339 1798; x_wconf 90' lang='lat' dir='ltr'>habet</span> <span class='ocrx_word' id='word_1_93' title='bbox 1363 1740 1490 1798; x_wconf 90' lang='lat' dir='ltr'>domum</span> <span class='ocrx_word' id='word_1_94' title='bbox 1515 1738 1676 1818; x_wconf 90' lang='lat' dir='ltr'>antiquam</span> 
     </span>
     <span class='ocr_line' id='line_1_13' title="bbox 395 1842 1675 1925; baseline 0.004 -24"><span class='ocrx_word' id='word_1_95' title='bbox 395 1843 592 1920; x_wconf 84' lang='lat' dir='ltr'>reparatione</span> <span class='ocrx_word' id='word_1_96' title='bbox 627 1843 828 1922; x_wconf 87' lang='lat' dir='ltr'>indigentem,</span> <span class='ocrx_word' id='word_1_97' title='bbox 864 1851 894 1903; x_wconf 91' lang='lat' dir='ltr'>et</span> <span class='ocrx_word' id='word_1_98' title='bbox 930 1842 961 1903; x_wconf 92' lang='lat' dir='ltr'>in</span> <span class='ocrx_word' id='word_1_99' title='bbox 996 1843 1114 1903; x_wconf 89' lang='lat' dir='ltr'>ambitu</span> <span class='ocrx_word' id='word_1_100' title='bbox 1138 1845 1305 1918; x_wconf 88' lang='lat' dir='ltr'>asseribus,</span> <span class='ocrx_word' id='word_1_101' title='bbox 1336 1845 1482 1905; x_wconf 89' lang='lat' dir='ltr'>horreum</span> <span class='ocrx_word' id='word_1_102' title='bbox 1514 1846 1675 1925; x_wconf 89' lang='lat' dir='ltr'>antiquum</span> 
     </span>
     <span class='ocr_line' id='line_1_14' title="bbox 396 1951 1672 2032; baseline 0.005 -24"><span class='ocrx_word' id='word_1_103' title='bbox 396 1968 506 2028; x_wconf 89' lang='lat' dir='ltr'>parum</span> <span class='ocrx_word' id='word_1_104' title='bbox 538 1951 665 2025; x_wconf 90' lang='lat' dir='ltr'>vallens,</span> <span class='ocrx_word' id='word_1_105' title='bbox 696 1952 790 2010; x_wconf 89' lang='lat' dir='ltr'>haras</span> <span class='ocrx_word' id='word_1_106' title='bbox 822 1951 861 2010; x_wconf 90' lang='lat' dir='ltr'>ad</span> <span class='ocrx_word' id='word_1_107' title='bbox 893 1952 972 2010; x_wconf 91' lang='lat' dir='ltr'>duas</span> <span class='ocrx_word' id='word_1_108' title='bbox 1003 1952 1164 2011; x_wconf 85' lang='lat' dir='ltr'>clausuras</span> <span class='ocrx_word' id='word_1_109' title='bbox 1200 1952 1344 2031; x_wconf 87' lang='lat' dir='ltr'>antiquas</span> <span class='ocrx_word' id='word_1_110' title='bbox 1386 1971 1468 2014; x_wconf 91' lang='lat' dir='ltr'>anno</span> <span class='ocrx_word' id='word_1_111' title='bbox 1504 1955 1672 2032; x_wconf 89' lang='lat' dir='ltr'>praeterito</span> 
     </span>
     <span class='ocr_line' id='line_1_15' title="bbox 396 2057 1672 2139; baseline 0.004 -22"><span class='ocrx_word' id='word_1_112' title='bbox 396 2065 558 2136; x_wconf 89' lang='lat' dir='ltr'>reparatas</span> <span class='ocrx_word' id='word_1_113' title='bbox 581 2058 648 2117; x_wconf 91' lang='lat' dir='ltr'>sine</span> <span class='ocrx_word' id='word_1_114' title='bbox 671 2058 761 2117; x_wconf 91' lang='lat' dir='ltr'>bonis</span> <span class='ocrx_word' id='word_1_115' title='bbox 784 2057 980 2137; x_wconf 84' lang='lat' dir='ltr'>pavimentis,</span> <span class='ocrx_word' id='word_1_116' title='bbox 1004 2057 1164 2118; x_wconf 72' lang='lat' dir='ltr'>fornacem</span> <span class='ocrx_word' id='word_1_117' title='bbox 1180 2058 1350 2137; x_wconf 89' lang='lat' dir='ltr'>pistoream</span> <span class='ocrx_word' id='word_1_118' title='bbox 1367 2060 1398 2120; x_wconf 95' lang='lat' dir='ltr'>in</span> <span class='ocrx_word' id='word_1_119' title='bbox 1414 2068 1497 2120; x_wconf 90' lang='lat' dir='ltr'>statu</span> <span class='ocrx_word' id='word_1_120' title='bbox 1515 2062 1672 2139; x_wconf 89' lang='lat' dir='ltr'>mediocri,</span> 
     </span>
     <span class='ocr_line' id='line_1_16' title="bbox 396 2164 1104 2243; baseline 0.003 -19"><span class='ocrx_word' id='word_1_121' title='bbox 396 2184 488 2225; x_wconf 90' lang='lat' dir='ltr'>secus</span> <span class='ocrx_word' id='word_1_122' title='bbox 511 2165 595 2224; x_wconf 90' lang='lat' dir='ltr'>nulla</span> <span class='ocrx_word' id='word_1_123' title='bbox 618 2164 769 2239; x_wconf 86' lang='lat' dir='ltr'>aedificia,</span> <span class='ocrx_word' id='word_1_124' title='bbox 793 2172 909 2243; x_wconf 86' lang='lat' dir='ltr'>puteus&#39;</span> <span class='ocrx_word' id='word_1_125' title='bbox 930 2165 1104 2227; x_wconf 91' lang='lat' dir='ltr'>mediocris.</span> 
     </span>
    </p>
   </div>
   <div class='ocr_carea' id='block_1_5' title="bbox 392 2288 1673 2691">
    <p class='ocr_par' dir='ltr' id='par_1_5' title="bbox 392 2288 1673 2691">
     <span class='ocr_line' id='line_1_17' title="bbox 508 2288 1673 2369; baseline 0.006 -20"><span class='ocrx_word' id='word_1_126' title='bbox 508 2288 554 2351; x_wconf 90' lang='lat'>18.</span> <span class='ocrx_word' id='word_1_127' title='bbox 578 2289 696 2350; x_wconf 90' lang='lat' dir='ltr'>Nobilis</span> <span class='ocrx_word' id='word_1_128' title='bbox 727 2290 860 2350; x_wconf 89' lang='lat' dir='ltr'>Ioannes</span> <span class='ocrx_word' id='word_1_129' title='bbox 891 2291 980 2369; x_wconf 88' lang='lat' dir='ltr'>Bapt.</span> <span class='ocrx_word' id='word_1_130' title='bbox 1012 2291 1117 2351; x_wconf 88' lang='lat' dir='ltr'>Koosz</span> <span class='ocrx_word' id='word_1_131' title='bbox 1140 2292 1235 2351; x_wconf 89' lang='lat' dir='ltr'>habet</span> <span class='ocrx_word' id='word_1_132' title='bbox 1258 2293 1385 2353; x_wconf 86' lang='lat' dir='ltr'>domurn</span> <span class='ocrx_word' id='word_1_133' title='bbox 1409 2294 1525 2354; x_wconf 90' lang='lat' dir='ltr'>bonam</span> <span class='ocrx_word' id='word_1_134' title='bbox 1549 2296 1673 2357; x_wconf 90' lang='lat' dir='ltr'>novitus</span> 
     </span>
     <span class='ocr_line' id='line_1_18' title="bbox 396 2397 1670 2483; baseline 0.005 -26"><span class='ocrx_word' id='word_1_135' title='bbox 396 2406 556 2471; x_wconf 87' lang='lat' dir='ltr'>errectam,</span> <span class='ocrx_word' id='word_1_136' title='bbox 580 2399 725 2457; x_wconf 90' lang='lat' dir='ltr'>horreum</span> <span class='ocrx_word' id='word_1_137' title='bbox 750 2397 910 2475; x_wconf 89' lang='lat' dir='ltr'>antiquum</span> <span class='ocrx_word' id='word_1_138' title='bbox 935 2417 1006 2457; x_wconf 92' lang='lat' dir='ltr'>cum</span> <span class='ocrx_word' id='word_1_139' title='bbox 1030 2417 1158 2458; x_wconf 88' lang='lat' dir='ltr'>camera</span> <span class='ocrx_word' id='word_1_140' title='bbox 1180 2399 1367 2475; x_wconf 80' lang='lat' dir='ltr'>trumentali,</span> <span class='ocrx_word' id='word_1_141' title='bbox 1391 2401 1518 2461; x_wconf 86' lang='lat' dir='ltr'>basibus</span> <span class='ocrx_word' id='word_1_142' title='bbox 1542 2403 1670 2483; x_wconf 85' lang='lat' dir='ltr'>indiget,</span> 
     </span>
     <span class='ocr_line' id='line_1_19' title="bbox 393 2504 1670 2588; baseline 0.006 -24"><span class='ocrx_word' id='word_1_143' title='bbox 393 2506 487 2564; x_wconf 89' lang='lat' dir='ltr'>haras</span> <span class='ocrx_word' id='word_1_144' title='bbox 510 2505 550 2564; x_wconf 91' lang='lat' dir='ltr'>ad</span> <span class='ocrx_word' id='word_1_145' title='bbox 575 2504 594 2563; x_wconf 84' lang='lat'><strong>2</strong></span> <span class='ocrx_word' id='word_1_146' title='bbox 619 2506 780 2565; x_wconf 87' lang='lat' dir='ltr'>clausuras</span> <span class='ocrx_word' id='word_1_147' title='bbox 815 2506 994 2565; x_wconf 88' lang='lat' dir='ltr'>animalium</span> <span class='ocrx_word' id='word_1_148' title='bbox 1018 2506 1127 2583; x_wconf 88' lang='lat' dir='ltr'>bonas,</span> <span class='ocrx_word' id='word_1_149' title='bbox 1161 2508 1320 2568; x_wconf 88' lang='lat' dir='ltr'>lornacem</span> <span class='ocrx_word' id='word_1_150' title='bbox 1344 2509 1513 2587; x_wconf 87' lang='lat' dir='ltr'>pistoream</span> <span class='ocrx_word' id='word_1_151' title='bbox 1545 2512 1670 2588; x_wconf 89' lang='lat' dir='ltr'>bonam,</span> 
     </span>
     <span class='ocr_line' id='line_1_20' title="bbox 392 2612 718 2691; baseline 0.003 -20"><span class='ocrx_word' id='word_1_152' title='bbox 392 2621 504 2691; x_wconf 91' lang='lat' dir='ltr'>puteus</span> <span class='ocrx_word' id='word_1_153' title='bbox 528 2612 603 2672; x_wconf 91' lang='lat' dir='ltr'>nihil</span> <span class='ocrx_word' id='word_1_154' title='bbox 627 2614 718 2673; x_wconf 90' lang='lat' dir='ltr'>valet.</span> 
     </span>
    </p>
   </div>
   <div class='ocr_carea' id='block_1_6' title="bbox 387 2736 1670 3462">
    <p class='ocr_par' dir='ltr' id='par_1_6' title="bbox 387 2736 1670 3462">
     <span class='ocr_line' id='line_1_21' title="bbox 502 2736 1670 2824; baseline 0.008 -26"><span class='ocrx_word' id='word_1_155' title='bbox 502 2736 549 2799; x_wconf 84' lang='lat'>19.</span> <span class='ocrx_word' id='word_1_156' title='bbox 579 2739 699 2800; x_wconf 88' lang='lat' dir='ltr'>Nobilis</span> <span class='ocrx_word' id='word_1_157' title='bbox 730 2741 863 2800; x_wconf 90' lang='lat' dir='ltr'>Ioannes</span> <span class='ocrx_word' id='word_1_158' title='bbox 895 2740 983 2820; x_wconf 87' lang='lat' dir='ltr'>Bapt.</span> <span class='ocrx_word' id='word_1_159' title='bbox 1014 2741 1153 2802; x_wconf 88' lang='lat' dir='ltr'>Skvorcz</span> <span class='ocrx_word' id='word_1_160' title='bbox 1184 2743 1279 2804; x_wconf 88' lang='lat' dir='ltr'>habet</span> <span class='ocrx_word' id='word_1_161' title='bbox 1302 2744 1430 2804; x_wconf 92' lang='lat' dir='ltr'>domum</span> <span class='ocrx_word' id='word_1_162' title='bbox 1454 2744 1615 2824; x_wconf 91' lang='lat' dir='ltr'>antiquam</span> <span class='ocrx_word' id='word_1_163' title='bbox 1639 2744 1670 2807; x_wconf 85' lang='lat' dir='ltr'>ei</span> 
     </span>
     <span class='ocr_line' id='line_1_22' title="bbox 388 2848 1670 2932; baseline 0.005 -27"><span class='ocrx_word' id='word_1_164' title='bbox 388 2855 565 2926; x_wconf 89' lang='lat' dir='ltr'>angustam,</span> <span class='ocrx_word' id='word_1_165' title='bbox 597 2848 730 2925; x_wconf 91' lang='lat' dir='ltr'>primum</span> <span class='ocrx_word' id='word_1_166' title='bbox 762 2848 938 2907; x_wconf 89' lang='lat' dir='ltr'>cubiculum</span> <span class='ocrx_word' id='word_1_167' title='bbox 963 2848 1083 2928; x_wconf 83' lang='lat' dir='ltr'>indiget</span> <span class='ocrx_word' id='word_1_168' title='bbox 1106 2850 1312 2928; x_wconf 85' lang='lat' dir='ltr'>reparatione,</span> <span class='ocrx_word' id='word_1_169' title='bbox 1337 2860 1368 2910; x_wconf 90' lang='lat' dir='ltr'>et</span> <span class='ocrx_word' id='word_1_170' title='bbox 1392 2851 1527 2910; x_wconf 91' lang='lat' dir='ltr'>ambitus</span> <span class='ocrx_word' id='word_1_171' title='bbox 1550 2852 1670 2932; x_wconf 87' lang='lat' dir='ltr'>indiget</span> 
     </span>
     <span class='ocr_line' id='line_1_23' title="bbox 388 2955 1670 3037; baseline 0.004 -24"><span class='ocrx_word' id='word_1_172' title='bbox 388 2955 553 3029; x_wconf 86' lang='lat' dir='ltr'>asseribus,</span> <span class='ocrx_word' id='word_1_173' title='bbox 577 2955 690 3015; x_wconf 89' lang='lat' dir='ltr'>horrea</span> <span class='ocrx_word' id='word_1_174' title='bbox 714 2956 785 3030; x_wconf 85' lang='lat' dir='ltr'>due,</span> <span class='ocrx_word' id='word_1_175' title='bbox 808 2976 905 3015; x_wconf 90' lang='lat' dir='ltr'>unum</span> <span class='ocrx_word' id='word_1_176' title='bbox 929 2975 1046 3016; x_wconf 93' lang='lat' dir='ltr'>novum</span> <span class='ocrx_word' id='word_1_177' title='bbox 1074 2958 1200 3034; x_wconf 90' lang='lat' dir='ltr'>bonum,</span> <span class='ocrx_word' id='word_1_178' title='bbox 1232 2959 1315 3018; x_wconf 91' lang='lat' dir='ltr'>aliud</span> <span class='ocrx_word' id='word_1_179' title='bbox 1340 2959 1501 3037; x_wconf 89' lang='lat' dir='ltr'>antiquum</span> <span class='ocrx_word' id='word_1_180' title='bbox 1532 2959 1563 3019; x_wconf 89' lang='lat' dir='ltr'>in</span> <span class='ocrx_word' id='word_1_181' title='bbox 1586 2968 1670 3019; x_wconf 86' lang='lat' dir='ltr'>statu</span> 
     </span>
     <span class='ocr_line' id='line_1_24' title="bbox 387 3061 1670 3144; baseline 0.005 -24"><span class='ocrx_word' id='word_1_182' title='bbox 387 3061 534 3121; x_wconf 88' lang='lat' dir='ltr'>mediocri</span> <span class='ocrx_word' id='word_1_183' title='bbox 566 3071 636 3140; x_wconf 90' lang='lat' dir='ltr'>post</span> <span class='ocrx_word' id='word_1_184' title='bbox 668 3063 785 3142; x_wconf 91' lang='lat' dir='ltr'>aliquot</span> <span class='ocrx_word' id='word_1_185' title='bbox 817 3083 915 3123; x_wconf 88' lang='lat' dir='ltr'>annos</span> <span class='ocrx_word' id='word_1_186' title='bbox 948 3063 1076 3123; x_wconf 87' lang='lat' dir='ltr'>basibus</span> <span class='ocrx_word' id='word_1_187' title='bbox 1112 3064 1258 3144; x_wconf 89' lang='lat' dir='ltr'>indigens</span> <span class='ocrx_word' id='word_1_188' title='bbox 1282 3075 1313 3125; x_wconf 92' lang='lat' dir='ltr'>et</span> <span class='ocrx_word' id='word_1_189' title='bbox 1337 3065 1544 3143; x_wconf 87' lang='lat' dir='ltr'>reparatione,</span> <span class='ocrx_word' id='word_1_190' title='bbox 1575 3067 1670 3126; x_wconf 89' lang='lat' dir='ltr'>haras</span> 
     </span>
     <span class='ocr_line' id='line_1_25' title="bbox 388 3169 1669 3251; baseline 0.004 -23"><span class='ocrx_word' id='word_1_191' title='bbox 388 3169 566 3229; x_wconf 90' lang='lat' dir='ltr'>animalium</span> <span class='ocrx_word' id='word_1_192' title='bbox 599 3170 638 3229; x_wconf 90' lang='lat' dir='ltr'>ad</span> <span class='ocrx_word' id='word_1_193' title='bbox 670 3169 748 3230; x_wconf 91' lang='lat' dir='ltr'>duas</span> <span class='ocrx_word' id='word_1_194' title='bbox 780 3171 940 3230; x_wconf 81' lang='lat' dir='ltr'>clausuras</span> <span class='ocrx_word' id='word_1_195' title='bbox 968 3171 1113 3249; x_wconf 87' lang='lat' dir='ltr'>antiquas</span> <span class='ocrx_word' id='word_1_196' title='bbox 1145 3180 1237 3251; x_wconf 89' lang='lat' dir='ltr'>prout</span> <span class='ocrx_word' id='word_1_197' title='bbox 1269 3180 1299 3232; x_wconf 90' lang='lat' dir='ltr'>et</span> <span class='ocrx_word' id='word_1_198' title='bbox 1334 3192 1432 3251; x_wconf 88' lang='lat' dir='ltr'>penes</span> <span class='ocrx_word' id='word_1_199' title='bbox 1463 3173 1541 3234; x_wconf 89' lang='lat' dir='ltr'>alias</span> <span class='ocrx_word' id='word_1_200' title='bbox 1575 3175 1669 3234; x_wconf 90' lang='lat' dir='ltr'>haras</span> 
     </span>
     <span class='ocr_line' id='line_1_26' title="bbox 389 3253 1669 3359; baseline 0.004 -23"><span class='ocrx_word' id='word_1_201' title='bbox 389 3277 532 3356; x_wconf 88' lang='lat' dir='ltr'>antiquas</span> <span class='ocrx_word' id='word_1_202' title='bbox 556 3279 597 3338; x_wconf 90' lang='lat' dir='ltr'>ad</span> <span class='ocrx_word' id='word_1_203' title='bbox 620 3253 699 3337; x_wconf 85' lang='lat' dir='ltr'>duas</span> <span class='ocrx_word' id='word_1_204' title='bbox 732 3278 894 3338; x_wconf 89' lang='lat' dir='ltr'>clausuras</span> <span class='ocrx_word' id='word_1_205' title='bbox 918 3278 948 3337; x_wconf 95' lang='lat' dir='ltr'>in</span> <span class='ocrx_word' id='word_1_206' title='bbox 973 3278 1088 3338; x_wconf 89' lang='lat' dir='ltr'>misero</span> <span class='ocrx_word' id='word_1_207' title='bbox 1112 3287 1205 3354; x_wconf 89' lang='lat' dir='ltr'>statu,</span> <span class='ocrx_word' id='word_1_208' title='bbox 1228 3281 1388 3340; x_wconf 85' lang='lat' dir='ltr'>lomacern</span> <span class='ocrx_word' id='word_1_209' title='bbox 1412 3280 1581 3359; x_wconf 88' lang='lat' dir='ltr'>pistoream</span> <span class='ocrx_word' id='word_1_210' title='bbox 1605 3301 1669 3341; x_wconf 88' lang='lat' dir='ltr'>me-</span> 
     </span>
     <span class='ocr_line' id='line_1_27' title="bbox 388 3385 878 3462; baseline 0.002 -18"><span class='ocrx_word' id='word_1_211' title='bbox 388 3385 536 3457; x_wconf 91' lang='lat' dir='ltr'>diocrem,</span> <span class='ocrx_word' id='word_1_212' title='bbox 560 3392 672 3462; x_wconf 89' lang='lat' dir='ltr'>puteus</span> <span class='ocrx_word' id='word_1_213' title='bbox 696 3385 797 3444; x_wconf 91' lang='lat' dir='ltr'>bonus</span> <span class='ocrx_word' id='word_1_214' title='bbox 822 3393 878 3445; x_wconf 81' lang='lat' dir='ltr'>est</span> 
     </span>
    </p>
   </div>
   <div class='ocr_carea' id='block_1_7' title="bbox 382 3506 1673 4984">
    <p class='ocr_par' dir='ltr' id='par_1_7' title="bbox 382 3506 1673 4984">
     <span class='ocr_line' id='line_1_28' title="bbox 495 3506 1672 3592; baseline 0.006 -25"><span class='ocrx_word' id='word_1_215' title='bbox 495 3506 548 3568; x_wconf 88' lang='lat'>20.</span> <span class='ocrx_word' id='word_1_216' title='bbox 573 3509 693 3569; x_wconf 92' lang='lat' dir='ltr'>Nobilis</span> <span class='ocrx_word' id='word_1_217' title='bbox 721 3511 836 3570; x_wconf 90' lang='lat' dir='ltr'>Paulus</span> <span class='ocrx_word' id='word_1_218' title='bbox 868 3510 1043 3584; x_wconf 86' lang='lat' dir='ltr'>Vitkovich,</span> <span class='ocrx_word' id='word_1_219' title='bbox 1067 3511 1183 3571; x_wconf 91' lang='lat' dir='ltr'>domini</span> <span class='ocrx_word' id='word_1_220' title='bbox 1207 3513 1362 3591; x_wconf 90' lang='lat' dir='ltr'>capitanei</span> <span class='ocrx_word' id='word_1_221' title='bbox 1394 3515 1552 3592; x_wconf 85' lang='lat' dir='ltr'>patruelis,</span> <span class='ocrx_word' id='word_1_222' title='bbox 1576 3514 1672 3575; x_wconf 89' lang='lat' dir='ltr'>habet</span> 
     </span>
     <span class='ocr_line' id='line_1_29' title="bbox 387 3617 1665 3699; baseline 0.005 -25"><span class='ocrx_word' id='word_1_223' title='bbox 387 3617 514 3675; x_wconf 92' lang='lat' dir='ltr'>domum</span> <span class='ocrx_word' id='word_1_224' title='bbox 538 3617 706 3695; x_wconf 89' lang='lat' dir='ltr'>antiquam,</span> <span class='ocrx_word' id='word_1_225' title='bbox 730 3618 841 3677; x_wconf 87' lang='lat' dir='ltr'>sedin</span> <span class='ocrx_word' id='word_1_226' title='bbox 865 3626 949 3678; x_wconf 89' lang='lat' dir='ltr'>statu</span> <span class='ocrx_word' id='word_1_227' title='bbox 973 3619 1130 3692; x_wconf 90' lang='lat' dir='ltr'>mediocri,</span> <span class='ocrx_word' id='word_1_228' title='bbox 1147 3619 1204 3679; x_wconf 91' lang='lat' dir='ltr'>sed</span> <span class='ocrx_word' id='word_1_229' title='bbox 1227 3639 1290 3699; x_wconf 89' lang='lat' dir='ltr'>qua</span> <span class='ocrx_word' id='word_1_230' title='bbox 1314 3621 1457 3680; x_wconf 91' lang='lat' dir='ltr'>dominus</span> <span class='ocrx_word' id='word_1_231' title='bbox 1481 3621 1665 3699; x_wconf 87' lang='lat' dir='ltr'>capitaneus</span> 
     </span>
     <span class='ocr_line' id='line_1_30' title="bbox 387 3723 1668 3806; baseline 0.005 -24"><span class='ocrx_word' id='word_1_232' title='bbox 387 3723 498 3783; x_wconf 91' lang='lat' dir='ltr'>nobilis</span> <span class='ocrx_word' id='word_1_233' title='bbox 522 3724 634 3802; x_wconf 88' lang='lat' dir='ltr'>Campi</span> <span class='ocrx_word' id='word_1_234' title='bbox 666 3725 836 3804; x_wconf 84' lang='lat' dir='ltr'>Turopolja</span> <span class='ocrx_word' id='word_1_235' title='bbox 868 3725 958 3786; x_wconf 91' lang='lat' dir='ltr'>simul</span> <span class='ocrx_word' id='word_1_236' title='bbox 990 3727 1130 3787; x_wconf 88' lang='lat' dir='ltr'>habitare</span> <span class='ocrx_word' id='word_1_237' title='bbox 1162 3748 1234 3787; x_wconf 88' lang='lat' dir='ltr'>cum</span> <span class='ocrx_word' id='word_1_238' title='bbox 1258 3729 1399 3806; x_wconf 88' lang='lat' dir='ltr'>patruele</span> <span class='ocrx_word' id='word_1_239' title='bbox 1430 3737 1462 3788; x_wconf 91' lang='lat' dir='ltr'>et</span> <span class='ocrx_word' id='word_1_240' title='bbox 1491 3729 1586 3789; x_wconf 80' lang='lat' dir='ltr'>tratre</span> <span class='ocrx_word' id='word_1_241' title='bbox 1611 3749 1668 3789; x_wconf 92' lang='lat' dir='ltr'>suo</span> 
     </span>
     <span class='ocr_line' id='line_1_31' title="bbox 386 3832 1668 3913; baseline 0.002 -21"><span class='ocrx_word' id='word_1_242' title='bbox 386 3832 493 3910; x_wconf 90' lang='lat' dir='ltr'>nequit</span> <span class='ocrx_word' id='word_1_243' title='bbox 524 3841 650 3910; x_wconf 89' lang='lat' dir='ltr'>propter</span> <span class='ocrx_word' id='word_1_244' title='bbox 684 3841 852 3912; x_wconf 87' lang='lat' dir='ltr'>angustam</span> <span class='ocrx_word' id='word_1_245' title='bbox 875 3835 1011 3906; x_wconf 87' lang='lat' dir='ltr'>domurn,</span> <span class='ocrx_word' id='word_1_246' title='bbox 1045 3835 1160 3894; x_wconf 90' lang='lat' dir='ltr'>vellent</span> <span class='ocrx_word' id='word_1_247' title='bbox 1182 3835 1314 3913; x_wconf 79' lang='lat' dir='ltr'>praelati</span> <span class='ocrx_word' id='word_1_248' title='bbox 1338 3834 1526 3895; x_wconf 85' lang='lat' dir='ltr'>Vitkovichii</span> <span class='ocrx_word' id='word_1_249' title='bbox 1550 3836 1668 3896; x_wconf 90' lang='lat' dir='ltr'>curiam</span> 
     </span>
     <span class='ocr_line' id='line_1_32' title="bbox 386 3940 1667 4028; baseline 0.004 -30"><span class='ocrx_word' id='word_1_250' title='bbox 386 3950 449 3999; x_wconf 88' lang='lat' dir='ltr'>tam</span> <span class='ocrx_word' id='word_1_251' title='bbox 474 3960 530 4019; x_wconf 93' lang='lat' dir='ltr'>pro</span> <span class='ocrx_word' id='word_1_252' title='bbox 554 3940 680 4000; x_wconf 92' lang='lat' dir='ltr'>domino</span> <span class='ocrx_word' id='word_1_253' title='bbox 704 3941 877 4019; x_wconf 90' lang='lat' dir='ltr'>capitaneo,</span> <span class='ocrx_word' id='word_1_254' title='bbox 894 3961 990 4020; x_wconf 88' lang='lat' dir='ltr'>quam</span> <span class='ocrx_word' id='word_1_255' title='bbox 1006 3950 1037 4028; x_wconf 83' lang='lat' dir='ltr'>et</span> <span class='ocrx_word' id='word_1_256' title='bbox 1061 3962 1117 4020; x_wconf 89' lang='lat' dir='ltr'>pro</span> <span class='ocrx_word' id='word_1_257' title='bbox 1141 3961 1175 4002; x_wconf 87' lang='lat' dir='ltr'>se</span> <span class='ocrx_word' id='word_1_258' title='bbox 1199 3951 1352 4017; x_wconf 83' lang='lat' dir='ltr'>extruere,</span> <span class='ocrx_word' id='word_1_259' title='bbox 1377 3961 1416 4001; x_wconf 84' lang='lat' dir='ltr'>ex</span> <span class='ocrx_word' id='word_1_260' title='bbox 1440 3943 1569 4022; x_wconf 88' lang='lat' dir='ltr'>antiqua</span> <span class='ocrx_word' id='word_1_261' title='bbox 1592 3963 1667 4004; x_wconf 88' lang='lat' dir='ltr'>vero</span> 
     </span>
     <span class='ocr_line' id='line_1_33' title="bbox 388 4047 1664 4128; baseline 0.004 -23"><span class='ocrx_word' id='word_1_262' title='bbox 388 4047 482 4106; x_wconf 93' lang='lat' dir='ltr'>domo</span> <span class='ocrx_word' id='word_1_263' title='bbox 507 4047 590 4107; x_wconf 90' lang='lat' dir='ltr'>aliud</span> <span class='ocrx_word' id='word_1_264' title='bbox 614 4047 673 4106; x_wconf 92' lang='lat' dir='ltr'>sibi</span> <span class='ocrx_word' id='word_1_265' title='bbox 696 4048 871 4108; x_wconf 87' lang='lat' dir='ltr'>aedificium</span> <span class='ocrx_word' id='word_1_266' title='bbox 904 4049 1115 4108; x_wconf 88' lang='lat' dir='ltr'>necessarium</span> <span class='ocrx_word' id='word_1_267' title='bbox 1140 4049 1253 4122; x_wconf 83' lang='lat' dir='ltr'>lacere,</span> <span class='ocrx_word' id='word_1_268' title='bbox 1278 4049 1321 4108; x_wconf 91' lang='lat' dir='ltr'>uti</span> <span class='ocrx_word' id='word_1_269' title='bbox 1344 4067 1487 4108; x_wconf 88' lang='lat' dir='ltr'>cameras</span> <span class='ocrx_word' id='word_1_270' title='bbox 1511 4069 1568 4128; x_wconf 88' lang='lat' dir='ltr'>pro</span> <span class='ocrx_word' id='word_1_271' title='bbox 1591 4050 1664 4110; x_wconf 90' lang='lat' dir='ltr'>scri-</span> 
     </span>
     <span class='ocr_line' id='line_1_34' title="bbox 386 4154 1662 4233; baseline 0.003 -21"><span class='ocrx_word' id='word_1_272' title='bbox 386 4154 443 4213; x_wconf 93' lang='lat' dir='ltr'>niis</span> <span class='ocrx_word' id='word_1_273' title='bbox 468 4154 630 4214; x_wconf 89' lang='lat' dir='ltr'>mulierum</span> <span class='ocrx_word' id='word_1_274' title='bbox 654 4163 799 4233; x_wconf 88' lang='lat' dir='ltr'>possunt;</span> <span class='ocrx_word' id='word_1_275' title='bbox 825 4157 937 4215; x_wconf 88' lang='lat' dir='ltr'>horrea</span> <span class='ocrx_word' id='word_1_276' title='bbox 961 4157 1032 4230; x_wconf 92' lang='lat' dir='ltr'>duo,</span> <span class='ocrx_word' id='word_1_277' title='bbox 1056 4175 1152 4215; x_wconf 93' lang='lat' dir='ltr'>unum</span> <span class='ocrx_word' id='word_1_278' title='bbox 1177 4156 1293 4216; x_wconf 94' lang='lat' dir='ltr'>bonum</span> <span class='ocrx_word' id='word_1_279' title='bbox 1317 4155 1384 4216; x_wconf 90' lang='lat' dir='ltr'>sine</span> <span class='ocrx_word' id='word_1_280' title='bbox 1409 4156 1538 4216; x_wconf 88' lang='lat' dir='ltr'>basibus</span> <span class='ocrx_word' id='word_1_281' title='bbox 1561 4157 1662 4233; x_wconf 90' lang='lat' dir='ltr'>bonis,</span> 
     </span>
     <span class='ocr_line' id='line_1_35' title="bbox 386 4261 1663 4344; baseline 0.004 -24"><span class='ocrx_word' id='word_1_282' title='bbox 386 4261 468 4321; x_wconf 89' lang='lat' dir='ltr'>aliud</span> <span class='ocrx_word' id='word_1_283' title='bbox 485 4281 560 4321; x_wconf 90' lang='lat' dir='ltr'>vero</span> <span class='ocrx_word' id='word_1_284' title='bbox 577 4262 738 4342; x_wconf 91' lang='lat' dir='ltr'>antiquum</span> <span class='ocrx_word' id='word_1_285' title='bbox 765 4263 893 4322; x_wconf 91' lang='lat' dir='ltr'>basibus</span> <span class='ocrx_word' id='word_1_286' title='bbox 910 4273 941 4322; x_wconf 85' lang='lat' dir='ltr'>et</span> <span class='ocrx_word' id='word_1_287' title='bbox 956 4263 1154 4342; x_wconf 89' lang='lat' dir='ltr'>reparatione</span> <span class='ocrx_word' id='word_1_288' title='bbox 1186 4264 1340 4344; x_wconf 72' lang='lat' dir='ltr'>indigens</span> <span class='ocrx_word' id='word_1_289' title='bbox 1364 4265 1458 4324; x_wconf 89' lang='lat' dir='ltr'>haras</span> <span class='ocrx_word' id='word_1_290' title='bbox 1482 4264 1663 4325; x_wconf 89' lang='lat' dir='ltr'>animalium</span> 
     </span>
     <span class='ocr_line' id='line_1_36' title="bbox 385 4369 1664 4444; baseline 0.004 -17"><span class='ocrx_word' id='word_1_291' title='bbox 385 4387 484 4428; x_wconf 90' lang='lat' dir='ltr'>novas</span> <span class='ocrx_word' id='word_1_292' title='bbox 508 4388 546 4428; x_wconf 88' lang='lat' dir='ltr'>ex</span> <span class='ocrx_word' id='word_1_293' title='bbox 570 4369 677 4428; x_wconf 89' lang='lat' dir='ltr'>solidis</span> <span class='ocrx_word' id='word_1_294' title='bbox 701 4370 864 4430; x_wconf 90' lang='lat' dir='ltr'>roboribus</span> <span class='ocrx_word' id='word_1_295' title='bbox 888 4379 1063 4430; x_wconf 88' lang='lat' dir='ltr'>exstructas</span> <span class='ocrx_word' id='word_1_296' title='bbox 1088 4371 1128 4430; x_wconf 87' lang='lat' dir='ltr'>ad</span> <span class='ocrx_word' id='word_1_297' title='bbox 1152 4373 1313 4432; x_wconf 85' lang='lat' dir='ltr'>clausuras</span> <span class='ocrx_word' id='word_1_298' title='bbox 1337 4370 1375 4444; x_wconf 83' lang='lat'>4;</span> <span class='ocrx_word' id='word_1_299' title='bbox 1407 4372 1481 4431; x_wconf 90' lang='lat' dir='ltr'>item</span> <span class='ocrx_word' id='word_1_300' title='bbox 1505 4391 1664 4433; x_wconf 91' lang='lat' dir='ltr'>cameram</span> 
     </span>
     <span class='ocr_line' id='line_1_37' title="bbox 385 4476 1673 4559; baseline 0.004 -25"><span class='ocrx_word' id='word_1_301' title='bbox 385 4476 545 4554; x_wconf 89' lang='lat' dir='ltr'>antiquam</span> <span class='ocrx_word' id='word_1_302' title='bbox 569 4478 609 4536; x_wconf 90' lang='lat' dir='ltr'>ad</span> <span class='ocrx_word' id='word_1_303' title='bbox 633 4478 713 4537; x_wconf 90' lang='lat' dir='ltr'>duas</span> <span class='ocrx_word' id='word_1_304' title='bbox 736 4478 897 4538; x_wconf 88' lang='lat' dir='ltr'>clausuras</span> <span class='ocrx_word' id='word_1_305' title='bbox 920 4479 1049 4539; x_wconf 88' lang='lat' dir='ltr'>basibus</span> <span class='ocrx_word' id='word_1_306' title='bbox 1065 4479 1266 4559; x_wconf 82' lang='lat' dir='ltr'>indigentem,</span> <span class='ocrx_word' id='word_1_307' title='bbox 1294 4481 1388 4539; x_wconf 86' lang='lat' dir='ltr'>haras</span> <span class='ocrx_word' id='word_1_308' title='bbox 1405 4480 1562 4539; x_wconf 90' lang='lat' dir='ltr'>maialium</span> <span class='ocrx_word' id='word_1_309' title='bbox 1594 4501 1673 4540; x_wconf 86' lang='lat' dir='ltr'>cum</span> 
     </span>
     <span class='ocr_line' id='line_1_38' title="bbox 386 4583 1667 4662; baseline 0.005 -20"><span class='ocrx_word' id='word_1_310' title='bbox 386 4583 493 4662; x_wconf 89' lang='lat' dir='ltr'>pojata</span> <span class='ocrx_word' id='word_1_311' title='bbox 524 4585 564 4644; x_wconf 91' lang='lat' dir='ltr'>ad</span> <span class='ocrx_word' id='word_1_312' title='bbox 595 4583 616 4644; x_wconf 88' lang='grc'>4</span> <span class='ocrx_word' id='word_1_313' title='bbox 649 4587 819 4659; x_wconf 90' lang='lat' dir='ltr'>clausuras,</span> <span class='ocrx_word' id='word_1_314' title='bbox 850 4605 941 4646; x_wconf 88' lang='lat' dir='ltr'>secus</span> <span class='ocrx_word' id='word_1_315' title='bbox 965 4587 995 4647; x_wconf 94' lang='lat' dir='ltr'>in</span> <span class='ocrx_word' id='word_1_316' title='bbox 1020 4588 1103 4647; x_wconf 94' lang='lat' dir='ltr'>bono</span> <span class='ocrx_word' id='word_1_317' title='bbox 1127 4596 1210 4647; x_wconf 89' lang='lat' dir='ltr'>statu</span> <span class='ocrx_word' id='word_1_318' title='bbox 1242 4587 1310 4647; x_wconf 89' lang='lat' dir='ltr'>sine</span> <span class='ocrx_word' id='word_1_319' title='bbox 1340 4588 1469 4648; x_wconf 87' lang='lat' dir='ltr'>basibus</span> <span class='ocrx_word' id='word_1_320' title='bbox 1492 4587 1592 4662; x_wconf 89' lang='lat' dir='ltr'>bonis,</span> <span class='ocrx_word' id='word_1_321' title='bbox 1617 4608 1667 4648; x_wconf 92' lang='lat' dir='ltr'>ca·</span> 
     </span>
     <span class='ocr_line' id='line_1_39' title="bbox 383 4694 1663 4774; baseline 0.005 -25"><span class='ocrx_word' id='word_1_322' title='bbox 383 4709 502 4750; x_wconf 88' lang='lat' dir='ltr'>meram</span> <span class='ocrx_word' id='word_1_323' title='bbox 526 4711 641 4752; x_wconf 89' lang='lat' dir='ltr'>novam</span> <span class='ocrx_word' id='word_1_324' title='bbox 666 4694 804 4769; x_wconf 89' lang='lat' dir='ltr'>pulcram</span> <span class='ocrx_word' id='word_1_325' title='bbox 831 4695 870 4753; x_wconf 91' lang='lat' dir='ltr'>ad</span> <span class='ocrx_word' id='word_1_326' title='bbox 895 4695 974 4753; x_wconf 89' lang='lat' dir='ltr'>duas</span> <span class='ocrx_word' id='word_1_327' title='bbox 998 4695 1160 4753; x_wconf 87' lang='lat' dir='ltr'>clausuras</span> <span class='ocrx_word' id='word_1_328' title='bbox 1184 4695 1279 4753; x_wconf 88' lang='lat' dir='ltr'>habet</span> <span class='ocrx_word' id='word_1_329' title='bbox 1310 4694 1377 4753; x_wconf 88' lang='lat' dir='ltr'>sine</span> <span class='ocrx_word' id='word_1_330' title='bbox 1409 4695 1545 4755; x_wconf 89' lang='lat' dir='ltr'>inferiori</span> <span class='ocrx_word' id='word_1_331' title='bbox 1577 4697 1663 4774; x_wconf 89' lang='lat' dir='ltr'>pavi·</span> 
     </span>
     <span class='ocr_line' id='line_1_40' title="bbox 384 4799 1663 4881; baseline 0.006 -26"><span class='ocrx_word' id='word_1_332' title='bbox 384 4807 497 4874; x_wconf 88' lang='lat' dir='ltr'>ment0,</span> <span class='ocrx_word' id='word_1_333' title='bbox 520 4799 654 4858; x_wconf 90' lang='lat' dir='ltr'>culinam</span> <span class='ocrx_word' id='word_1_334' title='bbox 678 4819 750 4859; x_wconf 91' lang='lat' dir='ltr'>cum</span> <span class='ocrx_word' id='word_1_335' title='bbox 774 4799 900 4859; x_wconf 88' lang='lat' dir='ltr'>fornace</span> <span class='ocrx_word' id='word_1_336' title='bbox 932 4819 1047 4860; x_wconf 90' lang='lat' dir='ltr'>novam</span> <span class='ocrx_word' id='word_1_337' title='bbox 1071 4801 1186 4860; x_wconf 89' lang='lat' dir='ltr'>bonam</span> <span class='ocrx_word' id='word_1_338' title='bbox 1213 4801 1358 4860; x_wconf 91' lang='lat' dir='ltr'>omnibus</span> <span class='ocrx_word' id='word_1_339' title='bbox 1382 4803 1570 4862; x_wconf 90' lang='lat' dir='ltr'>necessariis</span> <span class='ocrx_word' id='word_1_340' title='bbox 1594 4823 1663 4881; x_wconf 89' lang='lat' dir='ltr'>pro·</span> 
     </span>
     <span class='ocr_line' id='line_1_41' title="bbox 382 4905 1448 4984; baseline 0.005 -20"><span class='ocrx_word' id='word_1_341' title='bbox 382 4905 491 4980; x_wconf 89' lang='lat' dir='ltr'>visam,</span> <span class='ocrx_word' id='word_1_342' title='bbox 514 4913 626 4984; x_wconf 92' lang='lat' dir='ltr'>puteus</span> <span class='ocrx_word' id='word_1_343' title='bbox 654 4907 764 4966; x_wconf 90' lang='lat' dir='ltr'>nullius</span> <span class='ocrx_word' id='word_1_344' title='bbox 789 4907 912 4984; x_wconf 82' lang='lat' dir='ltr'>valerie,</span> <span class='ocrx_word' id='word_1_345' title='bbox 937 4926 1062 4968; x_wconf 90' lang='lat' dir='ltr'>asseres</span> <span class='ocrx_word' id='word_1_346' title='bbox 1084 4908 1180 4967; x_wconf 91' lang='lat' dir='ltr'>habet</span> <span class='ocrx_word' id='word_1_347' title='bbox 1203 4908 1234 4968; x_wconf 92' lang='lat' dir='ltr'>in</span> <span class='ocrx_word' id='word_1_348' title='bbox 1257 4909 1327 4968; x_wconf 89' lang='lat' dir='ltr'>loco</span> <span class='ocrx_word' id='word_1_349' title='bbox 1351 4905 1448 4970; x_wconf 84' lang='lat'>3600.</span> 
     </span>
    </p>
   </div>
   <div class='ocr_carea' id='block_1_8' title="bbox 0 0 1972 5550">
    <p class='ocr_par' dir='ltr' id='par_1_8' title="bbox 0 0 1972 5550">
     <span class='ocr_line' id='line_1_42' title="bbox 0 0 1972 5550; baseline 0 4"><span class='ocrx_word' id='word_1_350' title='bbox 0 0 1972 5550; x_wconf 95' lang='lat' dir='ltr'> </span> 
     </span>
    </p>
   </div>
  </div>
 </body>
</html>
