3934 5550
1511 412 1553 479 59

274 636 542 716 praeinsertarum
565 632 724 696 literarum
756 640 788 695 et
818 633 984 695 literalium
1016 632 1291 693 instrumentorum
1324 652 1430 694 coram
1463 634 1553 693 nobis

274 741 305 804 in
339 743 454 804 iudicio
489 743 713 822 productorum
748 741 970 821 comprobasse
1006 749 1037 801 et
1071 740 1261 815 verificasse,
1298 759 1337 801 ex
1372 740 1553 819 praemissis

272 850 522 929 comperiebatur
543 848 718 925 manifeste,
741 848 975 927 propterquod
1000 855 1186 925 praenotata
1208 848 1335 909 donatio
1366 856 1399 907 et
1429 848 1552 909 collatio

275 956 423 1016 antedicti
446 956 608 1034 quondam
629 955 747 1015 domini
770 954 930 1015 Francisci
953 955 994 1015 ab
1018 955 1143 1031 Wylalr,
1174 956 1321 1035 episcopi,
1353 967 1384 1016 et
1408 955 1484 1015 alias
1508 958 1552 1015 lo·

274 1043 488 1137 cumteiientis,
511 1071 684 1124 memorato
708 1064 867 1143 quondam
891 1063 1017 1123 domino
1041 1064 1182 1123 l'homae
1207 1064 1246 1123 de
1270 1064 1409 1142 Nadasd,
1426 1065 1552 1145 suisque

274 1172 462 1232 haeredibus
486 1180 517 1231 et
539 1170 773 1250 posteritatibus
798 1170 890 1245 iacta,
918 1170 1037 1230 cassari
1060 1178 1092 1231 et
1115 1170 1288 1243 invalidari,
1304 1171 1474 1251 literaeque
1499 1172 1552 1231 do·

277 1280 452 1340 rationales
477 1298 514 1339 ac
535 1278 721 1339 statutoriae
752 1277 894 1339 eiusdem
925 1278 1094 1355 superinde
1123 1277 1284 1339 conlectae
1316 1274 1348 1339 et
1379 1287 1553 1355 emanatae,

274 1387 366 1446 simul
389 1370 461 1446 cum
485 1386 605 1445 cunetis
627 1384 693 1465 suis
715 1385 914 1463 processibus
936 1402 1034 1444 causa
1054 1384 1084 1444 in
1100 1384 1275 1463 praemissa
1297 1385 1553 1465 qualitercunque

275 1494 392 1554 'secutis
415 1492 786 1573 mortificari,''sopirique
810 1498 842 1553 et
864 1492 983 1552 viribus
1008 1492 1141 1565 destitui
1166 1501 1259 1571 atque
1283 1492 1477 1571 praescripta
1507 1502 1552 1553 to-

276 1602 347 1661 talis
369 1590 537 1686 possessio⁴
552 1600 802 1683 Alsolukawecz
826 1607 948 1676 vocata,
970 1588 1006 1659 in¹
1026 1584 1186 1680 praedicto
1210 1600 1360 1661 comitatu
1377 1609 1408 1660 et
1431 1599 1554 1680 Campo

275 1709 482 1790 Zagrabiensi
497 1709 614 1786 habita,
629 1709 720 1775 simul
735 1724 808 1769 cum
831 1708 992 1787 praedicto
1007 1708 1135 1769 castello
1159 1709 1190 1769 in
1213 1727 1253 1769 ea
1276 1716 1463 1785 constructe,
1475 1729 1550 1770 cun·

272 1817 393 1896 ctisque
416 1816 488 1876 suis
505 1815 686 1877 utilitatibus
709 1826 742 1877 et
764 1816 957 1895 pertinentiis
973 1814 1170 1895 quibuslibet,
1196 1824 1369 1877 memorato
1393 1816 1554 1896 Stephano

272 1908 413 2001 Myxych·
425 1909 489 1984 lilio
505 1924 672 2003 quondam'
681 1924 812 2004 Georgii
826 1907 880 1983 filii
898 1904 1057 2002 quondam
1075 1924 1221 1984 Iohannis
1240 1924 1294 1985 filii
1309 1919 1413 1986 olim³⁰
1430 1924 1555 2013 alterius

271 2032 404 2113 Georgii
428 2032 482 2092 filii
505 2032 579 2091 olim'
601 2032 767 2092 Michaelis
789 2032 843 2091 filii
867 2031 1026 2110 quondam
1049 2032 1213 2095 Benedicti
1235 2032 1289 2092 filii
1305 2033 1463 2112 quondam
1481 2030 1554 2093 Dio·

274 2139 345 2199 nisii
367 2129 421 2199 filii
444 2138 518 2198 olim
541 2139 672 2219 Georgii
706 2126 785 2199 alias
808 2138 970 2214 donatarii,
994 2138 1048 2198 filii
1071 2138 1299 2217 praenominati
1330 2139 1403 2199 olim
1435 2139 1555 2199 Nicolai

276 2248 414 2325 Myxych
437 2246 650 2328 generationis
665 2246 813 2319 Lewcha,
837 2246 1087 2326 haeredibusque
1111 2254 1143 2307 et
1166 2246 1399 2325 posteritatibus
1415 2247 1556 2308 eiusdem

275 2356 436 2435 utriusque
459 2373 554 2415 sexus
576 2354 739 2430 universis,
757 2354 853 2414 veluti
877 2372 1018 2414 macrum
1042 2362 1074 2413 et
1089 2372 1255 2431 syncerum
1273 2353 1321 2413 ius
1338 2373 1429 2414 suum
1445 2354 1554 2414 haere·

277 2462 431 2536 ditarium,
454 2462 564 2542 vigore
597 2460 769 2539 praemisse
800 2460 977 2524 donationis
1012 2468 1044 2520 et
1078 2460 1250 2521 collationis
1285 2460 1449 2522 memorati
1480 2444 1557 2520 olim

279 2570 398 2631 domini
420 2568 615 2649 Sigismundi
639 2568 733 2649 regis,
756 2587 813 2647 per
836 2569 971 2632 eundem
995 2586 1066 2627 cnm
1090 2568 1138 2627 his
1167 2568 1280 2646 quibus
1311 2567 1461 2627 incumbit
1492 2567 1559 2627 iure

278 2677 354 2757 ipsis
376 2676 585 2750 incumbente,
601 2652 763 2754 pe‘r'petuo‘
776 2664 1163 2754 possidenda'adiudieari,
1180 2675 1264 2753 apud
1281 2694 1453 2754 manusque
1478 2674 1558 2736 eius·

279 2787 352 2845 dem
375 2784 506 2863 relinqui
530 2783 655 2860 debere,
679 2783 769 2844 nobis
793 2802 831 2845 ac
855 2783 1008 2843 vicebano
1024 2790 1139 2857 nostr0,
1154 2782 1306 2862 magistro
1322 2781 1556 2861 prothonotario

278 2893 378 2973 regni,
400 2891 554 2954 iudicibus
577 2891 737 2965 nobilium,
769 2891 964 2969 caeterisque
994 2889 1103 2950 iuratis
1137 2889 1349 2950 assessoribus
1379 2891 1559 2969 praedictae

279 3000 509 3060 sedis'nostrae
533 2998 713 3059 iudiciariae
729 2997 893 3057 nobiscum
908 2998 941 3060 in
956 2997 1070 3057 iudicio
1087 3005 1118 3057 et
1134 2996 1286 3070 examine,
1303 2997 1559 3078 discussioneque

283 3106 459 3184 praesentis
483 3123 600 3165 causae
623 3105 799 3165 constitutis
822 3113 855 3165 et
878 3105 1129 3178 consedentibus,
1165 3103 1351 3164 cernebatur
1379 3104 1559 3183 perspicue3

281 3215 321 3273 de
345 3233 478 3292 quorum
503 3212 633 3273 consilio
655 3221 866 3292 praematuro,
891 3220 923 3272 et
953 3231 1034 3296 sana
1064 3211 1296 3284 deliberatione,
1328 3211 1560 3292 rationibusque

281 3331 311 3380 et
344 3322 447 3381 causis
479 3339 517 3380 ex
549 3320 802 3398 praedeclaratis,
833 3327 1028 3399 praetactam
1060 3318 1260 3379 donationem
1296 3328 1327 3378 et
1362 3319 1559 3380 collationem

280 3428 474 3508 praenarrati
492 3428 668 3506 quondam
704 3421 820 3487 domini
848 3429 874 3486 F
875 3427 1007 3488 rancisci
1040 3426 1079 3487 ab
1114 3427 1238 3503 Wylalr,
1270 3435 1559 3506 consequenterque

280 3538 389 3596 literas
412 3535 524 3595 exhinc
548 3535 765 3595 donationales
789 3543 820 3594 et
844 3534 1035 3610 statutorias,
1058 3534 1148 3593 simul
1172 3549 1243 3592 curn
1267 3524 1386 3594 cunetis
1406 3533 1470 3593 suis
1489 3553 1559 3613 pro·

282 3631 425 3705 'cessibu's
449 3663 546 3704 causa
570 3643 602 3702 in
624 3642 798 3721 praemissa
821 3642 1086 3723 qualitercunque,
1111 3640 1287 3720 ubicunque
1315 3651 1346 3700 et
1373 3642 1404 3700 in
1432 3641 1558 3720 quibus·

280 3769 403 3832 cunque
426 3751 613 3811 iudiciorum
636 3749 777 3811 terminis
794 3750 954 3810 coniectas
970 3758 1002 3810 et
1018 3755 1182 3808 emanatas
1200 3748 1415 3822 annihilantes,
1432 3731 1557 3808 cassan·

281 3869 391 3938 resque
415 3869 446 3918 et
469 3858 687 3933 invalidantes,
719 3857 945 3936 praescriptum
976 3856 1137 3916 castellum
1163 3873 1200 3915 ac
1223 3855 1454 3933 possessionem
1485 3855 1561 3915 Also

282 3960 499 4027 Lwlrawecz³¹
530 3973 756 4044 praenotatam,
787 3965 819 4023 in
843 3963 1057 4044 praeallegato
1088 3962 1270 4022 commitatu
1293 3971 1324 4022 et
1348 3961 1470 4042 Campo
1501 3963 1559 4023 Za·

280 4074 450 4155 grabiensi·
471 4074 664 4147 existentem,
695 4071 812 4151 pariter
843 4089 915 4131 cum
945 4070 1065 4131 cunctis
1098 4069 1163 4130 suis
1199 4069 1380 4130 utilitatibus
1405 4079 1436 4130 et
1467 4071 1559 4149 perti-

281 4183 394 4244 nentiis
416 4180 612 4261 quibuslibet,
636 4186 887 4258 praememorato
909 4178 1070 4256 Stephano
1094 4177 1241 4254 Myxych,
1265 4197 1321 4255 per
1336 4179 1471 4238 eundem
1490 4197 1559 4237 cum

281 4291 329 4350 his
353 4289 466 4370 quibus
489 4288 633 4368 congmit
656 4295 807 4366 perpetuo
829 4281 1052 4366 possidendam
1077 4284 1257 4361 adiudicari,
1283 4285 1366 4363 apud
1386 4304 1560 4363 manusque

282 4399 424 4459 eiusdem
447 4392 580 4473 relinqui
603 4394 718 4454 debere
742 4393 938 4453 decrevimus
969 4400 1001 4452 et
1025 4391 1245 4466 commisimus,
1269 4392 1332 4452 imo
1362 4393 1558 4453 decernimus

283 4510 314 4565 et
338 4501 560 4565 committimus
576 4499 788 4580 praesentium
811 4518 867 4578 per
890 4499 1234 4579 vigorem,·autoritate
1259 4507 1366 4560 nostra
1390 4499 1560 4574 iudiciaria,

283 4614 412 4691 iureque
428 4619 460 4671 et
475 4608 592 4669 iustitia
604 4608 769 4668 mediante.
793 4607 910 4667 Datum
933 4607 965 4666 in
980 4601 1106 4666 civitate
1127 4605 1428 4686 Montisgraecensis
1441 4591 1558 4686 Zagra-

282 4704 408 4791 biensis,
423 4717 532 4777 ultimo
554 4716 605 4776 die
627 4714 751 4775 termini
774 4714 958 4793 praenotati,
974 4733 1058 4774 anno
1082 4713 1198 4773 domini
1223 4713 1385 4773 millesimo
1408 4712 1560 4792 quingen-

285 4827 396 4886 te'simo
411 4803 635 4904 octuagesim0
657 4821 805 4883 secundo.

341 4939 346 4972 ³
375 4914 590 4994 ··1nr'e'rius:
613 4907 785 5004 Publicata,
808 4916 1019 5008 praesentata,
1043 4929 1123 4988 lecta
1156 4937 1188 4988 et
1219 4929 1382 4989 extradata
1411 4929 1442 4987 in
1475 4928 1561 5004 sede,
