3934 5550
1511 464 1576 527 495

380 674 530 737 vDomino
552 674 658 735 'comiti
682 674 822 755 Georgio
845 694 884 735 ex
908 675 1033 755 publico
1064 676 1186 737 aerario
1210 677 1368 739 dabuntur
1389 680 1501 741 floreni
1525 682 1571 740 vi·

290 782 371 863 ginti
403 782 631 865 hungaricalcs,
666 800 745 861 quos
779 781 862 848 idem
881 782 1040 843 ¹dominus
1071 784 1219 863 expendit
1249 784 1281 845 in
1312 785 1397 846 victu
1430 794 1571 866 tempore

291 889 515 949 aedificationis
548 889 666 949 castelli
698 890 875 964 Lukauecz,
905 908 1029 951 necnon
1060 890 1181 951 ratione
1220 893 1355 953 vulneris
1390 892 1506 956 ibidem
1540 895 1571 955 in

290 998 445 1066 communi
476 1005 583 1063 tamen
613 998 740 1079 negotio
773 997 862 1076 parti,
893 1005 925 1057 et
955 999 1105 1078 temporis
1136 999 1168 1058 in
1198 1017 1349 1078 processu
1382 1002 1496 1078 sanati,
1530 1002 1574 1061 ita

289 1115 408 1180 tamen,
432 1124 471 1165 ne
496 1104 745 1173 aliis-comitibus
770 1104 801 1165 id
824 1106 1028 1185 imposterum
1052 1106 1083 1169 in
1106 1126 1198 1167 usum
1221 1115 1334 1187 vergat
1355 1127 1458 1187 neque
1483 1128 1571 1188 prae·

289 1212 371 1273 dicto
396 1213 546 1273 moderno
570 1213 683 1289 comiti,
708 1214 764 1273 scd
788 1213 1065 1292 solummodopro
1088 1214 1268 1292 praeslenti]
1295 1234 1387 1279 anno.

208 1406 212 1415 ⁸
298 1351 320 1387 ’-
394 1340 428 1397 ln
452 1338 556 1399 olficio
578 1338 770 1405 vicecomitis
794 1338 995 1398 confirmatur
1016 1338 1130 1397 iterum
1147 1339 1296 1419 egregius
1310 1340 1465 1401 Martinus
1489 1342 1566 1401 Bru·

290 1446 370 1505 chek
392 1446 432 1505 de
456 1446 645 1506 Rodmancz.
711 1462 713 1467 ’

394 1572 512 1652 Lugari
540 1579 644 1632 autem
668 1571 734 1631 sive
758 1570 870 1631 silvani
893 1570 1000 1631 itidem
1024 1589 1133 1631 omnes
1157 1562 1380 1633 confirmantur
1404 1572 1435 1632 in
1459 1564 1566 1635 eorum

289 1678 407 1751 officiis,
432 1686 563 1758 excepto
594 1678 749 1758 Gregorio
776 1679 966 1758 Pogledych,
992 1679 1060 1739 loco
1084 1678 1172 1739 cuius
1197 1680 1254 1740 erit
1277 1680 1389 1740 nobilis
1413 1679 1570 1761 Georgius

289 1765 445 1859 Arbanaa,
478 1785 529 1860 ita,
563 1785 653 1864 quod'
679 1786 718 1845 ad
749 1785 942 1846 reddendam
967 1786 1118 1845 rationem
1142 1787 1296 1848 hactenus
1320 1786 1402 1868 gesti
1426 1788 1518 1848 olficii
1543 1797 1573 1847 et

288 1902 464 1971 congestae
486 1893 652 1969 syrovinae
676 1893 761 1953 idern
783 1902 910 1971 praesto
935 1895 1005 1957 sit.

396 2020 568 2095 Vayvodae
586 2026 698 2078 autem
722 2039 819 2098 penes
843 2022 971 2101 lugaros
995 1995 1089 2083 iidem
1114 2031 1212 2100 erunt,
1229 2042 1281 2101 qur
1274 2022 1447 2104 hactenus
1471 2043 1570 2131 usque

288 2126 400 2185 lestum
426 2126 509 2186 beati
533 2125 701 2219 Augustini
725 2128 864 2205 proxime
888 2124 1080 2193 venturum³

391 2236 453 2294 Pro
483 2242 603 2295 tectura
634 2236 751 2296 castelli
793 2236 940 2295 Lukaucz
972 2256 993 2297 a
1023 2238 1149 2317 singula
1181 2237 1275 2296 domo
1306 2255 1430 2296 asseres
1458 2212 1566 2314 viginti

285 2342 431 2421 quinque·
448 2342 488 2401 ad
511 2342 632 2402 cubitos
655 2348 788 2419 quatuor
812 2342 1082 2405 administrabunt.
1413 2343 1417 2349 ⁴

392 2450 442 2509 Na
466 2468 586 2531 goryne
611 2451 704 2526 hysse
727 2450 816 2509 lozza
839 2451 881 2511 ka
910 2450 993 2511 bude
1025 2452 1179 2530 potrebna
1207 2450 1375 2531 kada'gode
1405 2470 1484 2529 span
1520 2446 1569 2510 'za‘-

286 2558 359 2669 poui
383 2557 510 2645 dasze
502 2576 566 2624 rma
589 2557 664 2634 taky
688 2558 843 2635 wozythy

416 2684 531 2747 ,low
555 2702 596 2742 na
619 2683 796 2743 Lulrawecz
819 2684 943 2761 kalroye
965 2703 1090 2763 gozpon
1113 2644 1192 2766 span
1209 2656 1406 2761 [dolron]chal
1423 2704 1440 2742 z
1457 2683 1569 2747 uekem

282 2799 450 2866 tersczem,
473 2791 515 2851 da
538 2809 574 2850 ze
599 2791 661 2850 ima
684 2791 852 2869 dopelyaty
874 2790 967 2872 jeden
990 2793 1114 2852 thowar
1137 2838 1288 2854 .......
1305 2811 1321 2850 e
1346 2791 1459 2870 lagwe

394 2899 464 2976 Koy
496 2898 595 2978 goder
620 2899 659 2958 do
685 2899 742 2958 zeh
767 2898 829 2958 dob
853 2918 964 2976 nyezw
990 2900 1155 2977 dopelyaly
1179 2898 1246 2958 loze
1271 2900 1291 2956 k
1316 2898 1502 2970 Lukawczu,
1528 2897 1567 2956 da

284 3025 320 3065 ze
344 3007 407 3065 ima
429 3006 560 3086 birsagh
584 3006 663 3082 snyh
687 3007 820 3082 wzethy‚
847 3007 899 3065 tho
921 3005 955 3082 je
979 3007 1032 3065 tho
1056 3025 1095 3065 za
1119 3007 1231 3065 wzalro
1254 3005 1362 3065 drewo
1386 3005 1512 3064 lorenus
1541 3009 1565 3072 l,

285 3132 340 3191 per
363 3113 513 3173 famulum
538 3111 659 3173 comitis
683 3113 788 3172 statim
813 3121 844 3172 ct
867 3114 935 3194 ipso
958 3115 1042 3174 lacto
1066 3114 1249 3194 exigendus.

390 3241 527 3320 Lugary,
560 3239 714 3315 voyuode,
746 3239 894 3315 sekutory
929 3239 962 3302 B.
987 3241 1023 3300 V.
1048 3239 1090 3298 M.
1116 3258 1153 3298 ac
1177 3259 1200 3301 s.
1225 3238 1415 3298 Catherinae
1439 3239 1449 3296 i
1473 3257 1564 3297 exac-

284 3346 341 3405 tori
366 3347 601 3423 wzakoyachlry
625 3363 695 3423 wzy
716 3344 812 3421 jeden
835 3346 897 3406 den
920 3346 1025 3406 bwdw
1049 3347 1177 3406 rachwn
1193 3346 1319 3423 (lawaly
1341 3346 1426 3406 kada
1448 3365 1501 3422 ym
1525 3365 1563 3405 ze

283 3454 432 3514 terminus
463 3455 642 3534 praefigue3
675 3461 838 3514 exactores
869 3455 1025 3515 rationum
1056 3462 1147 3514 erunt
1178 3454 1323 3513 dominus
1359 3471 1473 3526 comes
1509 3453 1562 3511 Ni·

282 3563 389 3621 colaus
423 3561 601 3638 Malenych,
635 3560 763 3620 Gabriel
797 3561 1021 3639 Bulrouachky‚
1056 3562 1190 3622 loannes
1225 3560 1345 3634 Krusel,
1381 3560 1562 3638 Stephanus

285 3668 455 3745 [Arbanlaz
486 3667 610 3747 Gaspar
635 3665 828 3748 [Pepel]ych,
855 3687 918 3728 non
948 3669 1105 3746 ob[stante
1137 3667 1229 3730 unius
1259 3667 1321 3743 v]el
1351 3666 1478 3726 alterius
1511 3667 1566 3726 ab·

282 3776 393 3839 sentia.
485 3775 488 3780 ’

387 3883 438 3943 Na
469 3884 538 3943 delo
571 3881 701 3942 castella
733 3883 902 3943 Lulraucza
932 3901 1058 3963 gozpon
1088 3901 1168 3961 span
1200 3882 1301 3942 hoche
1329 3881 1565 3959 razyedynathy

282 3991 366 4050 kada
389 3991 482 4051 bwde
509 4009 622 4068 menye
646 3989 743 4063 trebe,
767 3990 776 4049 i
800 3991 883 4051 kada
906 3991 1005 4051 veche
1034 3991 1147 4066 lywdy,
1175 3989 1258 4068 quod
1281 3989 1465 4068 prudentiae
1489 4006 1566 4046 suae

282 4098 489 4160 committitur.

386 4224 510 4284 Bascha
533 4243 574 4284 na
597 4223 731 4300 Welyke
755 4222 907 4300 Gorycze‚
932 4223 1150 4300 obchynzkom
1173 4223 1328 4282 zakonom
1360 4221 1401 4281 da
1431 4240 1468 4279 ze
1502 4220 1566 4279 ima

281 4331 478 4408 nachynithy,
513 4333 573 4392 ako
608 4351 645 4392 ze
680 4332 763 4391 bude
798 4333 904 4411 moglo
934 4332 1007 4392 med
1038 4349 1218 4391 vremenom
1250 4329 1322 4390 dela
1349 4329 1476 4388 castella
1501 4329 1560 4386 Lu·

279 4437 418 4498 kawcza.

385 4547 532 4606 Famulus
563 4545 802 4618 communitatis,
819 4544 963 4605 videlicet
986 4545 1165 4622 Stephanus
1188 4544 1344 4620 Kannych
1368 4542 1505 4602 manebit
1529 4541 1559 4601 in

281 4672 339 4712 suo
363 4653 475 4718 officio,

383 4760 564 4822 Castellano
596 4761 714 4820 castelli
748 4760 914 4821 Lukavecz
939 4767 970 4818 et
993 4759 1110 4820 famulo
1134 4758 1256 4818 comitis
1279 4777 1336 4837 pro
1360 4757 1481 4817 salariis
1505 4776 1556 4816 eo·

277 4869 406 4928 rundem
440 4868 525 4929 dabit
558 4868 731 4948 Gregorius
762 4867 943 4947 Pogledych
982 4867 1118 4928 florenos
1153 4863 1192 4926 16
1226 4865 1351 4925 domino
1389 4864 1494 4924 comiti
1530 4864 1570 4924 ad

280 4996 400 5040 manus.
