<?xml version="1.0" encoding="UTF-8"?>
<!DOCTYPE html PUBLIC "-//W3C//DTD XHTML 1.0 Transitional//EN"
    "http://www.w3.org/TR/xhtml1/DTD/xhtml1-transitional.dtd">
<html xmlns="http://www.w3.org/1999/xhtml" xml:lang="en" lang="en">
 <head>
  <title>
</title>
<meta http-equiv="Content-Type" content="text/html;charset=utf-8" />
  <meta name='ocr-system' content='tesseract 3.04.00' />
  <meta name='ocr-capabilities' content='ocr_page ocr_carea ocr_par ocr_line ocrx_word'/>
</head>
<body>
  <div class='ocr_page' id='page_1' title='image "./povjesnispomeni00laszgoog_0379.png"; bbox 0 0 3934 5550; ppageno 0'>
   <div class='ocr_carea' id='block_1_1' title="bbox 394 387 459 451">
    <p class='ocr_par' dir='ltr' id='par_1_1' title="bbox 394 387 459 451">
     <span class='ocr_line' id='line_1_1' title="bbox 394 387 459 451; baseline 0.031 -3"><span class='ocrx_word' id='word_1_1' title='bbox 394 387 459 451; x_wconf 90' lang='grc'>346</span> 
     </span>
    </p>
   </div>
   <div class='ocr_carea' id='block_1_2' title="bbox 391 599 1678 1000">
    <p class='ocr_par' dir='ltr' id='par_1_2' title="bbox 391 599 1678 1000">
     <span class='ocr_line' id='line_1_2' title="bbox 395 599 1677 681; baseline -0.003 -19"><span class='ocrx_word' id='word_1_2' title='bbox 395 602 416 661; x_wconf 87' lang='grc'><strong>8</strong></span> <span class='ocrx_word' id='word_1_3' title='bbox 452 603 580 662; x_wconf 88' lang='lat' dir='ltr'>arbores</span> <span class='ocrx_word' id='word_1_4' title='bbox 605 601 796 681; x_wconf 86' lang='lat' dir='ltr'>assignatas,</span> <span class='ocrx_word' id='word_1_5' title='bbox 820 601 922 662; x_wconf 85' lang='lat' dir='ltr'>adhuc</span> <span class='ocrx_word' id='word_1_6' title='bbox 945 600 1074 660; x_wconf 84' lang='lat' dir='ltr'>basibus</span> <span class='ocrx_word' id='word_1_7' title='bbox 1096 600 1170 660; x_wconf 91' lang='lat' dir='ltr'>tecti</span> <span class='ocrx_word' id='word_1_8' title='bbox 1193 609 1225 660; x_wconf 88' lang='lat' dir='ltr'>et</span> <span class='ocrx_word' id='word_1_9' title='bbox 1249 600 1365 679; x_wconf 90' lang='lat' dir='ltr'>aliquot</span> <span class='ocrx_word' id='word_1_10' title='bbox 1395 600 1490 660; x_wconf 90' lang='lat' dir='ltr'>etiam</span> <span class='ocrx_word' id='word_1_11' title='bbox 1514 599 1677 659; x_wconf 86' lang='lat' dir='ltr'><strong>roboribus</strong></span> 
     </span>
     <span class='ocr_line' id='line_1_3' title="bbox 398 707 1678 789; baseline -0.003 -20"><span class='ocrx_word' id='word_1_12' title='bbox 398 710 500 789; x_wconf 92' lang='lat' dir='ltr'>prouti</span> <span class='ocrx_word' id='word_1_13' title='bbox 525 717 555 768; x_wconf 91' lang='lat' dir='ltr'>et</span> <span class='ocrx_word' id='word_1_14' title='bbox 579 717 644 768; x_wconf 85' lang='lat' dir='ltr'>tota</span> <span class='ocrx_word' id='word_1_15' title='bbox 668 707 820 787; x_wconf 84' lang='lat' dir='ltr'>superiori</span> <span class='ocrx_word' id='word_1_16' title='bbox 843 717 931 786; x_wconf 90' lang='lat' dir='ltr'>parte</span> <span class='ocrx_word' id='word_1_17' title='bbox 956 709 1084 788; x_wconf 83' lang='lat' dir='ltr'>indiget,</span> <span class='ocrx_word' id='word_1_18' title='bbox 1107 709 1253 767; x_wconf 84' lang='lat' dir='ltr'>horreum</span> <span class='ocrx_word' id='word_1_19' title='bbox 1277 709 1401 770; x_wconf 74' lang='lat' dir='ltr'>honum.</span> <span class='ocrx_word' id='word_1_20' title='bbox 1425 726 1584 768; x_wconf 90' lang='lat' dir='ltr'>cameram</span> <span class='ocrx_word' id='word_1_21' title='bbox 1606 727 1678 785; x_wconf 87' lang='lat' dir='ltr'>pro-</span> 
     </span>
     <span class='ocr_line' id='line_1_4' title="bbox 398 814 1677 896; baseline -0.001 -20"><span class='ocrx_word' id='word_1_22' title='bbox 398 817 497 896; x_wconf 84' lang='lat' dir='ltr'>priam</span> <span class='ocrx_word' id='word_1_23' title='bbox 534 836 590 896; x_wconf 91' lang='lat' dir='ltr'>per</span> <span class='ocrx_word' id='word_1_24' title='bbox 623 835 657 876; x_wconf 88' lang='lat' dir='ltr'>se</span> <span class='ocrx_word' id='word_1_25' title='bbox 693 825 830 894; x_wconf 83' lang='lat' dir='ltr'>emptam</span> <span class='ocrx_word' id='word_1_26' title='bbox 864 815 996 890; x_wconf 90' lang='lat' dir='ltr'>bonam;</span> <span class='ocrx_word' id='word_1_27' title='bbox 1031 814 1106 876; x_wconf 90' lang='lat' dir='ltr'>item</span> <span class='ocrx_word' id='word_1_28' title='bbox 1141 834 1299 875; x_wconf 89' lang='lat' dir='ltr'>cameram</span> <span class='ocrx_word' id='word_1_29' title='bbox 1333 815 1539 886; x_wconf 82' lang='lat' dir='ltr'>domesticam</span> <span class='ocrx_word' id='word_1_30' title='bbox 1573 832 1677 876; x_wconf 88' lang='lat' dir='ltr'>uuam.</span> 
     </span>
     <span class='ocr_line' id='line_1_5' title="bbox 391 923 1678 1000; baseline -0.003 -16"><span class='ocrx_word' id='word_1_31' title='bbox 391 933 531 998; x_wconf 80' lang='lat' dir='ltr'>honam3</span> <span class='ocrx_word' id='word_1_32' title='bbox 556 923 629 983; x_wconf 85' lang='lat' dir='ltr'>item</span> <span class='ocrx_word' id='word_1_33' title='bbox 653 923 791 984; x_wconf 88' lang='lat' dir='ltr'>Michael</span> <span class='ocrx_word' id='word_1_34' title='bbox 814 923 909 982; x_wconf 87' lang='lat' dir='ltr'>habet</span> <span class='ocrx_word' id='word_1_35' title='bbox 933 923 1086 1000; x_wconf 88' lang='lat' dir='ltr'>privatam</span> <span class='ocrx_word' id='word_1_36' title='bbox 1122 942 1281 984; x_wconf 89' lang='lat' dir='ltr'>cameram</span> <span class='ocrx_word' id='word_1_37' title='bbox 1311 941 1406 984; x_wconf 91' lang='lat' dir='ltr'>unam</span> <span class='ocrx_word' id='word_1_38' title='bbox 1435 923 1551 982; x_wconf 89' lang='lat' dir='ltr'>bonam</span> <span class='ocrx_word' id='word_1_39' title='bbox 1582 923 1678 982; x_wconf 90' lang='lat' dir='ltr'>haras</span> 
     </span>
    </p>
   </div>
   <div class='ocr_carea' id='block_1_3' title="bbox 289 1029 1676 1116">
    <p class='ocr_par' dir='ltr' id='par_1_3' title="bbox 289 1029 1676 1116">
     <span class='ocr_line' id='line_1_6' title="bbox 289 1029 1676 1116; baseline -0.004 -24"><span class='ocrx_word' id='word_1_40' title='bbox 289 1109 293 1116; x_wconf 22' lang='lat'>⁸</span> <span class='ocrx_word' id='word_1_41' title='bbox 399 1032 589 1091; x_wconf 90' lang='lat' dir='ltr'>domesticas</span> <span class='ocrx_word' id='word_1_42' title='bbox 612 1031 816 1110; x_wconf 86' lang='lat' dir='ltr'>biangulares</span> <span class='ocrx_word' id='word_1_43' title='bbox 838 1031 948 1106; x_wconf 86' lang='lat' dir='ltr'>bonas,</span> <span class='ocrx_word' id='word_1_44' title='bbox 971 1030 1112 1091; x_wconf 74' lang='lat' dir='ltr'>fabrilem</span> <span class='ocrx_word' id='word_1_45' title='bbox 1135 1030 1262 1090; x_wconf 91' lang='lat' dir='ltr'>domum</span> <span class='ocrx_word' id='word_1_46' title='bbox 1286 1049 1380 1089; x_wconf 91' lang='lat' dir='ltr'>unam</span> <span class='ocrx_word' id='word_1_47' title='bbox 1404 1030 1529 1104; x_wconf 91' lang='lat' dir='ltr'>bonam,</span> <span class='ocrx_word' id='word_1_48' title='bbox 1543 1029 1676 1088; x_wconf 86' lang='lat' dir='ltr'>culinam</span> 
     </span>
    </p>
   </div>
   <div class='ocr_carea' id='block_1_4' title="bbox 391 1138 1680 3259">
    <p class='ocr_par' dir='ltr' id='par_1_4' title="bbox 400 1138 1388 1217">
     <span class='ocr_line' id='line_1_7' title="bbox 400 1138 1388 1217; baseline 0.002 -19"><span class='ocrx_word' id='word_1_49' title='bbox 400 1140 586 1200; x_wconf 88' lang='lat' dir='ltr'>lomisecam</span> <span class='ocrx_word' id='word_1_50' title='bbox 613 1138 803 1198; x_wconf 88' lang='lat' dir='ltr'>mediocrem</span> <span class='ocrx_word' id='word_1_51' title='bbox 829 1157 923 1198; x_wconf 89' lang='lat' dir='ltr'>unam</span> <span class='ocrx_word' id='word_1_52' title='bbox 946 1138 1144 1217; x_wconf 85' lang='lat' dir='ltr'>reparatione</span> <span class='ocrx_word' id='word_1_53' title='bbox 1168 1138 1388 1200; x_wconf 90' lang='lat' dir='ltr'>necessariam.</span> 
     </span>
    </p>

    <p class='ocr_par' dir='ltr' id='par_1_5' title="bbox 397 1244 1677 1434">
     <span class='ocr_line' id='line_1_8' title="bbox 507 1244 1677 1326; baseline -0.003 -20"><span class='ocrx_word' id='word_1_54' title='bbox 507 1245 559 1309; x_wconf 84' lang='lat'>26.</span> <span class='ocrx_word' id='word_1_55' title='bbox 571 1247 699 1306; x_wconf 87' lang='lat' dir='ltr'>Marcus</span> <span class='ocrx_word' id='word_1_56' title='bbox 716 1246 853 1306; x_wconf 88' lang='lat' dir='ltr'>Luchich</span> <span class='ocrx_word' id='word_1_57' title='bbox 866 1246 891 1304; x_wconf 87' lang='lat' dir='ltr'>F</span> <span class='ocrx_word' id='word_1_58' title='bbox 892 1247 1018 1326; x_wconf 84' lang='lat' dir='ltr'>uugych</span> <span class='ocrx_word' id='word_1_59' title='bbox 1035 1244 1146 1319; x_wconf 87' lang='lat' dir='ltr'>dictus,</span> <span class='ocrx_word' id='word_1_60' title='bbox 1161 1246 1255 1306; x_wconf 89' lang='lat' dir='ltr'>habet</span> <span class='ocrx_word' id='word_1_61' title='bbox 1270 1247 1397 1306; x_wconf 92' lang='lat' dir='ltr'>domum</span> <span class='ocrx_word' id='word_1_62' title='bbox 1413 1245 1583 1324; x_wconf 89' lang='lat' dir='ltr'>pessimam</span> <span class='ocrx_word' id='word_1_63' title='bbox 1595 1263 1677 1303; x_wconf 90' lang='lat' dir='ltr'>nova</span> 
     </span>
     <span class='ocr_line' id='line_1_9' title="bbox 397 1351 1677 1434; baseline -0.002 -20"><span class='ocrx_word' id='word_1_64' title='bbox 397 1357 531 1434; x_wconf 77' lang='lat' dir='ltr'>indiget,</span> <span class='ocrx_word' id='word_1_65' title='bbox 554 1355 701 1414; x_wconf 90' lang='lat' dir='ltr'>horreum</span> <span class='ocrx_word' id='word_1_66' title='bbox 725 1354 850 1427; x_wconf 92' lang='lat' dir='ltr'>bonum,</span> <span class='ocrx_word' id='word_1_67' title='bbox 886 1353 1013 1412; x_wconf 88' lang='lat' dir='ltr'>harulas</span> <span class='ocrx_word' id='word_1_68' title='bbox 1044 1353 1219 1412; x_wconf 86' lang='lat' dir='ltr'>mediocres</span> <span class='ocrx_word' id='word_1_69' title='bbox 1249 1353 1447 1431; x_wconf 85' lang='lat' dir='ltr'>reparatione</span> <span class='ocrx_word' id='word_1_70' title='bbox 1471 1351 1677 1432; x_wconf 84' lang='lat' dir='ltr'>necessarias.</span> 
     </span>
    </p>

    <p class='ocr_par' dir='ltr' id='par_1_6' title="bbox 395 1459 1677 1758">
     <span class='ocr_line' id='line_1_10' title="bbox 507 1459 1677 1540; baseline -0.002 -20"><span class='ocrx_word' id='word_1_71' title='bbox 507 1459 558 1524; x_wconf 86' lang='lat'>27.</span> <span class='ocrx_word' id='word_1_72' title='bbox 590 1461 724 1521; x_wconf 87' lang='lat' dir='ltr'>Michael</span> <span class='ocrx_word' id='word_1_73' title='bbox 750 1461 886 1520; x_wconf 87' lang='lat' dir='ltr'>Luchich</span> <span class='ocrx_word' id='word_1_74' title='bbox 921 1462 946 1519; x_wconf 87' lang='lat' dir='ltr'>F</span> <span class='ocrx_word' id='word_1_75' title='bbox 948 1461 1076 1540; x_wconf 85' lang='lat' dir='ltr'>ungych</span> <span class='ocrx_word' id='word_1_76' title='bbox 1111 1460 1221 1538; x_wconf 77' lang='lat' dir='ltr'>dictrrs,</span> <span class='ocrx_word' id='word_1_77' title='bbox 1245 1461 1340 1520; x_wconf 88' lang='lat' dir='ltr'>habet</span> <span class='ocrx_word' id='word_1_78' title='bbox 1368 1462 1505 1537; x_wconf 92' lang='lat' dir='ltr'>domum,</span> <span class='ocrx_word' id='word_1_79' title='bbox 1534 1460 1677 1532; x_wconf 85' lang='lat' dir='ltr'>culinam,</span> 
     </span>
     <span class='ocr_line' id='line_1_11' title="bbox 395 1566 1677 1647; baseline -0.004 -17"><span class='ocrx_word' id='word_1_80' title='bbox 395 1572 541 1630; x_wconf 89' lang='lat' dir='ltr'>horreum</span> <span class='ocrx_word' id='word_1_81' title='bbox 575 1578 608 1629; x_wconf 89' lang='lat' dir='ltr'>et</span> <span class='ocrx_word' id='word_1_82' title='bbox 636 1568 761 1629; x_wconf 88' lang='lat' dir='ltr'>harulas</span> <span class='ocrx_word' id='word_1_83' title='bbox 793 1567 897 1638; x_wconf 88' lang='lat' dir='ltr'>omnia</span> <span class='ocrx_word' id='word_1_84' title='bbox 929 1568 987 1626; x_wconf 91' lang='lat' dir='ltr'>sub</span> <span class='ocrx_word' id='word_1_85' title='bbox 1010 1587 1072 1627; x_wconf 91' lang='lat' dir='ltr'>uno</span> <span class='ocrx_word' id='word_1_86' title='bbox 1096 1577 1190 1643; x_wconf 82' lang='lat' dir='ltr'>tecto,</span> <span class='ocrx_word' id='word_1_87' title='bbox 1210 1587 1267 1646; x_wconf 91' lang='lat' dir='ltr'>pro</span> <span class='ocrx_word' id='word_1_88' title='bbox 1289 1588 1353 1647; x_wconf 91' lang='lat' dir='ltr'>qua</span> <span class='ocrx_word' id='word_1_89' title='bbox 1376 1569 1469 1628; x_wconf 91' lang='lat' dir='ltr'>domo</span> <span class='ocrx_word' id='word_1_90' title='bbox 1493 1567 1610 1628; x_wconf 89' lang='lat' dir='ltr'>ambitu</span> <span class='ocrx_word' id='word_1_91' title='bbox 1633 1566 1677 1625; x_wconf 92' lang='lat' dir='ltr'>in·</span> 
     </span>
     <span class='ocr_line' id='line_1_12' title="bbox 396 1674 891 1758; baseline -0.006 -19"><span class='ocrx_word' id='word_1_92' title='bbox 396 1679 492 1758; x_wconf 84' lang='lat' dir='ltr'>diget,</span> <span class='ocrx_word' id='word_1_93' title='bbox 515 1695 607 1737; x_wconf 89' lang='lat' dir='ltr'>secus</span> <span class='ocrx_word' id='word_1_94' title='bbox 632 1677 715 1736; x_wconf 88' lang='lat' dir='ltr'>nulla</span> <span class='ocrx_word' id='word_1_95' title='bbox 741 1674 891 1736; x_wconf 87' lang='lat' dir='ltr'>aedificia.</span> 
     </span>
    </p>

    <p class='ocr_par' dir='ltr' id='par_1_7' title="bbox 399 1781 1677 1964">
     <span class='ocr_line' id='line_1_13' title="bbox 506 1781 1677 1862; baseline -0.003 -19"><span class='ocrx_word' id='word_1_96' title='bbox 506 1781 558 1845; x_wconf 87' lang='lat'>28.</span> <span class='ocrx_word' id='word_1_97' title='bbox 582 1783 732 1862; x_wconf 86' lang='lat' dir='ltr'>Iosephus</span> <span class='ocrx_word' id='word_1_98' title='bbox 756 1781 893 1842; x_wconf 91' lang='lat' dir='ltr'>Luchich</span> <span class='ocrx_word' id='word_1_99' title='bbox 917 1784 941 1840; x_wconf 88' lang='lat' dir='ltr'>F</span> <span class='ocrx_word' id='word_1_100' title='bbox 943 1784 1068 1862; x_wconf 87' lang='lat' dir='ltr'>ungych</span> <span class='ocrx_word' id='word_1_101' title='bbox 1086 1783 1194 1859; x_wconf 87' lang='lat' dir='ltr'>dictus,</span> <span class='ocrx_word' id='word_1_102' title='bbox 1212 1783 1306 1843; x_wconf 89' lang='lat' dir='ltr'>habet</span> <span class='ocrx_word' id='word_1_103' title='bbox 1318 1784 1443 1843; x_wconf 90' lang='lat' dir='ltr'>domum</span> <span class='ocrx_word' id='word_1_104' title='bbox 1460 1783 1536 1859; x_wconf 86' lang='lat' dir='ltr'>satis</span> <span class='ocrx_word' id='word_1_105' title='bbox 1552 1785 1677 1854; x_wconf 90' lang='lat' dir='ltr'>bonam,</span> 
     </span>
     <span class='ocr_line' id='line_1_14' title="bbox 399 1889 946 1964; baseline -0.009 -12"><span class='ocrx_word' id='word_1_106' title='bbox 399 1912 490 1953; x_wconf 90' lang='lat' dir='ltr'>secus</span> <span class='ocrx_word' id='word_1_107' title='bbox 514 1893 599 1952; x_wconf 90' lang='lat' dir='ltr'>nulla</span> <span class='ocrx_word' id='word_1_108' title='bbox 622 1891 684 1950; x_wconf 91' lang='lat' dir='ltr'>alia</span> <span class='ocrx_word' id='word_1_109' title='bbox 708 1889 858 1950; x_wconf 87' lang='lat' dir='ltr'>aedificia.</span> <span class='ocrx_word' id='word_1_110' title='bbox 943 1959 946 1964; x_wconf 28' lang='grc' dir='ltr'>Ι</span> 
     </span>
    </p>

    <p class='ocr_par' dir='ltr' id='par_1_8' title="bbox 399 1997 1680 2399">
     <span class='ocr_line' id='line_1_15' title="bbox 504 1997 1676 2074; baseline -0.002 -14"><span class='ocrx_word' id='word_1_111' title='bbox 504 1997 555 2062; x_wconf 85' lang='lat'>29.</span> <span class='ocrx_word' id='word_1_112' title='bbox 580 1999 727 2060; x_wconf 85' lang='lat' dir='ltr'>Thomas·</span> <span class='ocrx_word' id='word_1_113' title='bbox 742 1997 880 2058; x_wconf 87' lang='lat' dir='ltr'>Luchieh</span> <span class='ocrx_word' id='word_1_114' title='bbox 904 1999 1049 2058; x_wconf 87' lang='lat' dir='ltr'>Thomak</span> <span class='ocrx_word' id='word_1_115' title='bbox 1065 1998 1175 2074; x_wconf 72' lang='lat' dir='ltr'>dictus</span> <span class='ocrx_word' id='word_1_116' title='bbox 1198 1999 1294 2058; x_wconf 90' lang='lat' dir='ltr'>habet</span> <span class='ocrx_word' id='word_1_117' title='bbox 1315 2000 1454 2071; x_wconf 62' lang='lat' dir='ltr'>domum,</span> <span class='ocrx_word' id='word_1_118' title='bbox 1467 2009 1518 2059; x_wconf 91' lang='lat' dir='ltr'>sat</span> <span class='ocrx_word' id='word_1_119' title='bbox 1540 2018 1676 2059; x_wconf 89' lang='lat' dir='ltr'>commo-</span> 
     </span>
     <span class='ocr_line' id='line_1_16' title="bbox 399 2104 1674 2186; baseline -0.002 -18"><span class='ocrx_word' id='word_1_120' title='bbox 399 2109 472 2168; x_wconf 87' lang='lat' dir='ltr'>dam</span> <span class='ocrx_word' id='word_1_121' title='bbox 496 2125 554 2185; x_wconf 90' lang='lat' dir='ltr'>pro</span> <span class='ocrx_word' id='word_1_122' title='bbox 578 2125 635 2166; x_wconf 90' lang='lat' dir='ltr'>sua</span> <span class='ocrx_word' id='word_1_123' title='bbox 659 2104 851 2165; x_wconf 85' lang='lat' dir='ltr'>habitatione</span> <span class='ocrx_word' id='word_1_124' title='bbox 876 2105 932 2164; x_wconf 90' lang='lat' dir='ltr'>sed</span> <span class='ocrx_word' id='word_1_125' title='bbox 957 2105 1097 2178; x_wconf 88' lang='lat' dir='ltr'>ambitus</span> <span class='ocrx_word' id='word_1_126' title='bbox 1116 2105 1313 2183; x_wconf 87' lang='lat' dir='ltr'>reparatione</span> <span class='ocrx_word' id='word_1_127' title='bbox 1337 2125 1374 2166; x_wconf 86' lang='lat' dir='ltr'>ex</span> <span class='ocrx_word' id='word_1_128' title='bbox 1398 2106 1522 2186; x_wconf 87' lang='lat' dir='ltr'>integro</span> <span class='ocrx_word' id='word_1_129' title='bbox 1546 2106 1674 2186; x_wconf 79' lang='lat' dir='ltr'>indiget.</span> 
     </span>
     <span class='ocr_line' id='line_1_17' title="bbox 401 2213 1680 2293; baseline -0.001 -19"><span class='ocrx_word' id='word_1_130' title='bbox 401 2216 557 2274; x_wconf 88' lang='lat' dir='ltr'>Horreum</span> <span class='ocrx_word' id='word_1_131' title='bbox 581 2213 741 2292; x_wconf 90' lang='lat' dir='ltr'>antiquum</span> <span class='ocrx_word' id='word_1_132' title='bbox 766 2232 804 2272; x_wconf 90' lang='lat' dir='ltr'>ex</span> <span class='ocrx_word' id='word_1_133' title='bbox 828 2213 1018 2272; x_wconf 87' lang='lat' dir='ltr'>tenuissimis</span> <span class='ocrx_word' id='word_1_134' title='bbox 1043 2213 1205 2273; x_wconf 89' lang='lat' dir='ltr'>roboribus</span> <span class='ocrx_word' id='word_1_135' title='bbox 1229 2222 1430 2290; x_wconf 83' lang='lat' dir='ltr'>exstructum,</span> <span class='ocrx_word' id='word_1_136' title='bbox 1453 2215 1484 2272; x_wconf 91' lang='lat' dir='ltr'>iu</span> <span class='ocrx_word' id='word_1_137' title='bbox 1508 2233 1570 2293; x_wconf 90' lang='lat' dir='ltr'>quo</span> <span class='ocrx_word' id='word_1_138' title='bbox 1587 2223 1680 2292; x_wconf 89' lang='lat' dir='ltr'>porta</span> 
     </span>
     <span class='ocr_line' id='line_1_18' title="bbox 401 2320 1622 2399; baseline 0 -19"><span class='ocrx_word' id='word_1_139' title='bbox 401 2320 580 2382; x_wconf 90' lang='lat' dir='ltr'>necessaria</span> <span class='ocrx_word' id='word_1_140' title='bbox 604 2327 660 2388; x_wconf 81' lang='lat' dir='ltr'>est,</span> <span class='ocrx_word' id='word_1_141' title='bbox 683 2321 778 2380; x_wconf 91' lang='lat' dir='ltr'>haras</span> <span class='ocrx_word' id='word_1_142' title='bbox 802 2320 878 2382; x_wconf 90' lang='lat' dir='ltr'>satis</span> <span class='ocrx_word' id='word_1_143' title='bbox 902 2321 1002 2379; x_wconf 89' lang='lat' dir='ltr'>bonas</span> <span class='ocrx_word' id='word_1_144' title='bbox 1026 2339 1126 2381; x_wconf 87' lang='lat' dir='ltr'>novas</span> <span class='ocrx_word' id='word_1_145' title='bbox 1149 2321 1272 2380; x_wconf 88' lang='lat' dir='ltr'>duabus</span> <span class='ocrx_word' id='word_1_146' title='bbox 1295 2321 1447 2381; x_wconf 89' lang='lat' dir='ltr'>clausuris</span> <span class='ocrx_word' id='word_1_147' title='bbox 1471 2321 1622 2399; x_wconf 89' lang='lat' dir='ltr'>provisas.</span> 
     </span>
    </p>

    <p class='ocr_par' dir='ltr' id='par_1_9' title="bbox 398 2425 1678 2938">
     <span class='ocr_line' id='line_1_19' title="bbox 504 2425 1678 2508; baseline 0.001 -21"><span class='ocrx_word' id='word_1_148' title='bbox 504 2425 555 2488; x_wconf 85' lang='lat'>30.</span> <span class='ocrx_word' id='word_1_149' title='bbox 573 2427 691 2488; x_wconf 89' lang='lat' dir='ltr'>Nobilis</span> <span class='ocrx_word' id='word_1_150' title='bbox 709 2427 844 2488; x_wconf 88' lang='lat' dir='ltr'>Michael</span> <span class='ocrx_word' id='word_1_151' title='bbox 862 2428 997 2488; x_wconf 86' lang='lat' dir='ltr'>Luchich</span> <span class='ocrx_word' id='word_1_152' title='bbox 1014 2429 1082 2488; x_wconf 88' lang='lat' dir='ltr'>Bau</span> <span class='ocrx_word' id='word_1_153' title='bbox 1098 2429 1316 2498; x_wconf 82' lang='lat' dir='ltr'>dictus,l1abet</span> <span class='ocrx_word' id='word_1_154' title='bbox 1339 2430 1467 2488; x_wconf 87' lang='lat' dir='ltr'>domum</span> <span class='ocrx_word' id='word_1_155' title='bbox 1479 2429 1587 2489; x_wconf 89' lang='lat' dir='ltr'>ruinae</span> <span class='ocrx_word' id='word_1_156' title='bbox 1609 2446 1678 2508; x_wconf 93' lang='lat' dir='ltr'>pro-</span> 
     </span>
     <span class='ocr_line' id='line_1_20' title="bbox 399 2535 1678 2616; baseline -0.001 -20"><span class='ocrx_word' id='word_1_157' title='bbox 399 2537 514 2597; x_wconf 87' lang='lat' dir='ltr'>ximam</span> <span class='ocrx_word' id='word_1_158' title='bbox 539 2535 735 2614; x_wconf 90' lang='lat' dir='ltr'>reparatione</span> <span class='ocrx_word' id='word_1_159' title='bbox 759 2535 951 2616; x_wconf 85' lang='lat' dir='ltr'>indigentem</span> <span class='ocrx_word' id='word_1_160' title='bbox 977 2555 996 2595; x_wconf 91' lang='lat' dir='ltr'>a</span> <span class='ocrx_word' id='word_1_161' title='bbox 1020 2544 1107 2613; x_wconf 88' lang='lat' dir='ltr'>parte</span> <span class='ocrx_word' id='word_1_162' title='bbox 1142 2536 1286 2609; x_wconf 80' lang='lat' dir='ltr'>interiori,</span> <span class='ocrx_word' id='word_1_163' title='bbox 1310 2556 1367 2616; x_wconf 94' lang='lat' dir='ltr'>pro</span> <span class='ocrx_word' id='word_1_164' title='bbox 1398 2557 1462 2616; x_wconf 87' lang='lat' dir='ltr'>qua</span> <span class='ocrx_word' id='word_1_165' title='bbox 1492 2538 1585 2598; x_wconf 92' lang='lat' dir='ltr'>domo</span> <span class='ocrx_word' id='word_1_166' title='bbox 1616 2538 1678 2596; x_wconf 91' lang='lat' dir='ltr'>iam</span> 
     </span>
     <span class='ocr_line' id='line_1_21' title="bbox 398 2640 1678 2720; baseline -0.002 -16"><span class='ocrx_word' id='word_1_167' title='bbox 398 2644 493 2704; x_wconf 89' lang='lat' dir='ltr'>habet</span> <span class='ocrx_word' id='word_1_168' title='bbox 517 2645 629 2704; x_wconf 91' lang='lat' dir='ltr'>robora</span> <span class='ocrx_word' id='word_1_169' title='bbox 652 2661 723 2702; x_wconf 92' lang='lat' dir='ltr'>cum</span> <span class='ocrx_word' id='word_1_170' title='bbox 747 2643 815 2702; x_wconf 86' lang='lat' dir='ltr'>basi</span> <span class='ocrx_word' id='word_1_171' title='bbox 844 2641 882 2701; x_wconf 80' lang='lat'>14</span> <span class='ocrx_word' id='word_1_172' title='bbox 907 2643 1035 2720; x_wconf 87' lang='lat' dir='ltr'>maiora,</span> <span class='ocrx_word' id='word_1_173' title='bbox 1059 2642 1179 2702; x_wconf 85' lang='lat' dir='ltr'>minora</span> <span class='ocrx_word' id='word_1_174' title='bbox 1206 2640 1235 2717; x_wconf 88' lang='lat'>3,</span> <span class='ocrx_word' id='word_1_175' title='bbox 1260 2645 1408 2703; x_wconf 86' lang='lat' dir='ltr'>horreum</span> <span class='ocrx_word' id='word_1_176' title='bbox 1434 2644 1559 2716; x_wconf 90' lang='lat' dir='ltr'>bonum,</span> <span class='ocrx_word' id='word_1_177' title='bbox 1583 2643 1678 2703; x_wconf 86' lang='lat' dir='ltr'>haras</span> 
     </span>
     <span class='ocr_line' id='line_1_22' title="bbox 398 2749 1675 2831; baseline 0 -20"><span class='ocrx_word' id='word_1_178' title='bbox 398 2752 601 2831; x_wconf 88' lang='lat' dir='ltr'>biangulares</span> <span class='ocrx_word' id='word_1_179' title='bbox 623 2750 723 2811; x_wconf 88' lang='lat' dir='ltr'>bonas</span> <span class='ocrx_word' id='word_1_180' title='bbox 748 2751 803 2811; x_wconf 93' lang='lat' dir='ltr'>sed</span> <span class='ocrx_word' id='word_1_181' title='bbox 827 2750 1007 2828; x_wconf 87' lang='lat' dir='ltr'>pavimento</span> <span class='ocrx_word' id='word_1_182' title='bbox 1031 2749 1062 2809; x_wconf 92' lang='lat' dir='ltr'>in</span> <span class='ocrx_word' id='word_1_183' title='bbox 1086 2749 1189 2829; x_wconf 88' lang='lat' dir='ltr'>aliqua</span> <span class='ocrx_word' id='word_1_184' title='bbox 1213 2760 1301 2829; x_wconf 88' lang='lat' dir='ltr'>parte</span> <span class='ocrx_word' id='word_1_185' title='bbox 1326 2751 1511 2830; x_wconf 80' lang='lat' dir='ltr'>indigentes,</span> <span class='ocrx_word' id='word_1_186' title='bbox 1524 2751 1675 2830; x_wconf 88' lang='lat' dir='ltr'>quodpa·</span> 
     </span>
     <span class='ocr_line' id='line_1_23' title="bbox 400 2859 1527 2938; baseline -0.001 -19"><span class='ocrx_word' id='word_1_187' title='bbox 400 2860 571 2920; x_wconf 89' lang='lat' dir='ltr'>vimentum</span> <span class='ocrx_word' id='word_1_188' title='bbox 595 2878 633 2919; x_wconf 89' lang='lat' dir='ltr'>ex</span> <span class='ocrx_word' id='word_1_189' title='bbox 658 2860 785 2938; x_wconf 82' lang='lat' dir='ltr'>antiqua</span> <span class='ocrx_word' id='word_1_190' title='bbox 809 2859 903 2918; x_wconf 92' lang='lat' dir='ltr'>domo</span> <span class='ocrx_word' id='word_1_191' title='bbox 927 2859 995 2917; x_wconf 89' lang='lat' dir='ltr'>fieri</span> <span class='ocrx_word' id='word_1_192' title='bbox 1019 2866 1129 2937; x_wconf 88' lang='lat' dir='ltr'>potest.</span> <span class='ocrx_word' id='word_1_193' title='bbox 1523 2925 1527 2932; x_wconf 46' lang='grc'>,</span> 
     </span>
    </p>

    <p class='ocr_par' dir='ltr' id='par_1_10' title="bbox 391 2965 1674 3259">
     <span class='ocr_line' id='line_1_24' title="bbox 502 2965 1674 3045; baseline -0.002 -18"><span class='ocrx_word' id='word_1_194' title='bbox 502 2968 578 3027; x_wconf 89' lang='lat' dir='ltr'>ltem</span> <span class='ocrx_word' id='word_1_195' title='bbox 603 2967 762 3025; x_wconf 88' lang='lat' dir='ltr'>camerula</span> <span class='ocrx_word' id='word_1_196' title='bbox 788 2965 910 3043; x_wconf 89' lang='lat' dir='ltr'>privata</span> <span class='ocrx_word' id='word_1_197' title='bbox 939 2965 1099 3025; x_wconf 89' lang='lat' dir='ltr'>Barbarae</span> <span class='ocrx_word' id='word_1_198' title='bbox 1130 2966 1244 3025; x_wconf 89' lang='lat' dir='ltr'>viduae</span> <span class='ocrx_word' id='word_1_199' title='bbox 1278 2966 1400 3045; x_wconf 87' lang='lat' dir='ltr'>losephi</span> <span class='ocrx_word' id='word_1_200' title='bbox 1431 2967 1505 3027; x_wconf 92' lang='lat' dir='ltr'>olim</span> <span class='ocrx_word' id='word_1_201' title='bbox 1537 2968 1674 3026; x_wconf 88' lang='lat' dir='ltr'>Luchich</span> 
     </span>
     <span class='ocr_line' id='line_1_25' title="bbox 395 3072 1673 3149; baseline -0.002 -16"><span class='ocrx_word' id='word_1_202' title='bbox 395 3074 488 3147; x_wconf 90' lang='lat' dir='ltr'>bona,</span> <span class='ocrx_word' id='word_1_203' title='bbox 512 3073 675 3132; x_wconf 90' lang='lat' dir='ltr'>Michaelis</span> <span class='ocrx_word' id='word_1_204' title='bbox 700 3074 858 3133; x_wconf 90' lang='lat' dir='ltr'>camerula</span> <span class='ocrx_word' id='word_1_205' title='bbox 891 3091 974 3131; x_wconf 91' lang='lat' dir='ltr'>nova</span> <span class='ocrx_word' id='word_1_206' title='bbox 1004 3072 1127 3149; x_wconf 84' lang='lat' dir='ltr'>privata</span> <span class='ocrx_word' id='word_1_207' title='bbox 1158 3073 1242 3131; x_wconf 91' lang='lat' dir='ltr'>bona</span> <span class='ocrx_word' id='word_1_208' title='bbox 1277 3074 1317 3133; x_wconf 90' lang='lat' dir='ltr'>ad</span> <span class='ocrx_word' id='word_1_209' title='bbox 1350 3092 1443 3133; x_wconf 91' lang='lat' dir='ltr'>uuam</span> <span class='ocrx_word' id='word_1_210' title='bbox 1476 3074 1673 3148; x_wconf 83' lang='lat' dir='ltr'>clausuram3</span> 
     </span>
     <span class='ocr_line' id='line_1_26' title="bbox 391 3179 1673 3259; baseline -0.002 -18"><span class='ocrx_word' id='word_1_211' title='bbox 391 3180 465 3241; x_wconf 91' lang='lat' dir='ltr'>item</span> <span class='ocrx_word' id='word_1_212' title='bbox 485 3198 582 3259; x_wconf 89' lang='lat' dir='ltr'>penes</span> <span class='ocrx_word' id='word_1_213' title='bbox 598 3180 679 3240; x_wconf 92' lang='lat' dir='ltr'>hanc</span> <span class='ocrx_word' id='word_1_214' title='bbox 695 3180 835 3240; x_wconf 90' lang='lat' dir='ltr'>Mathiae</span> <span class='ocrx_word' id='word_1_215' title='bbox 852 3179 973 3257; x_wconf 90' lang='lat' dir='ltr'>privata</span> <span class='ocrx_word' id='word_1_216' title='bbox 990 3180 1156 3254; x_wconf 88' lang='lat' dir='ltr'>camerula,</span> <span class='ocrx_word' id='word_1_217' title='bbox 1172 3180 1279 3259; x_wconf 89' lang='lat' dir='ltr'>inqua</span> <span class='ocrx_word' id='word_1_218' title='bbox 1293 3180 1386 3239; x_wconf 91' lang='lat' dir='ltr'>etiam</span> <span class='ocrx_word' id='word_1_219' title='bbox 1403 3181 1562 3241; x_wconf 86' lang='lat' dir='ltr'>lomacem</span> <span class='ocrx_word' id='word_1_220' title='bbox 1578 3180 1673 3239; x_wconf 88' lang='lat' dir='ltr'>habet</span> 
     </span>
    </p>
   </div>
   <div class='ocr_carea' id='block_1_5' title="bbox 391 3287 1671 3369">
    <p class='ocr_par' dir='ltr' id='par_1_11' title="bbox 391 3287 1671 3369">
     <span class='ocr_line' id='line_1_27' title="bbox 391 3287 1671 3369; baseline -0.002 -22"><span class='ocrx_word' id='word_1_221' title='bbox 391 3290 492 3361; x_wconf 87' lang='lat' dir='ltr'>bona;</span> <span class='ocrx_word' id='word_1_222' title='bbox 516 3289 589 3348; x_wconf 91' lang='lat' dir='ltr'>item</span> <span class='ocrx_word' id='word_1_223' title='bbox 614 3288 748 3348; x_wconf 91' lang='lat' dir='ltr'>culinam</span> <span class='ocrx_word' id='word_1_224' title='bbox 773 3288 977 3347; x_wconf 89' lang='lat' dir='ltr'>domesticam</span> <span class='ocrx_word' id='word_1_225' title='bbox 1002 3288 1097 3346; x_wconf 90' lang='lat' dir='ltr'>habet</span> <span class='ocrx_word' id='word_1_226' title='bbox 1119 3288 1234 3347; x_wconf 92' lang='lat' dir='ltr'>bonam</span> <span class='ocrx_word' id='word_1_227' title='bbox 1259 3297 1341 3348; x_wconf 93' lang='lat' dir='ltr'>tecto</span> <span class='ocrx_word' id='word_1_228' title='bbox 1365 3288 1566 3369; x_wconf 85' lang='lat' dir='ltr'>indigentem,</span> <span class='ocrx_word' id='word_1_229' title='bbox 1599 3287 1671 3346; x_wconf 90' lang='lat' dir='ltr'>nihil</span> 
     </span>
    </p>
   </div>
   <div class='ocr_carea' id='block_1_6' title="bbox 389 3399 1671 4979">
    <p class='ocr_par' dir='ltr' id='par_1_12' title="bbox 393 3399 485 3457">
     <span class='ocr_line' id='line_1_28' title="bbox 393 3399 485 3457; baseline 0 0"><span class='ocrx_word' id='word_1_230' title='bbox 393 3399 485 3457; x_wconf 89' lang='lat' dir='ltr'>aliud.</span> 
     </span>
    </p>

    <p class='ocr_par' dir='ltr' id='par_1_13' title="bbox 500 3501 1671 3583">
     <span class='ocr_line' id='line_1_29' title="bbox 500 3501 1671 3583; baseline -0.002 -20"><span class='ocrx_word' id='word_1_231' title='bbox 500 3501 549 3563; x_wconf 89' lang='grc'>31.</span> <span class='ocrx_word' id='word_1_232' title='bbox 576 3504 696 3563; x_wconf 86' lang='lat' dir='ltr'>Nobilis</span> <span class='ocrx_word' id='word_1_233' title='bbox 720 3504 878 3583; x_wconf 85' lang='lat' dir='ltr'>Georgius</span> <span class='ocrx_word' id='word_1_234' title='bbox 901 3504 1039 3563; x_wconf 89' lang='lat' dir='ltr'>Luchich</span> <span class='ocrx_word' id='word_1_235' title='bbox 1063 3505 1159 3564; x_wconf 92' lang='lat' dir='ltr'>habet</span> <span class='ocrx_word' id='word_1_236' title='bbox 1182 3506 1309 3565; x_wconf 91' lang='lat' dir='ltr'>domum</span> <span class='ocrx_word' id='word_1_237' title='bbox 1334 3505 1529 3581; x_wconf 87' lang='lat' dir='ltr'>commodam</span> <span class='ocrx_word' id='word_1_238' title='bbox 1546 3522 1671 3582; x_wconf 89' lang='lat' dir='ltr'>repara-</span> 
     </span>
    </p>

    <p class='ocr_par' dir='ltr' id='par_1_14' title="bbox 389 3610 1671 4529">
     <span class='ocr_line' id='line_1_30' title="bbox 391 3610 1671 3692; baseline -0.001 -21"><span class='ocrx_word' id='word_1_239' title='bbox 391 3612 474 3672; x_wconf 90' lang='lat' dir='ltr'>tione</span> <span class='ocrx_word' id='word_1_240' title='bbox 501 3620 576 3671; x_wconf 75' lang='lat' dir='ltr'>tam(</span> <span class='ocrx_word' id='word_1_241' title='bbox 588 3632 607 3669; x_wconf 93' lang='lat' dir='ltr'>n</span> <span class='ocrx_word' id='word_1_242' title='bbox 623 3610 843 3684; x_wconf 87' lang='lat' dir='ltr'>necessariam,</span> <span class='ocrx_word' id='word_1_243' title='bbox 860 3611 1006 3671; x_wconf 91' lang='lat' dir='ltr'>horreum</span> <span class='ocrx_word' id='word_1_244' title='bbox 1018 3619 1087 3671; x_wconf 91' lang='lat' dir='ltr'>utut</span> <span class='ocrx_word' id='word_1_245' title='bbox 1102 3612 1217 3673; x_wconf 89' lang='lat' dir='ltr'>bouum</span> <span class='ocrx_word' id='word_1_246' title='bbox 1234 3612 1363 3672; x_wconf 88' lang='lat' dir='ltr'>basibus</span> <span class='ocrx_word' id='word_1_247' title='bbox 1379 3611 1531 3692; x_wconf 88' lang='lat' dir='ltr'>indigens,</span> <span class='ocrx_word' id='word_1_248' title='bbox 1543 3612 1638 3670; x_wconf 86' lang='lat' dir='ltr'>haras</span> <span class='ocrx_word' id='word_1_249' title='bbox 1651 3610 1671 3670; x_wconf 86' lang='lat'>5</span> 
     </span>
     <span class='ocr_line' id='line_1_31' title="bbox 390 3718 1671 3799; baseline -0.001 -22"><span class='ocrx_word' id='word_1_250' title='bbox 390 3718 542 3778; x_wconf 89' lang='lat' dir='ltr'>clausuris</span> <span class='ocrx_word' id='word_1_251' title='bbox 577 3718 719 3796; x_wconf 84' lang='lat' dir='ltr'>provisas</span> <span class='ocrx_word' id='word_1_252' title='bbox 744 3719 852 3795; x_wconf 82' lang='lat' dir='ltr'>bonas,</span> <span class='ocrx_word' id='word_1_253' title='bbox 887 3736 968 3796; x_wconf 89' lang='lat' dir='ltr'>quae</span> <span class='ocrx_word' id='word_1_254' title='bbox 1003 3718 1100 3779; x_wconf 90' lang='lat' dir='ltr'>harae</span> <span class='ocrx_word' id='word_1_255' title='bbox 1138 3719 1279 3799; x_wconf 87' lang='lat' dir='ltr'>indigent</span> <span class='ocrx_word' id='word_1_256' title='bbox 1310 3720 1490 3797; x_wconf 85' lang='lat' dir='ltr'>pavimento</span> <span class='ocrx_word' id='word_1_257' title='bbox 1526 3718 1671 3792; x_wconf 80' lang='lat' dir='ltr'>interiori,</span> 
     </span>
     <span class='ocr_line' id='line_1_32' title="bbox 393 3824 1671 3913; baseline 0 -28"><span class='ocrx_word' id='word_1_258' title='bbox 393 3825 551 3885; x_wconf 89' lang='lat' dir='ltr'>camerula</span> <span class='ocrx_word' id='word_1_259' title='bbox 576 3825 698 3902; x_wconf 89' lang='lat' dir='ltr'>privata</span> <span class='ocrx_word' id='word_1_260' title='bbox 723 3824 850 3904; x_wconf 89' lang='lat' dir='ltr'>antiqua</span> <span class='ocrx_word' id='word_1_261' title='bbox 874 3824 1005 3913; x_wconf 73' lang='lat' dir='ltr'>Georgii</span> <span class='ocrx_word' id='word_1_262' title='bbox 1027 3826 1120 3904; x_wconf 86' lang='lat' dir='ltr'>bona,</span> <span class='ocrx_word' id='word_1_263' title='bbox 1152 3828 1329 3886; x_wconf 89' lang='lat' dir='ltr'>camerulae</span> <span class='ocrx_word' id='word_1_264' title='bbox 1361 3824 1382 3885; x_wconf 90' lang='lat'>4</span> <span class='ocrx_word' id='word_1_265' title='bbox 1410 3826 1518 3900; x_wconf 79' lang='lat' dir='ltr'>Pauli,</span> <span class='ocrx_word' id='word_1_266' title='bbox 1550 3825 1671 3885; x_wconf 90' lang='lat' dir='ltr'>Micha-</span> 
     </span>
     <span class='ocr_line' id='line_1_33' title="bbox 394 3931 1671 4011; baseline 0 -20"><span class='ocrx_word' id='word_1_267' title='bbox 394 3932 458 4005; x_wconf 91' lang='lat' dir='ltr'>elis,</span> <span class='ocrx_word' id='word_1_268' title='bbox 483 3932 565 3991; x_wconf 89' lang='lat' dir='ltr'>Petri</span> <span class='ocrx_word' id='word_1_269' title='bbox 591 3941 622 3990; x_wconf 91' lang='lat' dir='ltr'>et</span> <span class='ocrx_word' id='word_1_270' title='bbox 646 3931 770 3991; x_wconf 89' lang='lat' dir='ltr'>loannis</span> <span class='ocrx_word' id='word_1_271' title='bbox 793 3932 882 4011; x_wconf 89' lang='lat' dir='ltr'>Bapt.</span> <span class='ocrx_word' id='word_1_272' title='bbox 908 3932 1045 3991; x_wconf 89' lang='lat' dir='ltr'>Luchich</span> <span class='ocrx_word' id='word_1_273' title='bbox 1069 3934 1211 4011; x_wconf 85' lang='lat' dir='ltr'>privatae</span> <span class='ocrx_word' id='word_1_274' title='bbox 1235 3934 1292 3992; x_wconf 88' lang='lat' dir='ltr'>sub</span> <span class='ocrx_word' id='word_1_275' title='bbox 1316 3952 1379 3992; x_wconf 89' lang='lat' dir='ltr'>uno</span> <span class='ocrx_word' id='word_1_276' title='bbox 1396 3942 1487 4007; x_wconf 90' lang='lat' dir='ltr'>teet0,</span> <span class='ocrx_word' id='word_1_277' title='bbox 1504 3933 1671 4010; x_wconf 87' lang='lat' dir='ltr'>exquibus</span> 
     </span>
     <span class='ocr_line' id='line_1_34' title="bbox 392 4038 843 4118; baseline 0.007 -21"><span class='ocrx_word' id='word_1_278' title='bbox 392 4057 454 4097; x_wconf 88' lang='lat' dir='ltr'>uua</span> <span class='ocrx_word' id='word_1_279' title='bbox 480 4038 586 4098; x_wconf 89' lang='lat' dir='ltr'>ultima</span> <span class='ocrx_word' id='word_1_280' title='bbox 598 4052 600 4055; x_wconf 84' lang='grc'><strong><em>·</em></strong></span> <span class='ocrx_word' id='word_1_281' title='bbox 611 4048 693 4098; x_wconf 82' lang='lat' dir='ltr'>tecto</span> <span class='ocrx_word' id='word_1_282' title='bbox 715 4039 843 4118; x_wconf 86' lang='lat' dir='ltr'>indiget.</span> 
     </span>
     <span class='ocr_line' id='line_1_35' title="bbox 394 4143 1669 4221; baseline 0.002 -18"><span class='ocrx_word' id='word_1_283' title='bbox 394 4180 395 4185; x_wconf 22' lang='grc' dir='ltr'><strong><em>κ</em></strong></span> <span class='ocrx_word' id='word_1_284' title='bbox 499 4143 551 4209; x_wconf 89' lang='grc'>32.</span> <span class='ocrx_word' id='word_1_285' title='bbox 574 4146 686 4204; x_wconf 86' lang='lat' dir='ltr'>Petrus</span> <span class='ocrx_word' id='word_1_286' title='bbox 710 4146 847 4205; x_wconf 92' lang='lat' dir='ltr'>Luchich</span> <span class='ocrx_word' id='word_1_287' title='bbox 864 4146 1050 4207; x_wconf 82' lang='lat' dir='ltr'>Thominovi</span> <span class='ocrx_word' id='word_1_288' title='bbox 1074 4146 1185 4221; x_wconf 88' lang='lat' dir='ltr'>dictus,</span> <span class='ocrx_word' id='word_1_289' title='bbox 1208 4147 1304 4207; x_wconf 89' lang='lat' dir='ltr'>habet</span> <span class='ocrx_word' id='word_1_290' title='bbox 1319 4147 1446 4206; x_wconf 90' lang='lat' dir='ltr'>domum</span> <span class='ocrx_word' id='word_1_291' title='bbox 1470 4147 1586 4209; x_wconf 92' lang='lat' dir='ltr'>bonam</span> <span class='ocrx_word' id='word_1_292' title='bbox 1603 4164 1669 4220; x_wconf 64' lang='lat' dir='ltr'>am7</span> 
     </span>
     <span class='ocr_line' id='line_1_36' title="bbox 391 4250 1667 4335; baseline 0.002 -25"><span class='ocrx_word' id='word_1_293' title='bbox 391 4252 456 4314; x_wconf 92' lang='lat' dir='ltr'>bitu</span> <span class='ocrx_word' id='word_1_294' title='bbox 481 4253 682 4332; x_wconf 85' lang='lat' dir='ltr'>indigentem,</span> <span class='ocrx_word' id='word_1_295' title='bbox 704 4254 830 4312; x_wconf 90' lang='lat' dir='ltr'>harulas</span> <span class='ocrx_word' id='word_1_296' title='bbox 855 4254 1008 4332; x_wconf 90' lang='lat' dir='ltr'>antiquas,</span> <span class='ocrx_word' id='word_1_297' title='bbox 1041 4274 1097 4333; x_wconf 88' lang='lat' dir='ltr'>pro</span> <span class='ocrx_word' id='word_1_298' title='bbox 1120 4253 1233 4335; x_wconf 90' lang='lat' dir='ltr'>quibus</span> <span class='ocrx_word' id='word_1_299' title='bbox 1255 4255 1318 4315; x_wconf 87' lang='lat' dir='ltr'>iam</span> <span class='ocrx_word' id='word_1_300' title='bbox 1343 4255 1436 4318; x_wconf 85' lang='lat' dir='ltr'>datae</span> <span class='ocrx_word' id='word_1_301' title='bbox 1460 4264 1532 4313; x_wconf 91' lang='lat' dir='ltr'>sunt</span> <span class='ocrx_word' id='word_1_302' title='bbox 1564 4250 1583 4312; x_wconf 87' lang='lat'>3</span> <span class='ocrx_word' id='word_1_303' title='bbox 1615 4272 1667 4313; x_wconf 85' lang='lat' dir='ltr'>ar·</span> 
     </span>
     <span class='ocr_line' id='line_1_37' title="bbox 390 4361 1670 4439; baseline 0.002 -21"><span class='ocrx_word' id='word_1_304' title='bbox 390 4362 483 4419; x_wconf 88' lang='lat' dir='ltr'>bores</span> <span class='ocrx_word' id='word_1_305' title='bbox 516 4361 683 4439; x_wconf 86' lang='lat' dir='ltr'>quercinae</span> <span class='ocrx_word' id='word_1_306' title='bbox 717 4380 772 4438; x_wconf 91' lang='lat' dir='ltr'>per</span> <span class='ocrx_word' id='word_1_307' title='bbox 797 4362 955 4431; x_wconf 77' lang='lat' dir='ltr'>domiuum</span> <span class='ocrx_word' id='word_1_308' title='bbox 987 4363 1133 4423; x_wconf 90' lang='lat' dir='ltr'>comitem</span> <span class='ocrx_word' id='word_1_309' title='bbox 1164 4370 1343 4423; x_wconf 87' lang='lat' dir='ltr'>terrestrem</span> <span class='ocrx_word' id='word_1_310' title='bbox 1375 4364 1502 4422; x_wconf 89' lang='lat' dir='ltr'>Petrum</span> <span class='ocrx_word' id='word_1_311' title='bbox 1533 4362 1670 4435; x_wconf 90' lang='lat' dir='ltr'>Modich,</span> 
     </span>
     <span class='ocr_line' id='line_1_38' title="bbox 389 4467 707 4529; baseline 0.009 -4"><span class='ocrx_word' id='word_1_312' title='bbox 389 4486 480 4527; x_wconf 84' lang='lat' dir='ltr'>secus</span> <span class='ocrx_word' id='word_1_313' title='bbox 505 4467 578 4527; x_wconf 94' lang='lat' dir='ltr'>nihil</span> <span class='ocrx_word' id='word_1_314' title='bbox 602 4469 707 4529; x_wconf 88' lang='lat' dir='ltr'>habet.</span> 
     </span>
    </p>

    <p class='ocr_par' dir='ltr' id='par_1_15' title="bbox 391 4571 1671 4979">
     <span class='ocr_line' id='line_1_39' title="bbox 498 4571 1670 4657; baseline 0.002 -24"><span class='ocrx_word' id='word_1_315' title='bbox 498 4571 550 4635; x_wconf 90' lang='lat'>33.</span> <span class='ocrx_word' id='word_1_316' title='bbox 573 4575 751 4654; x_wconf 87' lang='lat' dir='ltr'>Stephanus</span> <span class='ocrx_word' id='word_1_317' title='bbox 775 4576 973 4638; x_wconf 89' lang='lat' dir='ltr'>Hervachieh</span> <span class='ocrx_word' id='word_1_318' title='bbox 998 4578 1094 4638; x_wconf 90' lang='lat' dir='ltr'>habet</span> <span class='ocrx_word' id='word_1_319' title='bbox 1121 4577 1249 4637; x_wconf 93' lang='lat' dir='ltr'>domum</span> <span class='ocrx_word' id='word_1_320' title='bbox 1272 4577 1397 4654; x_wconf 86' lang='lat' dir='ltr'>bonam,</span> <span class='ocrx_word' id='word_1_321' title='bbox 1413 4577 1547 4637; x_wconf 90' lang='lat' dir='ltr'>culinam</span> <span class='ocrx_word' id='word_1_322' title='bbox 1571 4596 1670 4657; x_wconf 80' lang='lat' dir='ltr'>angu-</span> 
     </span>
     <span class='ocr_line' id='line_1_40' title="bbox 392 4682 1671 4765; baseline 0.003 -25"><span class='ocrx_word' id='word_1_323' title='bbox 392 4690 482 4757; x_wconf 87' lang='lat' dir='ltr'>stam,</span> <span class='ocrx_word' id='word_1_324' title='bbox 506 4682 589 4761; x_wconf 93' lang='lat' dir='ltr'>quod</span> <span class='ocrx_word' id='word_1_325' title='bbox 613 4701 671 4742; x_wconf 89' lang='lat' dir='ltr'>nec</span> <span class='ocrx_word' id='word_1_326' title='bbox 696 4702 830 4761; x_wconf 89' lang='lat' dir='ltr'>coquere</span> <span class='ocrx_word' id='word_1_327' title='bbox 855 4685 911 4744; x_wconf 90' lang='lat' dir='ltr'>sibi</span> <span class='ocrx_word' id='word_1_328' title='bbox 936 4686 967 4745; x_wconf 94' lang='lat' dir='ltr'>in</span> <span class='ocrx_word' id='word_1_329' title='bbox 992 4705 1030 4745; x_wconf 90' lang='lat' dir='ltr'>ea</span> <span class='ocrx_word' id='word_1_330' title='bbox 1047 4687 1153 4765; x_wconf 87' lang='lat' dir='ltr'>possit.</span> <span class='ocrx_word' id='word_1_331' title='bbox 1169 4688 1273 4745; x_wconf 90' lang='lat' dir='ltr'>Haras</span> <span class='ocrx_word' id='word_1_332' title='bbox 1288 4687 1388 4746; x_wconf 92' lang='lat' dir='ltr'>bonas</span> <span class='ocrx_word' id='word_1_333' title='bbox 1404 4686 1445 4745; x_wconf 92' lang='lat' dir='ltr'>ad</span> <span class='ocrx_word' id='word_1_334' title='bbox 1461 4682 1482 4758; x_wconf 89' lang='lat'>3</span> <span class='ocrx_word' id='word_1_335' title='bbox 1499 4687 1671 4758; x_wconf 87' lang='lat' dir='ltr'>clausuras,</span> 
     </span>
     <span class='ocr_line' id='line_1_41' title="bbox 391 4789 1671 4861; baseline 0.006 -14"><span class='ocrx_word' id='word_1_336' title='bbox 391 4789 567 4849; x_wconf 88' lang='lat' dir='ltr'>horreolum</span> <span class='ocrx_word' id='word_1_337' title='bbox 591 4790 716 4861; x_wconf 90' lang='lat' dir='ltr'>bonum,</span> <span class='ocrx_word' id='word_1_338' title='bbox 741 4794 931 4853; x_wconf 85' lang='lat' dir='ltr'>camerulam</span> <span class='ocrx_word' id='word_1_339' title='bbox 965 4814 1059 4854; x_wconf 92' lang='lat' dir='ltr'>unam</span> <span class='ocrx_word' id='word_1_340' title='bbox 1084 4796 1124 4854; x_wconf 89' lang='lat' dir='ltr'>ad</span> <span class='ocrx_word' id='word_1_341' title='bbox 1158 4794 1179 4853; x_wconf 87' lang='grc'>2</span> <span class='ocrx_word' id='word_1_342' title='bbox 1211 4796 1372 4855; x_wconf 86' lang='lat' dir='ltr'>clausuras</span> <span class='ocrx_word' id='word_1_343' title='bbox 1396 4795 1453 4855; x_wconf 89' lang='lat' dir='ltr'>sub</span> <span class='ocrx_word' id='word_1_344' title='bbox 1484 4814 1547 4853; x_wconf 90' lang='lat' dir='ltr'>uuo</span> <span class='ocrx_word' id='word_1_345' title='bbox 1578 4804 1671 4855; x_wconf 91' lang='lat' dir='ltr'>tecto.</span> 
     </span>
     <span class='ocr_line' id='line_1_42' title="bbox 393 4896 1230 4979; baseline 0.008 -25"><span class='ocrx_word' id='word_1_346' title='bbox 393 4896 564 4956; x_wconf 85' lang='lat' dir='ltr'>Fornacem</span> <span class='ocrx_word' id='word_1_347' title='bbox 589 4897 757 4973; x_wconf 87' lang='lat' dir='ltr'>pistoream</span> <span class='ocrx_word' id='word_1_348' title='bbox 783 4900 898 4959; x_wconf 89' lang='lat' dir='ltr'>bonam</span> <span class='ocrx_word' id='word_1_349' title='bbox 922 4910 1006 4961; x_wconf 87' lang='lat' dir='ltr'>tecto</span> <span class='ocrx_word' id='word_1_350' title='bbox 1029 4902 1230 4979; x_wconf 82' lang='lat' dir='ltr'>indigentem,</span> 
     </span>
    </p>
   </div>
   <div class='ocr_carea' id='block_1_7' title="bbox 0 0 1972 5550">
    <p class='ocr_par' dir='ltr' id='par_1_16' title="bbox 0 0 1972 5550">
     <span class='ocr_line' id='line_1_43' title="bbox 0 0 1972 5550; baseline 0 0"><span class='ocrx_word' id='word_1_351' title='bbox 0 0 1972 5550; x_wconf 95' lang='lat' dir='ltr'> </span> 
     </span>
    </p>
   </div>
  </div>
 </body>
</html>
