3934 5550
1504 422 1564 484 521

400 635 492 694 Anno
516 633 632 694 domini
661 631 753 696 1625.
777 634 932 694 sabbatho
956 635 1097 713 proximo
1117 643 1189 696 ante
1206 637 1393 697 dominicam
1409 633 1571 712 Cantatel,

289 743 322 800 in
345 742 458 804 Maiori
489 741 635 818 Gorycza
666 743 750 801 lacta
781 751 829 802 est
860 742 1161 822 congregatiuncula
1192 744 1339 804 nobilium
1371 743 1484 823 Campi
1513 745 1572 805 Za-

293 849 478 929 grabiensis.

399 975 424 1035 l.
457 976 572 1055 Lugari
605 976 770 1054 querulosa
801 986 986 1054 proponunt,
1019 977 1152 1056 qualiter
1183 979 1395 1056 superioribus
1427 979 1567 1059 proxime

289 1083 463 1163 praeteritis
487 1077 611 1142 diebus⁷
634 1084 735 1143 coloni
758 1093 790 1142 et
813 1083 926 1143 subditi
951 1085 1067 1156 domini
1086 1085 1227 1145 vieebani
1245 1087 1460 1166 Christophori
1484 1087 1566 1146 bler-
1630 1117 1633 1124 ·

291 1192 473 1268 niauchych‚
497 1191 527 1250 in
552 1192 671 1250 Veznik
694 1203 932 1266 commorantes
956 1193 1066 1252 decem
1091 1194 1219 1253 arbores
1244 1213 1377 1273 magnas
1400 1195 1566 1274 quercinas

292 1299 323 1359 in
347 1300 436 1376 sylva
458 1318 576 1378 magna
600 1299 775 1379 glandilera
809 1300 1023 1373 succidissent,
1059 1301 1195 1379 dumque
1219 1301 1351 1381 praelati
1374 1303 1477 1383 iugari
1501 1321 1569 1362 eas-

291 1409 363 1468 dem
398 1407 526 1466 arbores
561 1407 717 1468 abducere
747 1407 987 1486 prohibuissent,
1020 1408 1140 1487 aliquos
1171 1427 1209 1468 ex
1243 1409 1362 1470 eisdem
1393 1410 1424 1469 in
1456 1429 1570 1488 aquarn

292 1515 543 1575 submersissent.
560 1516 668 1593 ltaque
682 1535 792 1574 omnes
808 1523 956 1588 statuunt,
972 1525 1007 1575 ut
1023 1516 1151 1575 arbores
1167 1517 1347 1594 praedictae
1362 1516 1495 1595 lrustlim
1510 1517 1572 1576 sin·

292 1624 426 1704 gillatim
453 1623 661 1698 succidantur,
686 1633 718 1682 et
740 1623 863 1684 inutiles
888 1624 1066 1684 reddantur.
1090 1623 1221 1684 Ratione
1245 1643 1320 1684 vero
1344 1634 1486 1704 patratae
1510 1627 1576 1686 vio·

293 1732 407 1792 lentiae
432 1731 666 1791 conveniendus
697 1731 755 1790 erit
777 1731 921 1792 dominus
944 1732 1115 1792 vieebanus
1139 1731 1214 1809 iure,
1246 1741 1339 1792 antea
1362 1752 1437 1792 vero
1465 1733 1522 1793 sed
1547 1741 1578 1793 et

293 1839 359 1898 sine
392 1839 549 1917 praescita
588 1839 819 1899 communitatis
854 1839 948 1900 iidem
980 1839 1123 1900 homines
1155 1839 1271 1899 domini
1303 1839 1446 1900 vieebani
1479 1841 1578 1900 succi-

294 1948 413 2007 derunt.

400 2072 429 2134 2.
453 2073 610 2150 Quoniam
634 2073 787 2134 adventus
811 2073 928 2133 domini
943 2073 1017 2133 bani
1037 2073 1179 2133 iamiam
1196 2081 1386 2150 expectatur,
1402 2075 1454 2152 qui
1471 2075 1569 2134 lertur

294 2181 378 2259 apud
410 2182 570 2241 dominum
601 2181 747 2241 comitem
778 2183 907 2241 Petrum
937 2182 1061 2262 Vagich
1093 2181 1185 2241 hodie
1215 2182 1400 2259 pernoctari,
1432 2190 1573 2242 statuunt

294 2308 411 2361 omnes,
436 2296 469 2346 ut
491 2307 604 2347 munus
626 2287 658 2346 in
682 2307 785 2348 avena
816 2289 936 2348 circiter
960 2289 1083 2348 duabus
1108 2290 1157 2348 vel
1181 2289 1279 2348 tribus
1303 2289 1421 2366 quartis
1445 2288 1569 2349 nomine

294 2397 386 2456 totius
409 2394 639 2456 communitatis
655 2397 811 2468 offeratur,
835 2397 866 2455 in
890 2397 958 2456 aliis
982 2415 1107 2475 quoque
1131 2396 1318 2455 victualibus
1343 2413 1441 2474 penes
1464 2415 1566 2473 posse.

403 2518 431 2582 3.
461 2521 679 2580 Nundinarum
695 2521 842 2581 custodes
866 2529 956 2580 erunt
971 2521 1072 2600 iugari
1097 2540 1168 2580 cum
1193 2521 1257 2580 suis
1273 2521 1416 2581 vaiuodis
1440 2528 1471 2579 et
1495 2519 1573 2594 aliis,

295 2631 347 2709 qui
371 2630 490 2689 eisdem
512 2647 568 2708 per
592 2629 751 2688 dominum
775 2628 920 2689 comitem
944 2636 976 2688 et
1000 2629 1254 2688 communitatem
1280 2629 1497 2707 adiungentur,
1513 2629 1573 2686 hoc

294 2748 342 2798 est
370 2738 503 2799 vaiuode
527 2736 674 2799 nobilium
698 2737 737 2797 de
761 2736 946 2811 Kobilouch,
970 2736 1092 2811 Plezzo,
1117 2737 1193 2799 Also
1215 2737 1383 2798 Lcmnicza
1408 2744 1439 2796 et
1462 2735 1573 2795 Felseo

294 2847 468 2919 Lukauecz,
489 2846 591 2924 iugari
614 2846 753 2905 omniurn
775 2846 905 2904 istorum
929 2853 1021 2904 erunt
1043 2845 1202 2923 praefecti.

400 2969 430 3031 4.
453 2970 504 3030 Ad
536 2972 663 3030 domum
694 2970 903 3048 parochialem
936 2941 1162 3029 Goriczensein
1187 2988 1243 3049 pro
1259 2969 1461 3067 'adducendis
1486 2969 1576 3027 arbo-

295 3080 388 3157 ribus,
411 3097 490 3156 quas
522 3078 646 3137 nobiles
669 3079 709 3137 de
733 3079 884 3137 Mraczlin
914 3078 1132 3155 promiserunt,
1165 3078 1264 3157 primo
1288 3097 1411 3157 quoque
1436 3085 1577 3154 tempore

295 3188 382 3247 ibunt
404 3187 498 3266 Nagb
532 3186 649 3259 rtllalra,
680 3187 802 3262 Plezzo,
834 3186 1009 3263 Kobilichy,
1033 3186 1185 3262 Rakaryc,
1211 3186 1400 3261 Illouenyalr,
1426 3185 1521 3263 Nagh
1545 3191 1577 3242 et

295 3293 350 3352 Kis
375 3280 527 3367 Goricza,'
543 3294 721 3370 Kusanczy,
744 3294 832 3353 ibunt
854 3294 960 3373 itaque
984 3292 1086 3353 tuturo
1110 3292 1161 3353 die
1184 3287 1300 3352 lunae⁸.

402 3418 431 3478 5.
456 3419 626 3492 Vaiuodae,
650 3419 796 3479 videlicet
812 3418 969 3499 Georgius
987 3419 1171 3479 Kouachich
1194 3419 1233 3478 de
1257 3419 1416 3491 Mraczlin,
1441 3419 1574 3478 lacobus

295 3527 421 3586 Krusak
443 3527 484 3585 ad
507 3526 688 3587 fidelitatem
718 3527 940 3607 praestandam
965 3534 996 3586 et
1020 3526 1257 3586 custodiendam
1290 3526 1410 3601 sylvam
1435 3543 1572 3584 commu·

300 3652 372 3693 nem
396 3633 606 3693 iuramentum
628 3635 857 3713 praestiterunt.

1267 3738 1415 3799 Notarius
1439 3758 1477 3801 m.
1502 3758 1531 3817 p.

874 3905 889 3936 ἡ
997 3904 1011 3935 *

935 3948 949 3979 ’l‘

403 4158 495 4217 Anno
526 4156 642 4215 domini
682 4153 774 4216 1625.
808 4155 885 4213 feria
916 4154 1055 4213 secunda
1088 4153 1229 4231 proxima
1260 4160 1331 4231 post
1351 4152 1465 4212 festum
1494 4150 1578 4209 beati

297 4264 441 4324 Medardi
472 4262 619 4342 episcopi,
652 4264 710 4321 hoc
734 4271 783 4322 est
805 4261 855 4322 die
887 4258 907 4320 9
939 4261 1023 4334 iunii,
1047 4261 1077 4320 in
1102 4262 1231 4320 castello
1261 4260 1427 4319 Lukauecz
1462 4258 1583 4318 univer·

296 4372 395 4431 sitatis
429 4372 577 4431 nobilium
605 4370 719 4449 Campi
741 4368 965 4449 Zagrabiensis
988 4368 1073 4427 lacta
1096 4378 1144 4428 est
1168 4366 1385 4427 conventicula
1410 4366 1582 4426 eorundem

296 4480 446 4540 nobilium
469 4481 543 4540 dicti
567 4479 682 4558 Campi
709 4477 941 4558 Zagrabiensis

404 4605 562 4681 Quoniam
576 4603 819 4665 contributiones
843 4622 900 4682 per
922 4601 1069 4661 denarios
1086 4598 1128 4660 80
1153 4609 1184 4659 et
1208 4599 1354 4659 denarios
1378 4597 1422 4658 40
1446 4599 1582 4658 nondum

300 4721 373 4771 sunt
397 4722 536 4785 exactae,
560 4713 631 4772 ideo
652 4711 839 4771 unanimiter
863 4718 1023 4783 statutum,
1046 4715 1080 4766 ut
1105 4707 1145 4767 ad
1168 4708 1282 4767 festum
1306 4706 1478 4766 nativitatis
1501 4706 1585 4773 beati

299 4820 423 4879 loannis
447 4820 602 4898 baptistae
625 4820 764 4898 proxime
793 4812 954 4891 luturum⁹,
980 4818 1107 4875 easdem
1134 4815 1377 4873 contributiones
1401 4814 1458 4871 sub
1483 4832 1584 4891 poena

299 4926 412 5005 duplae
445 4929 577 5006 solvant,
600 4947 655 5005 per
680 4928 862 4986 vadiatores
887 4926 928 4984 ad
952 4926 983 4985 id
1008 4925 1173 5002 deputatos
1207 4922 1370 5001 exigenda.
