3934 5550
414 385 435 452 6

416 607 605 680 utilitatibus,
630 607 886 686 pertinentiisque
911 605 1101 684 quibuslibet
1125 612 1277 683 perpetuo
1301 604 1534 683 possidendum,
1571 603 1597 664 si
1630 624 1692 664 non

414 717 506 776 luerit
530 715 765 788 contradictum,
790 714 1036 775 contradictores
1061 733 1136 773 vero
1160 715 1186 772 si
1211 713 1264 792 qui
1286 714 1408 786 fuerint,
1433 723 1545 773 evocet
1565 715 1694 774 eosdem

415 833 523 884 contra
548 831 713 883 annotatos
737 822 918 899 Martinum,
934 822 1138 901 Stephanum,
1155 821 1340 900 Gasparem,
1357 821 1553 894 Michaelem,
1571 822 1692 881 Matha-

415 951 495 1007 eum,
519 932 660 1004 Paulum,
684 931 840 990 Thomam
865 939 896 989 et
919 931 1068 989 ioannem
1093 929 1369 1006 Czwethlrowych,
1402 948 1439 989 ac
1463 930 1599 1000 Petrum,
1624 931 1692 988 Ma·

413 1040 540 1099 thaeum
565 1047 596 1099 et
619 1040 775 1098 Thomam
798 1038 1005 1115 Santhorych,
1029 1046 1061 1097 et
1084 1037 1275 1097 Anthonium
1299 1037 1466 1113 Klaczych,
1490 1037 1521 1096 in
1545 1056 1692 1115 praesen·

412 1146 488 1206 tiam
512 1145 603 1226 regni
625 1145 723 1205 nostri
745 1145 932 1206 Sclauoniae
948 1145 1030 1219 bani,
1054 1145 1206 1204 rationem
1230 1145 1482 1204 contradictionis
1495 1163 1571 1204 suae
1589 1145 1690 1204 reddi·

414 1265 508 1327 turos,
544 1260 575 1338 et
608 1261 681 1332 post
713 1255 791 1313 haec
826 1253 1004 1313 huiusmodi
1038 1253 1274 1312 introductionis
1306 1261 1337 1312 et
1367 1253 1544 1313 statutionis
1568 1253 1689 1326 seriem,

413 1362 503 1421 simul
527 1379 598 1421 cum
622 1361 885 1421 contradictorum
910 1369 941 1420 et
964 1368 1165 1420 evocatorum
1191 1360 1217 1419 si
1241 1361 1293 1439 qui
1317 1360 1439 1432 fuerint,
1455 1361 1690 1438 vicinorumque

413 1478 444 1528 et
468 1477 763 1546 commetaneorum‚
787 1468 839 1547 qui
862 1468 1057 1548 praemissae
1082 1467 1241 1527 statutioni
1265 1468 1444 1540 intererunt,
1460 1468 1637 1527 nominibus
1661 1476 1692 1527 et

416 1577 549 1636 termino
575 1577 746 1656 assignat0,
770 1585 804 1634 ut
826 1576 918 1634 fuerit
942 1576 1122 1655 expediens,
1145 1574 1247 1635 eidem
1272 1576 1360 1654 regni
1384 1575 1482 1635 nostri
1504 1575 1691 1635 Sclauoniae

411 1685 494 1744 bauo
518 1703 575 1744 suo
600 1685 693 1744 modo
718 1683 848 1743 fideliter
872 1683 1059 1743 rescribatis.
1083 1683 1182 1742 Secus
1207 1702 1269 1741 non
1291 1683 1411 1744 facturi.
1440 1682 1556 1743 Datum
1572 1683 1604 1742 in
1617 1702 1689 1743 arce

411 1791 519 1852 nostra
542 1791 722 1865 Eberstorff,
746 1791 796 1851 die
821 1791 974 1871 vigesima
999 1791 1082 1863 maii,
1107 1811 1189 1850 anno
1213 1791 1329 1850 domini
1353 1791 1517 1849 millesimo
1538 1791 1689 1871 quingen·

411 1900 521 1959 tesimo
547 1899 745 1978 sexagesimo
769 1899 877 1977 primo.
1687 1897 1692 1910 '

518 2007 560 2066 ln
584 2007 724 2065 dorso:
758 2005 916 2065 Fidelibus
950 2006 1065 2065 nostris
1101 2005 1333 2064 honorabilibus
1368 2005 1503 2084 capitulo
1538 2006 1689 2065 ecciesiae

414 2113 645 2194 Zagrabiensis,
670 2133 726 2192 pro
749 2123 838 2192 parte
862 2114 1000 2173 fidelium
1024 2123 1198 2174 nostrorum
1213 2113 1361 2172 nobilium
1378 2113 1514 2188 Martini,
1530 2113 1690 2190 Stephani,

413 2221 574 2300 Gasparis,
591 2220 763 2294 Michaelis
780 2221 943 2293 Matthaei,
958 2221 1056 2294 Pauli,
1073 2221 1215 2280 Thomae
1232 2231 1263 2279 et
1279 2220 1403 2279 Ioannis
1415 2220 1691 2296 Czwethkowych,

414 2348 451 2388 ac
475 2328 603 2388 aliorum
630 2329 896 2406 introscriptorum
921 2338 978 2387 etc.
1004 2328 1227 2387 introductoria
1251 2335 1281 2386 et
1304 2328 1477 2386 statutoria.

518 2436 692 2496 ibidem:
717 2437 823 2495 Lecta.

517 2544 672 2604 Ibidem
696 2544 736 2603 in
760 2543 966 2623 margine:
987 2541 1079 2605 1562.
1097 2542 1187 2602 Feria
1203 2544 1312 2621 quinta
1327 2543 1469 2621 proxima
1485 2551 1558 2602 ante
1573 2542 1687 2601 testum

410 2647 659 2728 Penthecostes³,
684 2652 766 2712 facta
798 2661 844 2712 est
876 2652 1062 2711 introductio
1086 2661 1116 2711 et
1150 2651 1277 2710 statutio
1308 2652 1338 2710 in
1370 2651 1569 2729 possessione
1593 2652 1690 2726 Woy-

413 2778 528 2837 nosczy
554 2769 674 2833 vocata,
700 2767 730 2819 et
754 2759 857 2819 curias
884 2759 1065 2819 nobilitates
1089 2760 1119 2818 in
1144 2759 1256 2819 eadem
1280 2759 1411 2835 habitas,
1435 2759 1561 2818 omnino
1586 2758 1615 2817 in
1641 2778 1690 2817 co·

412 2868 521 2927 mitatu
546 2868 751 2947 Zagrabiensi
776 2867 953 2939 existentes
978 2886 1034 2946 per
1057 2867 1214 2926 hominem
1238 2868 1383 2927 banalem
1408 2866 1572 2946 egregium
1597 2866 1688 2924 Nico·

413 2976 498 3035 laum
522 2976 664 3053 lmprych
691 2976 729 3033 de
754 2975 950 3052 Iampnycza,
975 2983 1006 3033 et
1038 2974 1247 3034 testimonium
1283 2974 1409 3052 capituli
1444 2974 1596 3034 ecclesiae
1631 2974 1691 3031 Za·

412 3082 606 3164 grabiensis.
627 3082 795 3141 discretum
830 3082 1000 3140 Martinum
1046 3082 1208 3141 Kwstrecz
1245 3082 1284 3141 de
1321 3083 1483 3157 lwanyeb,
1519 3081 1605 3140 chori
1640 3099 1689 3139 ec·

412 3190 526 3251 clesiae
558 3190 780 3269 Zagrahiensis
812 3190 1090 3268 praebendarium,
1122 3190 1340 3268 praesentibus
1371 3190 1509 3269 egregiis
1543 3199 1574 3249 et
1601 3190 1689 3248 nobi-

410 3298 490 3358 libus
516 3299 625 3357 Marco
649 3298 829 3375 Slrarchycb
855 3298 893 3356 de
919 3298 1069 3373 Prylrray,
1101 3299 1227 3357 Andrea
1253 3298 1472 3373 ilabysowych
1506 3297 1545 3355 de
1577 3297 1688 3356 eadem

412 3407 560 3482 Prykray‚
586 3399 776 3483 praediales⁴
807 3405 950 3463 abbatiae
984 3406 1182 3483 Thopwzlra3
1215 3406 1289 3465 item
1319 3407 1451 3464 Ioannes
1483 3404 1691 3479 Chemkoczy

411 3513 450 3573 de
474 3513 700 3585 Chernkowcz,
726 3513 873 3571 Mathaeo
898 3513 1020 3571 literato
1045 3514 1083 3572 de
1115 3514 1298 3585 Zalathnok,
1320 3513 1459 3571 Thomas
1483 3512 1693 3587 Pethrawych

411 3621 450 3679 de
483 3620 716 3693 Rathkwnech,
748 3622 859 3679 Petrus
892 3621 1097 3697 Kwssewych
1129 3622 1168 3680 de
1200 3622 1374 3694 ilobrancz,
1406 3621 1574 3679 Mathaeus
1606 3620 1689 3679 simi-

410 3729 480 3789 liter
522 3728 711 3803 Kwsewych
746 3728 785 3786 de
822 3729 951 3805 eadem,
992 3729 1191 3805 Sthephanus
1232 3729 1421 3804 Gerdenych
1456 3729 1495 3787 de
1531 3727 1690 3803 iarebych,

412 3837 544 3894 ioannes
569 3834 777 3910 Krayachych
802 3835 841 3892 de
866 3835 1048 3911 Kysmlaka,
1072 3835 1234 3894 viceiudex
1258 3835 1407 3895 nobilium
1436 3836 1601 3893 comitatus
1633 3836 1692 3893 Za·

410 3943 594 4023 grabiensiS,
620 3943 752 4001 ioannes
782 3943 896 4023 Falgas
922 3944 960 4002 de
985 3945 1206 4019 Wokomerye,
1229 3944 1409 4021 Stephanus
1437 3945 1552 4022 Falgas
1576 3943 1615 4002 de
1639 3961 1691 4001 ea·

411 4052 492 4125 dem,
516 4052 649 4111 Ioannes
673 4051 754 4110 filius
786 4052 906 4131 egregii
939 4051 1059 4111 Nicolai
1088 4052 1241 4129 lmprych,
1265 4053 1433 4111 Mathaeus
1465 4051 1601 4128 Rezyak,
1625 4050 1691 4109 offi-

411 4158 497 4217 cialis
531 4157 652 4238 egregii
684 4158 849 4234 Ladiszlay
881 4158 1078 4235 Kermchyeh
1111 4159 1141 4217 in
1172 4159 1302 4236 praedio
1334 4178 1390 4217 suo
1423 4158 1689 4238 Augustanovech

411 4284 466 4343 per
489 4284 560 4323 eum
585 4265 779 4337 constitutae,
805 4265 834 4323 in
859 4285 995 4343 persona
1020 4266 1160 4325 eiusdem
1184 4266 1299 4325 domini
1334 4266 1390 4339 sui,
1415 4266 1538 4325 nemine
1575 4265 1689 4324 ibidem

411 4374 642 4433 contradicente
667 4384 724 4432 etc.
749 4382 779 4432 et
803 4370 905 4451 neque
930 4376 960 4433 in
984 4374 1119 4453 capitulo
1144 4372 1280 4453 expost.⁶

1062 4502 1196 4559 blichael
1222 4502 1360 4559 literatus
1385 4500 1524 4559 notarius
1548 4521 1587 4560 m.
1613 4520 1640 4576 p.

516 4622 661 4693 Originalc
681 4624 869 4689 chartaceum,
890 4642 906 4676 a
924 4632 1006 4694 tergo
1026 4627 1053 4676 in
1081 4626 1208 4693 margine
1230 4641 1398 4691 appressum
1419 4630 1463 4675 est
1482 4623 1614 4693 sigillum,
1634 4638 1691 4690 quo

409 4712 488 4765 litera
509 4714 604 4765 clausa
624 4720 692 4765 erat.
715 4742 745 4749 --
767 4714 797 4765 ln
817 4714 931 4766 archivo
951 4715 1064 4780 capituli
1085 4714 1192 4783 Zagrah
1220 4714 1271 4765 loc.
1293 4714 1368 4765 cred.
1390 4712 1419 4765 C.
1442 4713 1490 4764 No.
1514 4713 1574 4765 1⁸27.

507 4837 529 4908 ,¹
548 4838 596 4891 sic.
636 4836 713 4892 *sic
754 4838 823 4893 ²14.
845 4841 917 4892 maii.
957 4839 1028 4892 ⁴sic
1048 4837 1268 4907 (praedialibus).
1308 4837 1375 4891 ⁶Ut
1394 4846 1473 4905 patet
1499 4847 1544 4891 sat
1570 4854 1690 4892 erronea

412 4928 519 4983 allinea.
