3934 5550
407 434 472 497 208

512 646 648 715 Stephani
661 646 863 711 Selischeuich,
877 646 1005 713 episcopi
1019 645 1144 714 Zagrab.‚
1157 642 1241 697 Petro
1254 642 1485 712 Saenkouaclrky‚
1509 642 1606 695 comiti
1619 648 1687 695 terr.

405 737 528 805 scriptae
548 736 737 789 invitatoriae:

512 826 540 879 d.
559 826 586 878 d.
612 825 773 897 Zagrabiae,
802 827 822 878 l.
848 825 916 878 iunii
944 824 1021 878 1698.
1046 824 1083 877 ad
1108 822 1214 877 confer.
1241 823 1319 893 regni
1338 822 1364 876 9.
1383 822 1452 875 iunii
1477 820 1630 892 Zagrabiae
1658 819 1684 871 in

406 930 471 968 arce
491 914 647 982 episcopali
667 914 828 968 celebrand.
1601 896 1610 915 ⁵

514 1004 541 1058 d.
561 1004 588 1057 d.
607 1003 743 1071 Gradecz‚
768 1004 810 1059 28.
836 1012 909 1073 sept.
930 1003 1007 1059 1698.
1027 1004 1064 1057 ad
1083 1002 1189 1057 confer.
1209 1002 1288 1072 regni
1307 1000 1333 1055 b.
1351 1001 1460 1054 octobr.
1486 998 1639 1070 Zagrabiae
1658 998 1685 1051 in

406 1108 471 1147 arce
490 1094 645 1162 episcopali
664 1094 824 1148 celebrand.

512 1182 622 1237 Martini
641 1184 817 1251 Brailrouich‚
836 1184 964 1251 episcopi
984 1182 1190 1255 Zagrabiensis,
1209 1182 1246 1235 ad
1270 1180 1406 1234 comitem
1424 1187 1491 1233 terr.
1509 1178 1686 1232 Ludovicnm

406 1272 514 1343 Vagich
533 1274 658 1328 directae
676 1275 854 1329 invitatoriae
874 1275 901 1328 d,
921 1275 947 1327 d.
968 1274 1130 1345 Zagrabiae,
1149 1264 1192 1326 2'9.
1216 1288 1281 1326 nov.
1309 1270 1387 1325 1707.
1414 1270 1450 1324 ad
1474 1268 1581 1325 confer.
1606 1268 1685 1342 regni

407 1364 560 1431 zagrabiae
580 1365 621 1419 10.
641 1366 771 1419 decemb.
789 1363 997 1419 celebrandam.

998 1649 1102 1726 10³.

515 1854 607 1915 Anno
638 1850 730 1915 1694.
759 1852 784 1915 1.
808 1851 1003 1931 septembris.
1026 1851 1140 1912 Sellini.

407 2048 568 2112 Adamas
589 2046 631 2111 de
654 2043 839 2133 Batthyan,
862 2044 981 2123 banrrs,
1005 2042 1126 2108 comiti
1149 2046 1229 2108 terr.
1247 2041 1369 2127 Campa
1397 2042 1584 2127 Turopolia
1599 2063 1686 2107 com-

455 2153 573 2233 mittit,
603 2157 643 2218 ul
674 2173 752 2217 cum
782 2172 849 2217 suo
879 2149 1058 2217 nobilitare
1079 2153 1210 2215 statuto
1238 2151 1292 2215 die
1316 2153 1349 2215 et
1371 2150 1443 2215 loco
1466 2150 1642 2236 insurgat.

624 2352 786 2413 Generose
810 2350 934 2411 domine
959 2350 1059 2411 amice
1082 2349 1288 2411 observande.
1387 2376 1391 2383 ·

516 2496 676 2575 Siquidem
701 2503 787 2556 certa
811 2494 919 2556 relatio
942 2496 1033 2555 nobis
1057 2503 1223 2571 constaret,
1247 2495 1287 2554 de
1310 2495 1425 2555 inimici
1456 2495 1622 2571 molimine,
1654 2503 1685 2554 et

413 2605 526 2666 actuali
549 2605 694 2664 confluxu
717 2622 780 2663 non
804 2603 990 2681 spernendo,
1012 2603 1146 2681 ideoque
1170 2601 1374 2662 dominationi
1397 2610 1522 2663 vestrae
1551 2620 1684 2683 genero·

412 2730 468 2774 sae
501 2711 582 2772 serio
613 2710 867 2790 praecipiendum
898 2708 1051 2784 duximus,
1075 2717 1230 2789 quatenus
1258 2709 1326 2769 sine
1349 2708 1434 2770 omni
1463 2709 1687 2789 protestatione

412 2841 482 2882 cum
507 2819 686 2880 concredita
710 2816 767 2878 sibi
791 2818 961 2884 nobilitate.
987 2819 1028 2878 ad
1051 2819 1153 2878 locum
1185 2837 1241 2897 pro
1272 2817 1322 2878 die
1354 2837 1410 2896 per
1438 2837 1496 2878 nos
1527 2819 1586 2878 sibi
1617 2819 1688 2878 inti·

412 2930 571 3002 mandum,
594 2946 657 2987 non
681 2927 824 2987 obstante
849 2926 909 2986 alio
933 2945 1028 3005 super
1051 2925 1191 3006 generali
1221 2925 1446 2986 insurrectione
1478 2936 1594 2987 statuto
1627 2936 1688 2987 ter·

413 3037 506 3113 mine,
529 3033 655 3095 indubie
679 3053 869 3112 comparere,
894 3041 925 3094 et
949 3033 1125 3094 uberiorem
1148 3043 1289 3094 nostrum
1312 3053 1351 3093 eo
1376 3034 1408 3094 in
1435 3054 1532 3112 passu
1548 3034 1687 3095 ordinem

412 3150 578 3222 expectare
592 3131 665 3202 'non
688 3141 876 3201 intermittet.
900 3141 934 3200 ln
957 3142 1079 3219 reliquo
1102 3141 1219 3201 valebit
1241 3140 1428 3204 felicissirne.

519 3267 702 3330 Generosae
726 3267 945 3328 dominationis
969 3277 1095 3329 vestrae
1118 3269 1238 3329 amicus
1260 3268 1433 3328 benevolus

870 3411 988 3473 Comes
1011 3413 1153 3473 Adamns
1176 3414 1216 3473 de
1239 3413 1405 3490 Battlryan,
1427 3414 1530 3474 banus
1553 3433 1593 3474 m.
1616 3433 1645 3493 p.

518 3555 644 3632 Selliny,
668 3555 718 3615 die
747 3554 771 3614 l.
796 3554 982 3633 septembris
1010 3551 1103 3616 1694.

519 3681 553 3744 Ρ.
577 3681 608 3743 S.
632 3678 838 3741 Nihilominus
862 3680 888 3740 si
913 3680 1017 3740 medio
1040 3689 1190 3760 tempore,
1215 3682 1292 3742 alter
1315 3682 1393 3741 ordo
1417 3682 1619 3742 dominationi
1636 3701 1689 3742 ve·

413 3798 497 3850 strae
530 3807 704 3870 generosae
729 3808 784 3867 per
807 3808 864 3848 nos
889 3790 981 3848 datus
1004 3809 1067 3849 non
1091 3799 1183 3864 esset,
1214 3799 1328 3850 extunc
1358 3808 1415 3868 pro
1450 3788 1498 3852 15.
1530 3790 1690 3867 currentis,

413 3899 453 3958 ad
476 3898 605 3957 fluvium
633 3897 886 3958 Moscheniczam
910 3897 1005 3957 modo
1027 3897 1158 3975 praevio
1176 3897 1378 3958 infallibiliter
1407 3897 1601 3977 comparebit
1642 3900 1689 3959 ln-

413 4005 504 4065 terim
528 4025 598 4065 cum
623 4004 820 4079 confiniariis,
845 4007 885 4066 ad
908 4004 1142 4084 requisitionem
1173 4006 1353 4082 eorundem,
1384 4005 1416 4064 in
1448 4023 1523 4065 casu
1554 4005 1689 4066 necessi·

413 4111 493 4188 tatis
516 4113 632 4172 bonam
656 4111 932 4192 cointelligentiam
955 4111 1099 4172 habitura
1123 4111 1171 4173 sit.

519 4221 561 4280 ln
585 4221 722 4280 dorso:
747 4217 910 4280 Generoso
934 4220 1061 4280 domino
1084 4221 1177 4280 Petro
1201 4221 1435 4297 Zenkouachky
1459 4219 1607 4293 Vallicza,
1623 4221 1690 4279 uni·

413 4327 567 4387 versitatis
588 4326 736 4388 nobilium
761 4326 874 4406 Campi
898 4326 1134 4405 Turopoliensis
1158 4326 1263 4387 comiti
1294 4327 1432 4386 terrestri
1465 4335 1532 4402 etc,
1564 4327 1690 4387 domino

411 4433 512 4494 amico
535 4433 828 4496 observandissime,

332 4629 337 4639 Ι
517 4554 662 4626 Originalc
691 4556 880 4617 chartaceum,
900 4571 916 4608 a
935 4563 1017 4624 tergo
1036 4556 1187 4625 vestigium
1210 4556 1302 4626 sigilli,
1324 4572 1382 4623 quo
1403 4555 1485 4610 litera
1505 4556 1601 4611 clausa
1620 4563 1688 4610 crat.

411 4647 441 4698 ln
461 4645 576 4700 archivo
595 4661 736 4699 commun.
757 4645 822 4697 nob.
842 4643 877 4696 de
897 4643 1059 4713 Turopoljc.
