3934 5550
419 332 463 401 ⁵8

418 552 506 633 regio
529 569 586 631 pro
609 572 644 611 se
669 559 702 612 et
723 550 788 617 suis
807 550 1001 638 ,haeredibus
1025 558 1057 609 et
1080 546 1313 627 posteritatibus
1337 550 1537 631 impetrasse,
1552 567 1649 629 seque
1666 546 1697 611 in

419 659 589 719 dominium
612 659 754 719 eiusdem
778 657 902 718 castelli-
920 665 953 717 et
975 656 1232 735 pertinentiarum
1264 676 1392 717 suarum
1423 676 1479 735 per
1495 657 1634 737 regium
1664 666 1695 717 et

417 767 543 846 capituli
566 766 719 828 ecclesiae
742 765 965 846 Zagrabiensis
989 764 1131 826 homines
1154 764 1491 845 legittimeintroduci,
1507 785 1545 826 ac
1561 765 1694 845 sibiipsi

418 886 450 938 et
472 876 537 936 suis
559 875 747 936 haeredibus
770 875 865 938 statui
887 874 993 941 lacere
1017 875 1170 949 voluisse3
1194 874 1375 945 huiusmodi
1393 882 1499 934 tamen
1527 874 1696 947 statutioni,

417 983 593 1047 nominibus
616 983 702 1042 etin
726 982 867 1061 personis
891 982 1088 1041 iamfatorurn
1112 982 1208 1042 Blasii
1230 982 1414 1062 Pogledych
1438 982 1477 1041 de
1499 981 1696 1058 ,Kotylowca

418 1098 449 1150 et
472 1090 684 1155 universitatis
707 1090 857 1171 nobilium
881 1088 1033 1167 praetacti
1068 1088 1181 1177 Campi
1215 1088 1447 1168 Zagrabiensis,
1479 1088 1695 1167 contradictio·

418 1198 466 1256 nis
491 1197 644 1259 velamine
667 1197 827 1261 obviatum
850 1196 961 1275 fuisse,¹
977 1198 1132 1276 iidemque
1157 1198 1197 1259 ad
1221 1197 1412 1258 reddendam
1438 1197 1591 1267 rationem
1615 1197 1697 1257 eius·

418 1304 540 1365 cemodi
569 1303 827 1389 contradictoriae
858 1303 1056 1375 inhibitionis,
1089 1304 1129 1363 ad
1161 1303 1317 1363 decimum
1347 1305 1489 1383 quintum
1520 1304 1604 1365 diem
1635 1304 1697 1363 diei

418 1411 595 1472 huiusmodi
626 1411 888 1487 contradictionis,
910 1411 944 1478 in
967 1412 1076 1471 sedem
1099 1411 1308 1491 banalem„in
1339 1410 1549 1490 praesentiam
1582 1411 1699 1488 sedicet

418 1518 548 1585 antefati
578 1520 738 1598 quondam
767 1519 883 1587 domini
919 1519 1040 1587 Nicolai
1072 1519 1193 1581 comitis
1221 1519 1368 1598 ‚perpetui
1398 1519 1437 1593 de
1451 1520 1596 1595 ,Zrynyo,
1620 1518 1697 1579 alias

418 1627 501 1699 bani,
524 1627 677 1705 legittime
696 1627 823 1688 ‚evocati
847 1626 996 1700 extitisse,
1020 1627 1216 1707 eosdemque,
1236 1627 1482 1699 contradictores
1505 1636 1536 1687 et
1567 1625 1599 1687 in
1623 1645 1695 1687 cau·

420 1752 488 1794 sam
524 1742 675 1799 attractos
709 1753 816 1795 coram
850 1734 963 1801 eodem
998 1735 1158 1813 quondam
1190 1734 1315 1806 domino
1350 1734 1463 1807 comite
1495 1734 1626 1807 Nicolao
1657 1734 1700 1813 dea

419 1844 554 1919 Zrynyo‚
578 1842 660 1926 alias
679 1843 771 1918 bano,
795 1860 892 1902 causa
914 1842 990 1919 ipsa¹
1007 1843 1047 1911 de
1071 1843 1203 1913 termino
1218 1843 1258 1903 ad
1275 1841 1441 1902 terminum
1454 1841 1697 1923 progrediendo,

419 1949 588 2011 terminum
618 1949 837 2010 celebrationis
869 1947 1066 2013 iudiciorum,
1086 1950 1190 2019 octavi
1219 1950 1280 2019 diei
1312 1949 1482 2029 supradicti
1500 1948 1586 2025 festi,
1614 1948 1697 2009 beati

420 2055 550 2137 Georgii
572 2057 728 2133 martyris,
749 2056 781 2116 in
803 2056 1072 2135 praedictoanno
1104 2056 1222 2127 domini
1235 2122 1239 2127 ,
1253 2056 1415 2129 millesimo
1448 2055 1699 2136 quingentesimo

421 2164 682 2243 quinquagesimo
706 2164 847 2243 septimo,
871 2171 1030 2248 transacto
1060 2157 1259 2242 praeteriti²⁸,
1292 2166 1333 2231 ad
1364 2183 1457 2244 quern
1490 2163 1608 2240 sciiicet
1638 2147 1698 2223 ter-

423 2271 541 2332 minum
573 2271 738 2336 universae
773 2290 889 2337 causae
927 2270 1158 2352 regnicolarum
1192 2270 1278 2331 iuxta
1309 2278 1456 2341 contenta
1496 2270 1705 2349 articulorum

422 2387 496 2437 tunc
519 2379 709 2441 novissimae
728 2377 961 2444 ,constitutionis
980 2378 1135 2457 publicae-
1151 2378 1321 2449 adiudicari
1345 2379 1465 2454 solitae,
1488 2397 1544 2457 per
1567 2358 1698 2457 praeno·

424 2486 574 2546 minatum
598 2488 757 2565 quondam
780 2486 940 2551 dominum
963 2487 1090 2555 Petrum
1110 2487 1325 2575 ¹Erdewdyde
1341 2483 1604 2564 Monyorokerek,
1622 2470 1699 2562 alias

424 2593 562 2654 similiter
584 2594 710 2669 bannm,
733 2594 922 2674 generaliter
937 2594 1068 2659 luerent
1090 2603 1288 2675 prorogatae,
1312 2594 1616 2675 attingenteatque
1644 2610 1700 2672 per

424 2719 605 2763 successum
629 2701 722 2764 officii
737 2701 879 2762 »banatus
895 2700 926 2760 in
943 2701 1155 2780 praesentiam
1176 2701 1316 2774 eiusdem
1333 2702 1467 2776 condam
1484 2701 1600 2761 domini
1616 2699 1699 2779 Petri

423 2810 591 2887 Erdewdy,
615 2809 693 2870 alias
715 2809 799 2885 bani,
822 2810 1018 2884 deveniente,
1041 2810 1072 2870 in
1096 2811 1175 2878 sede¹
1192 2829 1250 2870 sua
1266 2810 1427 2882 iudiciaria
1442 2829 1499 2889 per
1511 2793 1699 2890 ,legittimum

423 2926 656 2995 procuratorem
681 2917 819 2996 ipsorum
842 2917 947 2977 debito
978 2918 1072 2985 modo
1103 2917 1325 2996 comparuisse,
1350 2899 1443 2997 atque
1474 2916 1700 2996 praescriptum

424 3025 586 3086 castellum
608 3025 795 3089 kaawecz
819 3044 890 3090 cum
914 3025 979 3085 suis
1003 3024 1205 3114 pertinentiis,
1222 3044 1288 3096 non
1307 3025 1519 3106 praefatorum
1542 3025 1700 3104 quondam

424 3131 548 3192 loannis
571 3140 603 3192 et
625 3131 841 3214 christophori
864 3131 1003 3210 Coruini,
1027 3133 1083 3192 sed
1109 3133 1251 3211 ¹ipsorum
1271 3133 1457 3206 incensam
1480 3139 1700 3207 acttractorum

425 3238 520 3300 fitisse
545 3247 577 3300 et
599 3258 680 3313 esse,
693 3240 745 3302 ,ad
769 3240 961 3318 eosdemque
983 3239 1201 3318 proprietario„
1222 3240 1430 3312 haereditario
1454 3239 1520 3300 iure
1544 3239 1698 3318 pertinere

424 3347 632 3426 respondisse,
655 3348 886 3427 superindeque
908 3348 1017 3416 literas
1032 3357 1067 3415 ¹et
1094 3349 1226 3417 litoralia
1249 3347 1595 3421 instrumentalactum
1617 3347 1699 3426 ipso·

423 3474 491 3513 rum
514 3455 672 3516 bonorum.
691 3455 853 3536 tangentia
876 3463 919 3520 et„
930 3455 1151 3516 concernentia
1174 3456 1508 3534 habere,easdemque
1532 3455 1699 3532 etcadem

423 3561 454 3620 in
494 3562 625 3621 termino
658 3581 714 3640 per
747 3562 849 3640 ipsum
882 3563 1016 3623 condam
1057 3563 1217 3632 dominum
1254 3564 1381 3635 Petrum
1411 3563 1583 3639 Erdewdy,
1623 3561 1700 3622 alias

425 3670 550 3743 banum,
573 3669 633 3730 sibi
656 3670 769 3744 dando,
792 3671 965 3748 producere
988 3679 1021 3756 et
1045 3671 1191 3731 exhibere
1216 3671 1296 3740 velle
1320 3671 1486 3752 allegasse,
1503 3655 1699 3749 eundemque

423 3777 583 3837 dominum
605 3779 722 3838 banum
745 3778 941 3857 productioni
963 3779 1147 3864 huiusmodi·
1164 3779 1323 3847 literarum
1347 3789 1376 3851 et
1400 3778 1564 3850 literalium
1589 3778 1698 3836 instru-

423 3893 599 3947 mentorum
621 3886 788 3947 tenninum
811 3885 1031 3952 celebrationis
1052 3885 1245 3974 iudiciorum,
1268 3886 1409 3965 primitus
1441 3886 1699 3947 celebrandorum

423 3993 615 4070 praefixisse,
639 3994 678 4054 ab
703 3994 877 4073 eodemque
900 3994 1119 4058 celebrationis
1142 3994 1325 4064 iudiciorum
1350 3994 1483 4066 termino
1509 4013 1607 4054 causa
1630 4011 1698 4071 par7

423 4099 501 4159 tium
524 4099 717 4178 praescripta
740 4109 811 4178 post
833 4100 939 4160 varios
962 4100 1121 4186 iuridicos·
1133 4119 1300 4179 processus
1323 4102 1359 4160 in·
1383 4119 1480 4161 causa
1502 4107 1636 4175 secutos,
1659 4099 1699 4158 dc

423 4207 505 4266 bano
528 4209 560 4264 in
583 4207 709 4282 barrum,
733 4206 895 4270 ultimatim
925 4217 1064 4274 nostram
1088 4208 1119 4268 in
1142 4208 1352 4286 praesentiam
1382 4187 1578 4283 deveniente,
1608 4224 1697 4286 prae·

423 4315 570 4391 scriptum
594 4323 793 4393 praesentem
816 4314 983 4379 terminum
1008 4314 1224 4376 celebrationis
1249 4314 1432 4375 iudiciorum
1445 4312 1605 4393 vpraedicti
1630 4311 1698 4372 lesti

421 4421 506 4481 beati
537 4422 641 4512 iacobi
672 4421 813 4500 apostoli,
842 4421 965 4484 noviter
996 4417 1134 4500 elapsi²⁹,
1164 4421 1290 4482 dilative
1321 4422 1472 4503 attigisse,
1508 4421 1698 4498 eosdemque

423 4529 544 4590 nobiles
566 4527 680 4607 Campi
703 4529 926 4609 Zagrabiensis
961 4529 1193 4606 possessionem
1225 4530 1473 4590 Alsolwlrawecz
1497 4527 1698 4606 praedictam,

423 4636 454 4695 in
477 4654 540 4714 qua
563 4636 681 4695 scilicet
702 4643 921 4714 praenotatum
945 4637 1106 4696 castellum
1130 4637 1317 4708 kaawecz
1342 4637 1486 4698 adiacere
1521 4633 1699 4710 dinoscitur,

424 4762 494 4802 cum
519 4742 584 4801 suis
607 4741 800 4820 pertinentiis
824 4742 865 4801 ad
888 4761 959 4802 sese
983 4744 1198 4821 proprietario,
1223 4744 1479 4823 successorioque
1502 4751 1535 4804 et
1556 4739 1698 4803 haeredi·

422 4849 501 4908 tario
526 4849 591 4908 iure
615 4849 809 4927 pertinuisse,
833 4858 926 4927 atque
950 4851 1114 4927 pertinere,
1130 4866 1187 4929 per
1210 4852 1431 4931 productiones
1447 4859 1478 4910 et
1494 4848 1706 4928 exhibitiones
