3934 5550
1526 402 1591 466 343

414 623 444 688 3.
468 623 587 683 Nobilis
603 622 753 701 Iosephus
776 620 924 680 Satovicb
949 621 1076 680 domum
1100 621 1195 681 habet
1218 621 1295 679 satis
1318 620 1433 680 bonam
1457 620 1591 698 demptis

309 732 506 792 solummodo
541 730 669 790 basibus
704 737 734 788 et
759 727 884 800 ambitu,
919 735 1015 806 atque
1038 727 1197 786 asseribus
1218 745 1275 806 pro
1302 727 1440 806 tegendo
1476 728 1592 788 ambitu

309 839 439 919 indiget.

323 961 325 966 ·
415 947 489 1006 Item
515 949 608 1006 baras
632 945 730 1004 bonas
754 945 857 1018 habet,
881 943 1077 1004 solummodo
1093 943 1274 1020 pavimento
1299 942 1434 1003 inferiori
1462 944 1590 1024 indiget.

307 1054 405 1114 Secus
429 1054 546 1113 nullum
570 1052 746 1112 aediticium
770 1052 872 1112 babet

388 1139 391 1146 ³
414 1159 444 1220 4.
468 1159 587 1220 Nobilis
604 1159 753 1236 Iosephus
770 1159 930 1218 Pukanich
945 1158 1073 1217 domurn
1091 1157 1121 1214 in
1138 1157 1220 1216 bono
1236 1165 1319 1216 statu
1346 1158 1451 1233 habet,
1469 1167 1590 1220 tantum

308 1267 518 1347 protegendo
543 1267 661 1326 ambitu
686 1275 717 1326 et
741 1265 932 1326 elaboranda
955 1265 987 1324 in
1011 1267 1124 1324 horreo
1147 1273 1237 1340 porta
1261 1265 1420 1324 asseribus
1449 1267 1591 1348 indigere

309 1375 534 1434 adinvenimus,

418 1483 495 1542 Item
527 1483 673 1541 horreum
707 1479 824 1540 bonurn
859 1480 961 1556 habet,
986 1482 1079 1540 haras
1110 1480 1209 1538 bonas
1243 1481 1424 1557 pavimento
1457 1481 1592 1542 interiori

313 1589 509 1649 necessarias
533 1607 612 1662 esse,
637 1588 705 1647 aliis
730 1587 879 1647 aedificiis
902 1588 1080 1649 destitutus.

417 1697 446 1758 5.
470 1695 590 1755 Nobilis
615 1695 752 1754 Mathias
776 1695 937 1754 Pukanich
961 1695 1089 1754 domum
1114 1695 1210 1754 habet
1242 1704 1291 1754 sat
1322 1697 1446 1767 bonam,
1479 1714 1588 1754 verum

312 1811 383 1881 post
405 1813 469 1863 tres
494 1815 548 1863 aut
570 1802 592 1861 4
617 1821 715 1863 annos
740 1822 796 1882 pro
821 1803 937 1862 ambitu
962 1804 1100 1882 tegendo
1124 1802 1282 1862 asseribus
1306 1805 1467 1884 indigebit.

419 1901 504 1971 Idem
528 1910 687 1969 Pukanieh
705 1911 799 1970 baras
815 1911 915 1969 bonas
933 1911 972 1969 ad
990 1911 1069 1969 duas
1085 1910 1247 1969 clausuras
1264 1911 1366 1972 habet.
1390 1913 1490 1972 Secus
1508 1913 1590 1973 nihii.

419 2016 449 2080 6.
472 2017 592 2078 Nobilis
621 2019 749 2077 Marcus
784 2018 1010 2092 Puczekovich,
1044 2016 1138 2076 iudex
1174 2019 1334 2095 praelatae
1360 2021 1591 2080 communitatis

309 2125 428 2198 Kuehe‚
453 2125 548 2184 habet
572 2125 699 2184 domum
724 2132 791 2184 utut
814 2126 938 2197 bonam,
968 2144 1025 2202 pro
1056 2143 1120 2202 qua
1151 2125 1305 2185 elevanda
1339 2127 1467 2186 basibus
1504 2127 1588 2188 circa

312 2234 437 2308 circum,
461 2241 492 2292 et
516 2232 710 2293 interioribus
734 2232 860 2311 indiget.

415 2341 491 2400 item
521 2341 621 2398 ‘baras
656 2347 724 2398 sat·
739 2339 839 2399 bonas
873 2339 1083 2418 biangnlares,
1114 2341 1144 2398 in
1180 2340 1292 2418 quibus
1324 2359 1381 2418 pro
1413 2341 1592 2418 pavimento

310 2455 439 2507 externo
463 2446 576 2523 statim,
600 2447 721 2506 interno
746 2447 833 2506 aliter
864 2456 935 2524 post
958 2465 1055 2506 unum
1088 2447 1259 2507 alterumve
1293 2467 1409 2506 annum
1441 2449 1593 2529 indigebit

309 2555 445 2616 arbores.

415 2662 492 2722 Item
516 2663 662 2722 horreum
686 2662 801 2721 bonum
826 2663 929 2735 habet,
953 2662 1009 2721 sed
1033 2681 1089 2739 pro
1113 2669 1201 2740 porta
1227 2663 1347 2742 indiget
1370 2663 1410 2722 ad
1433 2663 1508 2723 illud
1538 2683 1589 2723 co-

308 2768 421 2829 lumnis
444 2769 575 2833 duobus,

421 2879 497 2938 Item
521 2896 664 2937 cameras
687 2896 744 2955 pro
767 2876 922 2936 frumento
946 2877 1046 2936 bonas
1071 2878 1110 2936 ad
1134 2877 1213 2936 duas
1237 2879 1409 2937 clausuras.-

419 2986 496 3043 ltem
521 2985 632 3043 domus
656 2984 773 3043 fabrilis
803 2984 896 3069 bona.
929 2970 1005 3043 Item
1035 2984 1145 3043 fornax
1179 3004 1236 3062 pro
1267 2985 1405 3062 pisendo
1430 3004 1512 3063 pane
1546 2987 1589 3045 in·

309 3092 396 3171 diget
419 3091 624 3170 reparatione.
1562 3093 1565 3096 ’

317 3232 319 3237 ·
360 3204 365 3211 ’
416 3200 595 3278 Sequuntur
620 3199 650 3257 in
676 3199 786 3257 eodem
813 3200 933 3273 horrea,
959 3201 1100 3278 privatae
1129 3216 1274 3260 camerae
1301 3200 1446 3260 nimirum
1480 3181 1593 3262 uidicis

307 3308 406 3367 Marci
431 3326 556 3367 camera
579 3324 663 3366 nova
685 3307 769 3365 bona
792 3306 1002 3384 complectens
1025 3308 1104 3368 duas
1127 3309 1297 3369 clausuras.

414 3416 490 3473 Item
514 3413 643 3493 Georgii
668 3414 886 3473 Puczekovich
910 3433 1036 3474 camera
1060 3435 1144 3474 nova
1166 3416 1257 3474 bona.

413 3521 490 3580 item
514 3520 640 3579 Martini
664 3520 881 3579 Puczekovich
906 3538 1032 3581 camera
1056 3521 1157 3581 minor
1179 3522 1270 3583 bona.

414 3628 491 3685 Item
514 3627 664 3704 Stephani
691 3628 907 3687 Puczekovich
924 3630 1082 3688 camerula
1098 3648 1161 3688 una
1178 3632 1309 3707 parvula
1328 3630 1368 3689 ad
1386 3651 1481 3691 unam
1499 3635 1589 3693 elan·-

306 3753 411 3795 suram
435 3734 526 3793 bona.
1018 3723 1028 3743 '⁵

417 3842 492 3901 ltem
515 3841 659 3901 Thomae
683 3842 900 3901 Puczekovich
918 3862 981 3903 una
1000 3862 1080 3903 nova
1100 3864 1226 3904 camera
1242 3855 1292 3905 sat
1306 3865 1425 3923 magna
1441 3865 1478 3906 ex
1496 3848 1586 3907 bonis

308 3948 413 4007 solidis
438 3947 599 4007 roboribus
624 3949 747 4007 novitus
771 3958 900 4008 enecta.
1007 3978 1014 3993 ·

414 4054 491 4113 Item
526 4054 750 4135 Margaretbae
785 4056 893 4115 matris
929 4058 1072 4116 Thomae
1104 4076 1228 4117 camera
1260 4068 1309 4117 sat
1340 4060 1424 4120 bona
1457 4063 1583 4141 antiqua

306 4161 433 4221 basibus
457 4162 546 4221 bonis
571 4172 665 4222 caret.
1121 4168 1124 4172 ’

413 4268 490 4328 Item
515 4288 641 4329 camera
665 4271 794 4348 prolium
813 4270 949 4331 defuncti
974 4272 1136 4331 Michaelis
1160 4274 1385 4348 Puczekovich,
1408 4286 1476 4336 utut
1502 4278 1585 4338 bona

306 4375 442 4454 antiqua.
474 4418 478 4423 -
1265 4381 1269 4387 ’

411 4484 488 4544 Item
513 4486 739 4545 columbarium
762 4496 812 4546 'sat
842 4488 958 4546 bonum
991 4469 1094 4560 habet,
1126 4489 1182 4547 sed
1206 4492 1369 4550 columnae
1399 4512 1500 4552 novae
1531 4512 1582 4554 ne·

305 4592 463 4651 cessariae
487 4602 584 4653 erunt.
1465 4575 1468 4583 ¹

360 4730 364 4736 ·
413 4696 442 4760 7.
465 4698 587 4760 Nobilis
604 4700 743 4759 barbara
766 4702 861 4761 vidua
877 4702 989 4762 nobilis
1004 4704 1076 4762 olim
1094 4682 1433 4766 Mathiae'Chunchieh
1449 4707 1586 4783 domum,

305 4824 463 4865 cameram
488 4814 519 4865 et
542 4808 675 4867 culinam
700 4809 758 4867 sub
781 4828 844 4868 uno
867 4818 950 4870 tecto
983 4794 1079 4870 habet
1102 4812 1133 4871 in
1156 4810 1239 4872 bono
1270 4821 1363 4890 statu,
1387 4815 1470 4875 aliud
1503 4816 1586 4877 nihil'.

413 4910 442 4974 8.
467 4915 586 4974 Nobilis
611 4916 747 4975 Mathias
772 4917 954 4978 Chunchich
981 4921 1115 4978 domum·
1142 4922 1300 4999 antiquam
1333 4914 1435 5000 habet,
1465 4911 1587 5005 indiget
