3934 5550
382 411 447 474 370

334 667 337 675 ·
382 631 423 690 ad
446 637 509 688 tres
533 631 694 688 clausuras
719 627 863 706 antiquas
887 627 1084 705 reparatione
1110 627 1300 706 indigentes,
1323 628 1398 686 item
1426 627 1585 688 lomacem
1617 628 1662 706 pi-

382 747 518 797 stoream
542 736 574 795 in
597 735 681 795 bono
704 741 796 795 statu.

488 841 539 902 36.
563 842 660 902 Curia
683 840 878 902 illustrissimi
902 841 1018 901 domini
1048 841 1206 901 Francisci
1236 841 1409 916 lellachiclr,
1440 842 1590 916 colonelli,
1622 863 1661 902 ex

379 953 502 1012 duabus
525 950 663 1029 partibus
688 957 770 1009 tecto
793 968 856 1008 non
879 947 961 1008 bono
986 948 1122 1026 provisa,
1155 947 1284 1007 basibus
1316 948 1400 1008 circa
1433 948 1550 1009 circum
1580 949 1657 1009 indi-

381 1079 470 1139 gens,
494 1059 639 1118 borreum
655 1056 784 1116 basibus
800 1055 893 1116 etiam
910 1055 1064 1135 indigens,
1081 1056 1236 1115 stabulum
1253 1056 1346 1115 etiam
1363 1056 1491 1116 basibus
1506 1057 1661 1136 indigens,

383 1174 499 1226 tectum
523 1165 687 1245 perpluum
723 1162 903 1223 assericium
928 1163 1032 1236 habet,
1067 1182 1123 1241 pro
1154 1182 1216 1241 quo
1251 1161 1314 1221 iarn
1349 1183 1472 1223 asseres
1507 1163 1539 1222 in
1575 1161 1663 1224 5000

380 1273 484 1346 habet,
515 1273 609 1331 haras
643 1270 787 1349 antiquas
812 1270 852 1330 ad
876 1267 895 1328 3
920 1271 1082 1329 clausuras
1114 1269 1312 1348 reparatione
1343 1278 1375 1330 et
1405 1270 1585 1348 pavimento
1616 1271 1660 1330 in·

379 1381 483 1441 feriori
507 1380 691 1460 indigentes,
715 1379 809 1437 haras
833 1377 991 1446 maialium
1015 1387 1048 1438 et
1070 1377 1218 1437 alatilium
1243 1377 1387 1457 antiquas
1410 1378 1468 1438 sub
1491 1397 1554 1438 uno
1577 1386 1659 1438 tecto

381 1490 410 1548 in
435 1487 583 1547 mediocri
607 1494 698 1561 statu,
722 1484 825 1544 culina
848 1484 1004 1544 forinseca
1027 1485 1157 1563 perpluo
1181 1493 1264 1544 tecto
1296 1484 1431 1564 provisa,
1470 1486 1656 1564 composito-

381 1597 460 1657 rium
484 1614 607 1654 currum
631 1592 663 1653 in
687 1613 741 1653 sex
765 1591 917 1652 columnis
948 1591 979 1651 in
1003 1600 1086 1651 statu
1109 1594 1202 1667 bono,
1232 1592 1392 1653 fornacem
1425 1593 1584 1673 antiquam
1608 1612 1663 1672 per

379 1703 602 1784 negligentiam
627 1719 691 1762 non
712 1702 826 1761 bonam
852 1700 954 1775 habet,
978 1710 1107 1779 puteum
1129 1701 1204 1762 nihil
1228 1702 1394 1762 valentem.

486 1808 537 1870 37.
570 1809 722 1869 Providus
755 1809 892 1868 Mathias
926 1809 1048 1883 Zdelar,
1084 1808 1336 1869 reverendissimi
1370 1808 1486 1869 domini
1519 1810 1661 1870 canonici

380 1917 572 1997 loszipovich
596 1918 733 1993 colonus,
757 1915 946 1975 mediocrem
971 1915 1098 1976 domum
1121 1916 1216 1976 habet
1248 1925 1418 1996 angustam
1441 1935 1498 1996 pro
1520 1916 1661 1978 eiusdem

379 2024 505 2099 familia,
529 2045 567 2084 ex
591 2044 654 2104 qua
677 2024 760 2084 aliud
785 2022 961 2084 aedificium
985 2031 1089 2102 potest
1111 2023 1225 2098 facere,
1247 2024 1296 2083 vel
1314 2042 1389 2084 vero
1412 2025 1526 2085 robora
1542 2025 1658 2086 misera

318 2175 321 2180 -
383 2134 424 2193 ad
447 2151 571 2206 novam,
594 2133 739 2191 horreum
764 2149 820 2190 seu
845 2130 1045 2211 foenilegium
1069 2131 1197 2190 basibus
1220 2130 1349 2212 indiget,
1377 2131 1473 2191 haras
1504 2132 1544 2192 ad
1577 2134 1657 2193 duas

378 2242 540 2302 clausuras
565 2239 708 2318 antiquas
732 2238 929 2317 reparatione
954 2237 1140 2319 indigentes,
1164 2239 1322 2298 stabulum
1347 2239 1388 2298 ad
1411 2258 1506 2298 unam
1529 2241 1651 2300 clausu·

378 2368 444 2408 ram
469 2349 593 2420 bonum,
630 2347 788 2406 fornacem
814 2345 980 2421 pistoream
1019 2365 1074 2424 per
1098 2345 1255 2426 pigritiam
1290 2366 1353 2405 non
1376 2347 1500 2421 bonam,
1534 2348 1661 2407 domum

378 2475 527 2536 maguam
552 2455 693 2516 fabrilem
717 2454 758 2513 ad
782 2455 861 2514 duas
885 2454 1046 2514 clausuras
1070 2453 1194 2513 novitus
1218 2454 1313 2532 errigi
1329 2454 1495 2533 inceptam,
1524 2473 1580 2532 pro
1596 2475 1659 2535 qua

380 2562 474 2623 habet
498 2581 622 2622 asseres
646 2559 720 2623 400.

485 2667 536 2732 38.
561 2669 713 2730 Providus
738 2670 869 2730 loannes
893 2670 1014 2750 Evang.
1038 2670 1161 2742 Novak,
1182 2669 1298 2729 domini
1325 2669 1519 2729 arendatoris
1544 2670 1660 2728 Verch·

384 2779 497 2839 kovich
521 2779 658 2851 colonus,
684 2778 779 2839 habet
803 2780 929 2839 domum
955 2779 1113 2857 antiquam
1138 2778 1266 2838 basibus
1293 2778 1494 2857 indigentem,
1517 2780 1663 2839 horreum

375 2886 492 2946 bonum
515 2885 643 2945 basibus
667 2893 698 2944 et
720 2895 811 2963 porta
834 2886 988 2966 indigens,
1012 2886 1106 2945 baras
1134 2886 1314 2945 animalium
1342 2886 1383 2945 ad
1405 2894 1469 2945 tres
1498 2886 1660 2946 clausuras

375 2995 484 3066 bonas,
509 2994 603 3053 haras
626 2992 784 3053 maialium
808 2992 916 3068 bonas,
948 3012 1107 3053 cameram
1140 3013 1271 3073 parvam
1303 2993 1441 3053 inbono
1473 3001 1566 3065 statu,
1601 2994 1662 3052 lor-

377 3121 488 3162 necem
511 3102 681 3180 pistorearn
706 3120 761 3179 per
784 3100 942 3179 pigritiam
966 3100 1079 3161 nullius
1103 3100 1227 3161 valoris.

482 3206 533 3267 39.
557 3207 711 3267 Providus
734 3207 869 3267 Michael
894 3207 1191 3284 Kolaric‘1,domini
1216 3207 1343 3267 Modich
1369 3209 1506 3281 colonus,
1530 3208 1658 3267 domum

376 3316 580 3377 miserrimam
598 3315 628 3375 in
645 3314 728 3374 malo
752 3321 843 3390 statu,
875 3314 1021 3374 horreum
1043 3315 1159 3374 bonum
1183 3324 1254 3393 post
1278 3314 1394 3395 aliquot
1419 3334 1518 3374 annos
1533 3314 1662 3373 basibus

376 3423 503 3505 indiget,
527 3424 621 3482 haras
645 3441 741 3501 penes
766 3423 910 3482 horreum
936 3442 973 3481 ex
998 3423 1110 3482 horreo
1135 3423 1243 3496 factas,
1276 3425 1466 3483 camerulam
1497 3423 1661 3501 parvulam

375 3531 499 3605 bonam,
523 3530 682 3589 fornacem
698 3528 867 3607 pistoream
891 3548 953 3588 nou
976 3528 1059 3589 bono
1082 3538 1165 3589 tecto
1182 3549 1237 3607 per
1252 3529 1477 3610 negligentiam
1493 3528 1661 3607 provisam·

480 3637 532 3700 40.
556 3638 709 3699 Providus
733 3638 870 3698 Mathias
894 3640 1028 3714 Zubecz,
1053 3640 1180 3699 colonus
1195 3639 1312 3700 domini
1329 3639 1524 3698 arendatoris
1541 3638 1659 3698 Verch·

373 3747 494 3820 kovich,
518 3746 613 3805 habet
636 3747 763 3806 domum
787 3764 843 3823 pro
878 3745 1014 3807 nuncin
1039 3746 1186 3807 mediocri
1211 3754 1302 3821 statu,
1337 3746 1410 3805 dein
1441 3745 1535 3805 habet
1566 3745 1661 3804 haras

373 3855 517 3933 antiquas
541 3854 582 3913 ad
605 3854 683 3912 duas
707 3855 868 3913 clausuras
892 3853 923 3913 in
946 3862 1029 3913 statu
1061 3853 1214 3933 pessimo,
1246 3854 1320 3913 item
1354 3852 1556 3933 foenilegium
1580 3852 1658 3912 anti·

372 3981 467 4041 quum
490 3962 521 4020 in
545 3960 696 4021 columnis
720 3958 740 4019 8
766 3961 938 4038 proximum
962 3961 1080 4036 ruinae,
1114 3961 1273 4021 fornacem
1304 3960 1474 4040 pistoream
1506 3960 1600 4020 etiam
1623 3960 1654 4019 in

374 4071 456 4129 malo
480 4076 571 4128 statu.

479 4174 530 4235 41.
553 4176 706 4235 Providus
741 4175 878 4235 Mathias
923 4176 1076 4248 Veselich‚
1120 4178 1248 4237 colonus
1295 4173 1497 4255 suprascripti
1543 4176 1662 4236 domini

372 4282 576 4356 arendatoris,
600 4282 694 4342 habet
717 4284 843 4342 domum
861 4282 1020 4362 antiquam
1034 4283 1063 4342 in
1078 4291 1162 4344 statu
1185 4283 1309 4359 misero,
1325 4284 1470 4343 horreum
1487 4284 1554 4343 sine
1570 4294 1660 4362 porta

370 4390 568 4468 reparatione
593 4388 745 4469 indigens,
780 4391 875 4449 haras
899 4390 940 4449 ad
963 4398 1027 4450 tres
1051 4392 1213 4451 clausuras
1250 4390 1394 4470 antiquas
1428 4391 1558 4451 basibus
1581 4389 1658 4452 indi·

370 4505 491 4577 gentes,
516 4496 610 4557 etiam
634 4496 814 4575 pavimento
839 4516 901 4558 non
924 4497 1008 4558 bono
1032 4517 1088 4577 per
1111 4486 1335 4578 negligentiam
1370 4498 1523 4580 provisas,
1556 4500 1659 4559 loma-

369 4622 437 4663 cem
463 4603 623 4683 antiquam
647 4603 678 4663 in
701 4603 785 4663 malo
809 4613 901 4667 statu.

475 4709 527 4770 42.
551 4710 704 4771 Providus
728 4710 885 4791 Georgius
915 4713 1047 4787 Berzak,
1081 4715 1211 4773 colonus
1245 4714 1498 4775 reverendissimi
1537 4714 1658 4776 domini

369 4818 510 4877 canonici
535 4818 736 4895 loszipovich,
760 4818 855 4878 habet
877 4839 993 4879 novam
1010 4821 1146 4898 domurn,
1171 4840 1252 4900 quae
1277 4830 1345 4881 erat
1367 4841 1423 4901 pro
1448 4822 1558 4881 Dixich
1583 4823 1655 4881 ella·

367 4928 486 5002 borata,
509 4946 566 5004 pro
590 4945 652 5006 qua
674 4926 798 5008 integra
822 4927 942 5009 indiget
965 4929 1145 5008 pavimento
1171 4930 1333 5010 superiori,
1367 4930 1434 4993 sine
1466 4931 1564 5013 portis
1596 4940 1645 4993 est
