3934 5550
389 404 454 469 188

387 621 440 695 ita,
464 631 499 681 ut
521 642 577 701 pro
606 621 645 683 10
669 624 780 687 diebus
805 643 929 687 annona
953 626 1016 685 sint
1038 622 1164 703 provisi,
1187 633 1219 685 et
1242 625 1269 687 si
1293 644 1321 687 v.
1344 625 1374 688 d.
1397 646 1428 705 g.
1452 624 1522 702 ipsa
1552 624 1665 687 iisdem

388 732 566 793 hominibus
585 752 733 812 praeesse
756 754 819 800 non
843 744 958 814 posset,
974 735 1118 797 adminus
1141 754 1212 797 cum
1237 734 1312 813 ipsis
1336 735 1482 795 idoneam
1498 753 1665 813 personam

388 841 543 919 expediat,
566 841 620 901 ubi
643 861 662 901 a
685 842 812 903 domino
836 843 1002 922 capitaneo
1025 844 1213 920 Kamenyan
1237 843 1417 905 alteriorem'
1428 843 1570 904 ordinem
1594 850 1666 905 suut

387 949 553 1025 accepturi.
579 948 646 1009 Nec
669 968 762 1011 secus
784 950 887 1014 iaciat
911 936 951 1012 Et
976 952 1087 1014 valeat
1583 960 1587 967 ’

494 1072 532 1136 G.
556 1073 585 1133 d.
610 1082 735 1134 vestrae

1093 1183 1212 1243 amicus
1235 1174 1452 1261 paratissimus
1551 1196 1559 1224 ⁵

913 1290 1031 1350 Comes
1055 1290 1202 1350 Nicotaus
1226 1292 1381 1368 Erdeody,
1404 1292 1505 1353 banus
1528 1312 1568 1355 rn.
1592 1312 1623 1371 p.

497 1434 623 1511 Selliny,
648 1432 700 1495 27.
724 1435 910 1514 septembris
937 1432 1030 1497 1688.

494 1558 537 1617 in
561 1560 701 1620 dorso:
725 1560 889 1621 Generosa
905 1560 1032 1621 domino
1048 1562 1141 1621 Petro
1158 1546 1287 1621 Valicza
1303 1561 1391 1621 aliter
1406 1562 1664 1638 Szenkouachiry,

389 1666 602 1743 universitatis
626 1669 773 1729 nobilium
799 1668 913 1749 Campi
936 1670 1160 1751 Zagrabiensis
1185 1670 1355 1747 Turopoiia
1378 1669 1452 1729 dicti
1476 1669 1581 1729 comiti
1603 1677 1664 1729 ter·

388 1774 477 1833 restri
503 1785 569 1851 etc,
594 1776 695 1837 amico
718 1776 1013 1839 observandissimo.
1134 1759 1136 1762 ¹
1404 1764 1408 1769 ⁷

492 1896 637 1967 Originaie
665 1899 854 1965 chartaceum,
874 1916 891 1952 a
909 1906 991 1969 tergo
1022 1915 1190 1967 appressum
1224 1898 1354 1969 sigilium,
1382 1914 1440 1967 quo
1464 1898 1545 1951 litera
1570 1898 1665 1952 clausa

383 1988 502 2039 eratin
526 1987 640 2041 archivo
659 2004 792 2042 commun
820 1990 884 2041 nob.
906 1990 942 2041 de
960 1988 1123 2057 Turopoijc.

500 2113 506 2139 ¹
525 2114 567 2166 25.
587 2114 767 2181 septembris.

975 2390 1100 2470 uo·
1139 2340 1142 2345 ’

489 2598 581 2658 Anno
609 2595 702 2661 1688.
730 2596 777 2659 13.
801 2598 945 2659 octobris.
969 2600 1003 2659 In
1027 2598 1288 2691 Keresztinecz..
1364 2613 1368 2619 “
1425 2601 1430 2609 ’

382 2790 552 2856 Nicotaus
574 2792 741 2879 Erdeody,
764 2791 884 2873 battua,
900 2793 1022 2858 comiti
1037 2796 1117 2858 terr.
1136 2791 1260 2879 Compi
1286 2743 1473 2876 Momm
1484 2793 1662 2878 praecipit,

458 2902 498 2963 ut
520 2898 677 2964 hominos
699 2901 760 2964 sui
782 2900 838 2964 die
861 2917 914 2979 24
938 2899 1084 2965 octobris
1106 2900 1154 2965 ad
1178 2899 1334 2985 Colopim
1357 2903 1585 2985 compareant.

595 3098 757 3158 Generose
781 3099 906 3159 domine
930 3099 1030 3159 amice
1054 3097 1347 3160 observandissime.

492 3223 629 3300 Quando
659 3223 785 3303 quidem
816 3231 879 3283 tam
912 3243 989 3284 suae
1020 3225 1192 3285 maiestatis
1223 3225 1454 3286 sacratissimae
1490 3226 1660 3299 servitium,

383 3351 477 3410 quam
502 3330 616 3392 bonum
641 3331 798 3410 pubiicum
822 3331 927 3413 exigit,
951 3342 986 3392 ut
1008 3321 1230 3411 neooccupatis
1258 3333 1298 3393 ab
1322 3332 1464 3393 hostibus
1495 3333 1659 3413 praesidiis

381 3438 611 3518 provideamus,
628 3447 659 3498 et
682 3439 722 3498 ad
746 3457 785 3498 ea
808 3441 1026 3500 conservanda
1049 3459 1106 3500 nos
1130 3440 1336 3514 conferamus,
1360 3460 1400 3500 ne
1424 3460 1551 3521 quoquo
1566 3442 1661 3500 modo

380 3566 488 3608 rursus
520 3547 560 3606 ab
591 3546 732 3606 hostibus
764 3539 979 3626 reocupentur.
1019 3548 1137 3608 Idcirco
1168 3549 1337 3608 dominatio
1369 3557 1474 3608 vestra
1503 3567 1660 3629 generosa

381 3655 523 3716 homines
547 3673 622 3714 suos
645 3655 688 3714 ita
711 3655 865 3733 disponat,
881 3665 914 3716 ut
938 3675 995 3734 pro
1019 3656 1069 3716 die
1094 3654 1146 3716 24.
1170 3657 1344 3734 praesentis
1368 3657 1409 3720 ad
1432 3656 1586 3734 Colapim,
1603 3674 1660 3715 an·

383 3782 464 3823 nona
496 3781 553 3841 pro
583 3763 682 3823 tribus
714 3762 896 3841 septimanis
928 3762 1055 3842 provisi,
1086 3771 1118 3823 et
1149 3764 1244 3823 armis
1274 3764 1354 3823 bene
1386 3763 1535 3837 instructi,
1571 3781 1657 3823 more

380 3872 533 3930 hactenus
556 3871 723 3931 observato
747 3888 928 3950 comparere
952 3871 1060 3948 possit,
1084 3879 1189 3931 sotum
1220 3870 1391 3931 dominatio
1422 3880 1529 3931 vestra
1562 3889 1659 3951 gene·

381 3997 453 4040 rosa
476 3979 653 4039 ulteriorem
677 3978 817 4038 ordinem
842 3997 861 4038 a
883 3978 973 4038 nobis
997 3969 1150 4040 habitura.
1166 3979 1206 4038 Et
1221 3997 1314 4039 secus
1336 3979 1512 4039 nullatenus
1528 3979 1659 4039 factura.

381 4087 413 4146 in
439 4087 556 4166 reliquo
580 4085 708 4146 feliciter
733 4085 856 4146 valebit.

487 4211 635 4271 Eiusdem
660 4210 687 4272 d
712 4230 741 4274 v.
764 4232 795 4291 g.
820 4211 938 4272 amicus
963 4199 1091 4290 paratus

914 4321 1032 4414 Comes
1055 4353 1204 4416 Nicotaus
1226 4355 1382 4432 Erdeody,
1406 4356 1507 4415 banus
1531 4374 1570 4416 m.
1586 4374 1617 4433 p.

490 4481 605 4542 Datum
629 4479 860 4554 Keresztinecz,
887 4477 936 4540 13.
962 4480 1110 4553 octobris
1125 4476 1218 4540 1688.

489 4607 687 4666 Additum
712 4627 828 4667 manu
852 4607 965 4666 bani:
989 4607 1036 4666 Ita
1050 4605 1245 4684 provideant,
1260 4605 1288 4668 si
1311 4625 1396 4679 casu,
1411 4625 1473 4684 quo
1488 4606 1660 4668 necessitas

379 4713 548 4775 occurrerit
572 4713 689 4792 [chiam
713 4715 883 4792 anticipare
907 4714 1035 4792 possint.

490 4821 673 4882 Inferius
696 4821 734 4880 in
759 4821 890 4881 calce:
913 4821 1021 4900 Spano
1045 4820 1272 4898 Turopolieusi

490 4929 529 4988 In
555 4931 694 4990 dorso:
719 4929 883 4990 Generoso
907 4929 1033 4989 domino
1057 4930 1150 4988 Petro
1166 4929 1295 4990 Uaiicza
1312 4927 1400 4988 aiiter
1414 4928 1660 5005 Zenkouachiry,
