3934 5550
1520 471 1557 532 15

286 683 353 744 bilis
384 692 415 743 et
438 683 627 762 magnificae
658 683 878 742 dominationis
909 692 1033 744 vestrae
1066 684 1359 746 adiudicatoriarum
1390 687 1557 747 sententio·

284 791 400 852 nalium
423 799 563 851 tenorem
589 799 620 851 et
643 790 875 867 continentiam,
898 810 956 851 nos
981 811 1116 852 unacum
1139 793 1270 874 egregio
1294 793 1437 873 Caspare
1460 796 1557 872 Bary-

279 901 414 975 llowych
436 900 476 959 de
501 899 653 976 Gorycza,
678 899 802 958 homine
827 909 951 960 vestrae
975 900 1153 979 spectabilis
1178 910 1210 960 et
1239 901 1428 982 magnificae
1459 903 1557 962 domi·

280 1007 414 1068 nationis
438 1007 551 1081 banali,
574 1007 606 1066 in
630 1007 799 1084 praetactis
822 1007 918 1067 literis
951 1008 1092 1068 eiusdem
1124 1008 1357 1069 adiudicatoriis
1388 1011 1557 1070 sententio-

280 1113 401 1174 nalibus
430 1114 509 1174 inter
533 1114 610 1174 alios
641 1115 784 1174 homines
814 1114 943 1174 banales
978 1116 1161 1176 nominatim
1197 1116 1382 1196 conscript0,
1416 1126 1557 1178 nostrum

279 1217 445 1298 hominem,
470 1222 638 1281 discretum
663 1221 808 1281 videlicet
832 1222 992 1282 Andream
1018 1223 1237 1300 presbyterum
1261 1225 1300 1284 de
1332 1223 1426 1284 Obed
1457 1226 1557 1286 Zentlr

279 1330 424 1402 Kerezth,
448 1330 534 1390 chori
557 1330 718 1408 praefatae
743 1329 894 1390 ecclesiae
926 1339 1052 1390 nostrae
1084 1331 1355 1409 praebendarium,
1380 1333 1420 1392 ad
1451 1333 1556 1393 huius·

278 1438 361 1498 modi
392 1437 673 1516 possessionariam
707 1438 942 1497 restatutionem
975 1457 1032 1498 suo
1067 1439 1161 1498 modo
1196 1440 1300 1499 debite
1333 1441 1557 1519 peragendam,

278 1555 383 1605 nostro
407 1564 463 1622 pro
486 1544 665 1604 testimonio
688 1545 960 1605 transmiseramus
984 1545 1186 1626 fidedignum,
1210 1547 1262 1625 qui
1286 1547 1412 1606 tandem
1445 1548 1557 1608 exinde

279 1655 318 1714 ad
341 1673 399 1714 nos
424 1654 553 1726 reversi,
574 1653 664 1712 nobis
688 1654 745 1713 sub
770 1655 922 1732 corporali
946 1655 1084 1733 ipsorum
1116 1655 1291 1715 iuramento
1327 1656 1365 1715 de
1400 1665 1432 1715 et
1463 1675 1558 1734 super

277 1762 361 1822 fideli
385 1781 492 1822 eorum
517 1762 700 1822 executione
725 1781 830 1822 coram
854 1763 944 1822 nobis
968 1763 1128 1840 praestito,
1161 1763 1356 1823 concorditer
1386 1765 1557 1824 retulerunt

281 1871 311 1930 in
335 1872 417 1930 hunc
442 1871 577 1944 modum,
601 1872 686 1949 quod
710 1889 779 1930 cum
813 1871 972 1948 praelatus
1009 1872 1103 1930 homo
1136 1879 1260 1931 vestrae
1294 1872 1556 1950 magnificentiae,

278 1981 347 2060 ipso
371 1991 478 2040 nostro
501 1981 679 2040 testimonio
704 1987 878 2059 praesente,
902 1980 952 2040 die
976 1980 1133 2039 dominico
1157 1981 1279 2056 Letare,
1303 1981 1443 2058 proxime
1467 1998 1555 2058 prae·

280 2084 396 2162 terito²,
420 2089 460 2149 ad
484 2089 582 2148 iacies
606 2087 724 2148 castelli
749 2087 945 2159 kaawecz,
960 2087 991 2146 in
1006 2088 1156 2146 comitatu
1172 2088 1379 2168 Zagrabiensi
1396 2088 1557 2148 existentis

280 2205 315 2256 et
338 2196 442 2270 habiti,
468 2196 576 2256 vicinis
601 2215 638 2256 ac
662 2195 888 2254 commetaneis
912 2194 1061 2269 eiusdem,
1093 2203 1124 2254 et
1155 2195 1317 2276 signanter
1352 2196 1490 2276 egregiis
1525 2206 1557 2255 et

283 2303 436 2362 nobilibus
460 2304 583 2362 Thoma
617 2304 759 2380 Impryeh
795 2302 834 2362 de
869 2304 1066 2380 lampnycza,
1101 2303 1257 2383 Gregorio
1293 2304 1482 2380 Herendych
1517 2304 1556 2364 de

281 2412 398 2489 Lyppa,
422 2410 582 2488 Stephano
614 2410 825 2487 Schytaroczy
861 2411 900 2469 de
924 2410 1119 2486 Schythario,
1151 2411 1318 2470 Francisco
1352 2411 1493 2487 llessych
1517 2411 1556 2470 de

281 2518 420 2590 Gachka,
445 2519 566 2577 Mathia
590 2519 828 2594 Chemlrowczy
853 2519 892 2578 de
923 2519 1151 2590 (lhernkowcz,
1184 2527 1215 2578 et
1238 2518 1399 2596 Stephano
1434 2519 1556 2594 Pawly·

281 2627 432 2704 nowych,·
449 2626 516 2685 cive
542 2626 674 2685 civitatis
700 2626 1001 2704 Montisgraecensis
1027 2626 1257 2705 Zagrabiensis,
1283 2626 1412 2704 aliisque
1448 2645 1556 2703 quam·

281 2732 419 2813 plurimis
442 2733 516 2793 inibi
540 2733 690 2815 legittime
715 2733 896 2794 convocatis
932 2742 964 2794 et
990 2733 1207 2812 praesentibus
1236 2734 1424 2810 accedendo,
1450 2731 1555 2793 huius·

280 2842 364 2903 modi
389 2842 669 2921 possessionariam
694 2842 930 2903 restatutionem
955 2842 1041 2901 iuxta
1071 2842 1293 2901 continentiam
1325 2851 1555 2920 praetactarum

280 2950 438 3010 literarum
463 2958 587 3009 vestrae
618 2950 796 3028 spectabilis
829 2958 859 3009 et
891 2950 1081 3029 magnificae
1112 2950 1331 3009 dominationis
1365 2950 1554 3010 adiudicatu-

278 3058 392 3119 riarnm
418 3058 688 3123 sententionalium
709 3076 871 3137 peragere,
888 3058 1033 3136 idemque
1051 3058 1211 3118 castellum
1227 3060 1344 3136 pariter
1367 3077 1437 3133 cum
1462 3078 1553 3119 cuuc-

276 3168 316 3226 tis
352 3166 415 3225 suis
451 3165 634 3225 utilitatibus
667 3175 699 3225 et
730 3166 921 3244 pertinentiis
946 3166 1133 3245 quibuslibet
1166 3168 1206 3225 ad
1237 3167 1319 3227 idem
1353 3168 1393 3227 de
1426 3168 1491 3227 iure
1524 3177 1554 3226 et

279 3276 318 3334 ab
343 3274 470 3352 antiquo
494 3273 707 3352 spectantibus
732 3283 763 3333 et
786 3274 941 3352 pertinere
966 3274 1160 3348 debentibus,
1190 3284 1364 3335 memorato
1388 3274 1554 3335 Francisco

278 3381 437 3458 Nadasdy,
469 3382 575 3455 actori,
608 3382 739 3443 reddere
771 3390 802 3441 et
838 3391 1011 3442 restatuere
1047 3383 1132 3443 omni
1167 3404 1205 3442 eo
1241 3383 1317 3458 iure,
1347 3402 1409 3461 quo
1445 3384 1554 3462 vigore

279 3489 404 3549 donatio
439 3509 550 3550 sacrae
584 3490 692 3570 regiae
728 3490 901 3551 maiestatis
937 3492 977 3550 ad
1013 3492 1148 3551 eundem
1182 3490 1338 3568 pertinere
1375 3492 1554 3551 donoscitur

277 3598 434 3675 voluisset,
468 3605 541 3656 tunc
572 3617 644 3657 mox
679 3597 794 3657 ibidem
830 3606 861 3657 et
895 3598 1098 3659 incontinenti
1133 3618 1170 3657 ac
1205 3599 1317 3658 eodem
1350 3598 1409 3673 die,
1444 3598 1554 3657 nobilis

278 3706 379 3765 Lucas
404 3706 631 3782 Klymuowych
655 3706 694 3765 de
721 3706 1010 3786 Naghlompnycza,
1044 3706 1255 3786 praefatorum
1278 3705 1426 3765 nobilium
1459 3706 1554 3766 Blasii

280 3814 471 3893 Pogledych‚
488 3834 532 3874 vac
565 3815 775 3875 universitatis
807 3814 954 3874 nobilium
987 3814 1060 3874 dicti
1094 3812 1207 3892 Campi
1242 3813 1465 3893 Zagrabiensis
1499 3834 1553 3872 no-

279 3920 413 3981 minibus
446 3930 477 3981 et
505 3922 535 3980 in
572 3923 723 4000 personis
748 3922 875 3981 armatis
908 3931 938 3980 et
974 3921 1168 3999 potentiariis
1202 3920 1355 3994 manibus,
1385 3921 1554 4001 evaginata

277 4038 308 4088 et
338 4036 468 4089 extensa
501 4029 621 4089 framea
657 4030 687 4089 in
723 4030 851 4089 eosdem
888 4038 1025 4089 vestrum
1061 4037 1092 4088 et
1126 4036 1267 4087 nostrum
1300 4028 1442 4088 homines
1478 4031 1553 4087 irru-

277 4138 373 4214 endo,
408 4138 536 4198 eosdem
573 4158 591 4197 a
626 4139 713 4198 totali
747 4138 924 4197 huiusmodi
966 4145 1198 4216 praetactarum
1233 4137 1392 4196 literarum
1428 4146 1553 4196 vestrae

278 4243 457 4323 spectabilis
497 4254 528 4304 et
562 4246 749 4327 magnificae
787 4245 1007 4305 dominationis
1049 4245 1343 4305 adiudicatoriarum
1386 4245 1552 4304 sententio·

277 4351 393 4411 nalium
427 4352 609 4412 executione
645 4353 808 4432 repulisset
842 4362 872 4411 et
905 4354 1097 4431 aulugasset,
1131 4353 1309 4431 dictamque
1340 4352 1553 4430 possessiona·

277 4458 354 4517 riam
379 4460 605 4519 restatutionen
637 4460 755 4519 eisdem
788 4470 892 4519 vestro
924 4469 955 4519 et
985 4467 1092 4519 nostro
1127 4460 1303 4518 hominibus
1337 4478 1491 4538 peragere
1523 4470 1553 4518 et

277 4567 426 4643 perficere
450 4588 511 4626 non
537 4568 739 4645 permisisset,
762 4568 902 4647 potentia
927 4568 1094 4628 mediante.
1119 4567 1169 4627 Ob
1193 4587 1288 4646 quam
1304 4567 1429 4646 quidem
1445 4578 1552 4645 poten-

276 4675 398 4735 tiariam
423 4676 629 4753 repulsionem
650 4685 681 4734 et
697 4676 931 4755 aufugationem
949 4676 1032 4736 idem
1049 4678 1143 4737 homo
1160 4686 1284 4736 vestrae
1300 4676 1552 4755 magnificentiae

278 4784 360 4843 dicto
384 4783 562 4843 testimonio
586 4793 693 4843 nostro
717 4793 892 4862 praesente,
916 4805 988 4844 mox
1014 4785 1128 4843 ibidem
1161 4796 1191 4843 et
1222 4784 1433 4856 incontinenti,
1464 4804 1552 4860 prae-

277 4892 359 4951 latos
382 4892 501 4952 nobiles
527 4892 664 4951 Blasium
691 4894 881 4969 Pogledych‚
907 4914 943 4953 ac
975 4894 1210 4953 universitatem
1242 4893 1390 4952 nobilium
1423 4893 1552 4971 praelati

285 4998 397 5078 Campi
432 5000 671 5080 Zagrabiensis,
706 5021 762 5084 per
797 5002 990 5083 praedictum
1012 5003 1143 5063 ‘Lucam
1168 5002 1411 5085 Klymnowych,
1447 5011 1553 5063 contra
