3934 5550
429 414 472 475 20

428 630 590 702 Dorothee
610 628 682 714 filie,
705 628 790 687 dicta
813 646 889 687 vero
914 627 1042 687 domina
1065 626 1239 687 Catharina
1263 625 1347 686 Petri
1371 636 1402 687 et
1425 627 1546 687 Nicolai
1570 626 1712 697 filiorum,

432 748 464 797 et
486 737 589 815 puelle
623 736 715 795 Anne
739 736 802 795 filie
826 755 963 811 suorum,
988 735 1181 813 aliorumque
1211 734 1427 794 universorum
1452 744 1483 793 et
1506 733 1712 813 quorumlibet

426 844 565 915 fratrum,
589 843 906 922 consangvineorum,
919 842 1141 920 proximorum,
1158 842 1352 921 proliumque
1370 852 1401 901 et
1417 841 1556 901 altinium
1573 860 1709 915 suorum,

424 972 504 1031 quos
527 951 759 1029 intrascriptnm
781 950 884 1030 tangit
907 970 963 1009 seu
987 960 1119 1031 tangere
1144 959 1175 1009 et
1199 969 1387 1011 concernere
1411 958 1519 1029 posset
1543 948 1708 1028 negocium

424 1059 647 1138 quoquomodo
678 1058 710 1118 in
734 1060 881 1130 luterum,
905 1059 936 1117 in
960 1078 995 1117 se
1020 1058 1104 1137 ipsas
1128 1059 1313 1137 peremnia
1342 1058 1511 1136 assumptis
1535 1067 1565 1117 et
1588 1057 1709 1131 levatis,

424 1186 531 1227 coram
555 1167 646 1227 nobis
669 1167 876 1245 personaliter
907 1166 1084 1243 constitute,
1117 1174 1292 1244 spontanea
1316 1174 1347 1226 et
1371 1166 1468 1226 libera
1491 1165 1630 1243 ipsarum
1655 1185 1707 1223 vo-

423 1276 552 1351 luntate,
575 1274 746 1335 ministerio
781 1274 853 1333 vive
876 1274 964 1333 vocis
989 1292 1097 1334 earum
1130 1273 1274 1334 dixerunt
1305 1281 1336 1333 et
1367 1274 1510 1333 conlesse
1542 1273 1708 1332 extiterunt

423 1382 454 1441 in
478 1383 560 1441 hunc
583 1382 729 1441 modum:
760 1381 893 1459 qualiter
924 1382 993 1458 ipse
1024 1401 1081 1461 pro
1114 1380 1219 1441 arduis
1253 1381 1439 1461 quibusdam
1475 1400 1512 1439 ac
1544 1379 1708 1439 inevitabi-

422 1489 504 1566 libus
527 1507 636 1549 earum
667 1498 699 1547 et
727 1488 861 1565 prolium
892 1489 1032 1567 ipsarum
1064 1488 1313 1563 necessitatibus
1346 1488 1432 1565 ipsas
1457 1490 1497 1547 ad
1521 1504 1651 1567 presens
1675 1486 1707 1547 in

422 1605 489 1656 tam
518 1596 702 1656 lamebcoso
734 1606 876 1674 tempore
907 1615 1029 1656 summe
1065 1597 1250 1677 urgentibus
1284 1597 1448 1671 evitandis,
1483 1605 1514 1655 et
1545 1595 1708 1675 signanter

422 1704 463 1763 ob
486 1702 651 1782 penuriam
674 1704 775 1783 panis,
799 1714 1039 1784 egestatemque
1055 1704 1210 1779 frumenti,
1235 1707 1277 1765 ad
1300 1705 1564 1765 sustentacionem
1589 1702 1706 1763 scilicet

422 1831 540 1884 earum,
564 1831 603 1871 ac
625 1810 759 1889 prolium
792 1820 824 1872 et
854 1812 970 1872 familie
994 1812 1144 1891 ipsarum,
1179 1814 1338 1891 quandam
1363 1832 1458 1873 unam
1481 1821 1597 1872 terram
1622 1810 1703 1890 ipsa·

422 1938 490 1978 rum
515 1902 666 1979 arabilem
690 1918 976 1999 Breghodemycza
1000 1928 1155 1994 vocatam,
1177 1920 1237 1980 tria
1260 1920 1343 1981 bona
1367 1920 1478 2000 iugera
1501 1920 1534 1979 in
1565 1938 1600 1978 se
1632 1937 1704 1978 con·

422 2026 583 2103 tinentem‚
605 2026 636 2085 in
660 2026 816 2085 territorio
840 2034 979 2105 pretacte
1011 2028 1221 2108 possessionis
1252 2028 1401 2107 Superior
1431 2028 1618 2086 kaawecz
1650 2044 1702 2085 vo·

422 2143 513 2211 cata,
546 2132 578 2193 in
616 2134 819 2213 preallegatis
857 2134 980 2215 Campo
1018 2144 1049 2195 et
1087 2136 1236 2196 comitatu
1274 2136 1482 2217 Zagrabiensi
1518 2134 1703 2195 existentem

424 2241 572 2317 habitam,
606 2241 693 2318 ipsas
726 2241 793 2301 iure
816 2242 1005 2303 hereditario
1028 2252 1211 2325 tangentem
1243 2253 1275 2304 et
1305 2251 1554 2317 concementem,
1578 2242 1627 2303 cui
1663 2242 1703 2301 ab

421 2349 565 2409 orientali
588 2356 672 2409 terra
703 2351 884 2412 sessionalis
914 2354 1026 2415 nobilis
1057 2356 1182 2435 Gaspar
1205 2355 1393 2435 Gywngych
1418 2354 1457 2415 de
1481 2362 1621 2434 pretacta
1644 2352 1701 2413 Sn-

421 2455 536 2536 periori
568 2458 765 2533 kaawecz,
798 2480 818 2520 a
846 2462 1040 2523 meridionali
1075 2462 1127 2524 via
1160 2464 1294 2543 publica,
1329 2464 1369 2523 ab
1398 2462 1583 2523 occidentali
1618 2470 1702 2522 terra

420 2564 602 2623 sessionalis
633 2567 792 2643 quondam
821 2569 1005 2646 Zwbynych
1036 2572 1075 2631 de
1107 2570 1267 2650 Superiori
1298 2572 1508 2650 Lompnycza,
1533 2589 1550 2629 a
1575 2577 1702 2653 septen-

420 2670 545 2729 trionali
568 2670 722 2750 siquidem
745 2675 886 2752 partibus
904 2677 1018 2737 fluvius
1041 2678 1129 2739 Odra
1153 2688 1284 2739 vocatus
1314 2678 1498 2751 vicinantur,
1522 2676 1614 2737 simul
1629 2696 1700 2736 cum

421 2779 542 2839 eunctis
566 2781 707 2841 eiusdem
729 2791 812 2844 terre
836 2785 964 2864 iuribus,
988 2788 1105 2867 usibus,
1122 2788 1314 2864 utilitatibus,
1328 2787 1607 2875 fructuositatibus,
1629 2805 1699 2866 pro·

422 2885 566 2945 ventibus
590 2896 622 2946 et
645 2889 843 2967 pertinenciis
864 2893 1061 2972 quibuslibet,
1085 2895 1127 2954 ad
1151 2881 1283 2955 eandem
1299 2896 1337 2955 de
1364 2894 1430 2953 iure
1453 2904 1483 2954 et
1508 2895 1548 2954 ab
1572 2892 1699 2972 antiquo

420 2994 634 3072 spectantibus
664 3005 696 3055 et
726 2998 881 3075 pertinere
913 3001 1107 3078 debentibus,
1135 3002 1219 3064 lacta
1249 3002 1335 3081 prius
1367 3001 1534 3081 superinde
1568 3002 1698 3062 sollenni

422 3103 639 3162 admonicione
673 3107 811 3165 omnium
834 3108 964 3169 fratrum
996 3112 1286 3172 condivisionalium
1318 3120 1350 3172 et
1384 3111 1698 3191 consangvineorum,

420 3228 515 3288 quam
539 3210 639 3270 eciam
664 3213 833 3274 vicinorum
869 3216 1006 3295 ipsarum
1030 3219 1274 3298 propinquorum
1299 3229 1330 3279 et
1353 3227 1553 3290 remotorum,
1583 3236 1696 3278 eorun-

419 3318 554 3396 demque
578 3319 766 3381 admissione
790 3332 821 3382 et
844 3326 1056 3401 concessione,
1085 3327 1215 3408 egregio
1247 3327 1372 3387 domino
1405 3327 1552 3387 Ladislao
1583 3327 1696 3386 Bwlro·

419 3426 553 3502 wachlry
578 3427 617 3486 de
647 3429 866 3509 Bwlrowycza,
891 3452 928 3493 ac
951 3454 1107 3514 generose
1143 3436 1267 3496 domine
1299 3435 1468 3496 Catherine
1500 3435 1696 3512 Kyssewych

419 3553 459 3612 pe
482 3536 622 3616 predicta
644 3539 803 3617 Superiori
826 3543 1036 3622 lompnycza,
1060 3546 1196 3604 consorti
1224 3544 1374 3619 eiusdem,
1403 3543 1633 3621 heredibusque
1665 3552 1696 3602 et

418 3643 651 3720 posteritatibus
682 3647 820 3724 ipsorum
850 3651 1019 3728 universis,
1042 3671 1099 3730 pro
1130 3653 1256 3712 florenis
1288 3651 1425 3712 sedecim
1457 3652 1539 3712 bone
1571 3658 1695 3716 monete

417 3750 636 3830 hungaricalis,
668 3755 708 3812 ab
740 3756 858 3816 eisdem
890 3760 1016 3819 domino
1047 3760 1194 3820 Ladislao
1231 3760 1466 3835 Bwlrowachlry
1502 3771 1532 3818 et
1567 3759 1693 3835 domina

416 3857 588 3934 Catherina
610 3860 805 3939 Kyssewych
830 3877 974 3926 consorte
1006 3868 1155 3942 eiusdem,
1179 3888 1235 3947 per
1259 3869 1404 3928 iamfatas
1428 3869 1573 3928 dominas
1598 3869 1689 3927 Hele·

416 3985 489 4024 nam
513 3973 545 4024 et
568 3967 770 4029 Catherinam
794 3983 885 4050 prout
908 3974 1041 4054 ipsemet
1070 3995 1174 4036 coram
1200 3978 1289 4036 nobis
1313 3977 1492 4048 retulerunt,
1516 3976 1577 4034 ianr
1602 3977 1691 4054 plene

415 4072 536 4146 habitis,
551 4075 664 4134 levatis
686 4085 717 4135 et
740 4081 904 4159 perceptis,
920 4083 1089 4157 dedissent,
1108 4085 1329 4160 vendidissent,
1346 4085 1555 4161 tradidissent,
1573 4084 1689 4164 ascrip-

415 4179 529 4238 sissent
563 4191 594 4240 et
624 4195 872 4263 perpetuassent,
906 4190 1001 4249 immo
1034 4213 1071 4250 ex
1104 4193 1292 4252 admissione
1325 4204 1355 4252 et
1379 4194 1582 4252 concessione
1619 4193 1690 4252 vici·

414 4308 523 4346 norum
548 4291 796 4368 supradictorum
813 4298 976 4371 dederunt,
1003 4299 1217 4373 vendiderunt,
1242 4302 1445 4372 tradiderunt,
1480 4301 1691 4378 ascripserunt

413 4406 443 4454 et
460 4408 733 4476 perpetuaverunt,
752 4404 986 4483 dominiumque
1005 4407 1146 4466 eiusdem
1169 4420 1251 4468 terre
1269 4429 1323 4486 per
1341 4429 1452 4480 manus
1477 4409 1689 4488 aprelrendere

413 4504 621 4588 permiserunt
643 4528 749 4568 corani
782 4512 879 4586 nobis,
911 4513 977 4572 iure
1009 4525 1160 4594 perpetuo
1185 4527 1215 4575 et
1239 4517 1482 4576 irrevocabiliter
1511 4517 1688 4586 tenendam,

412 4612 640 4688 possidendam,
673 4618 787 4695 pariter
812 4628 842 4677 et
866 4621 1051 4682 habendam.
1086 4625 1117 4682 ln
1149 4625 1237 4683 cuius
1270 4627 1314 4684 rei
1342 4626 1523 4684 memoriam
1549 4634 1579 4684 et
1604 4625 1687 4685 testi·

411 4719 556 4792 monium,
586 4724 826 4804 firmitatemque
860 4737 1055 4807 perpetuam,
1085 4733 1282 4810 presentibus
1314 4734 1448 4813 sigillum
1473 4743 1612 4793 nostruin
1637 4753 1687 4793 co·

410 4827 515 4888 mitale
539 4832 729 4890 autenticum
754 4834 899 4894 ‹lnxinnrs
923 4840 1173 4923 appendendum.
1207 4841 1321 4900 llatrnn
1354 4843 1383 4900 in
1416 4843 1508 4900 domo
1540 4853 1570 4900 et
1602 4842 1687 4902 curia

410 4946 514 4995 nostra
550 4939 677 4997 Interior
714 4942 907 5020 lnrlranecz,
942 4945 1019 5005 feria
1052 4959 1160 5027 quartu
1195 4951 1225 5012 in
1258 4951 1395 5030 profesto
1420 4959 1598 5014 sanctorum
1626 4951 1686 5013 Viti
