3934 5550
387 409 450 471 568

494 623 587 684 Anno
617 622 728 682 eodem
760 613 997 698 suprascripto²,
1029 619 1078 678 die
1110 638 1186 678 vero
1215 617 1262 679 14.
1293 619 1409 679 mensis
1441 620 1615 680 decembris
1640 620 1670 679 in

388 733 483 792 domo
515 728 697 809 perillustris
728 747 766 787 ac
795 725 942 808 generosi
965 726 1119 786 Matthiae
1143 726 1269 801 Mixich,
1293 746 1355 805 qua
1379 727 1591 788 universitatis
1615 747 1670 788 no-

387 839 493 899 bilium
525 834 639 915 Campi
670 835 850 913 Turopolya
882 833 1040 894 substituti
1072 833 1193 894 comitis
1225 834 1380 894 terrestris
1412 842 1442 892 et
1471 833 1562 894 simul
1587 835 1671 914 eapi-

388 945 482 1020 tanei,
506 944 632 1005 omnino
656 944 688 1003 in
711 942 913 1021 possessione
941 941 1019 1001 Also
1042 942 1219 1015 Lnkavecz‚
1251 940 1373 1020 Campo
1407 944 1543 1002 antelato
1567 950 1599 1002 et
1620 962 1672 1003 co·

388 1054 499 1114 mitatu
521 1051 729 1132 Zagrabiensi
752 1047 898 1110 existenti
921 1048 1036 1122 habita,
1061 1068 1117 1126 per
1141 1049 1277 1108 eundem
1307 1068 1401 1128 quem
1433 1069 1527 1128 supra
1560 1050 1670 1110 substi-

390 1169 490 1221 tutum
523 1159 669 1220 comitem
700 1164 889 1229 terrestrem,
920 1155 1138 1234 praesentibus
1172 1165 1277 1216 eotum
1302 1164 1333 1216 et
1356 1155 1471 1217 ibidem
1499 1158 1671 1237 generosis

393 1267 532 1348 egregiis
544 1275 576 1327 et
586 1266 741 1326 nobilibus
753 1265 901 1325 Gabriele
913 1264 1070 1338 Skerlecz,
1082 1263 1215 1341 praefati
1227 1263 1340 1342 Campi
1350 1265 1529 1342 Turoyolya
1542 1265 1672 1338 notario,

392 1375 525 1436 Matthia
541 1373 715 1448 Gallovich,
738 1372 922 1432 vicecomite
946 1370 1094 1446 terrestri,
1117 1372 1233 1431 Ioanne
1258 1371 1445 1448 Gerdenicb‚
1468 1371 1543 1432 iuris
1567 1391 1669 1433 asses-

387 1502 458 1545 sore
489 1481 718 1555 montanisticO,
749 1479 976 1558 Christophoro
1007 1479 1204 1554 Suastovieh,
1235 1479 1375 1561 Georgio
1408 1481 1574 1556 lanichich,
1609 1481 1669 1540 Ge·

390 1591 480 1672 orgio
514 1588 696 1670 Pogledich‚
730 1587 887 1648 Michaele
918 1586 1097 1667 Briglevich
1130 1596 1161 1646 et
1193 1587 1308 1648 Ioanne
1337 1582 1542 1672 Briglevich‚³
1574 1588 1671 1647 Paulo

390 1700 566 1772 Sostaracz,
599 1695 751 1758 Michaele
784 1693 935 1775 lagutich,
964 1693 1098 1754 Matthia
1132 1693 1324 1773 Sippussich,
1353 1695 1470 1756 famulo
1499 1695 1670 1756 communi-

392 1805 474 1878 tatis,
499 1805 615 1866 Ioanne
639 1801 823 1862 Chunchich
847 1800 1024 1861 constitutis
1049 1809 1080 1862 et
1103 1801 1277 1862 substitutis
1300 1802 1408 1862 iuratis
1433 1803 1554 1882 Campi

499 1915 712 1990 Reassumpta
745 1929 843 1971 causa
859 1909 986 1971 antelati
1010 1909 1125 1970 fiscalis
1151 1919 1182 1970 et
1197 1910 1311 1970 actoris
1335 1920 1444 1971 contra
1467 1911 1673 1989 praementio-

391 2030 497 2080 natam
528 2020 702 2079 Barbaram
727 2020 860 2097 Bogdan
884 2017 1015 2094 Funyak
1039 2017 1163 2092 dictam,
1189 2018 1274 2076 velut
1297 2036 1408 2096 sagam
1434 2018 1518 2077 etin
1544 2037 1672 2078 causam

393 2136 568 2190 attractam.

500 2238 560 2297 Pro
585 2236 798 2315 suprascripto
827 2234 927 2295 fiscali
950 2242 981 2294 et
1005 2243 1110 2294 actore
1135 2231 1284 2314 egregius
1308 2234 1420 2294 Petrus
1446 2237 1579 2296 Kalmlm
1603 2255 1674 2295 cum

393 2345 507 2405 nostris
538 2343 704 2404 sufficienti
740 2340 872 2402 iuridica
909 2341 1078 2402 instructus
1110 2339 1266 2414 facultate,
1310 2342 1488 2420 reproducit
1532 2343 1674 2420 superius

390 2461 502 2514 contra
526 2451 659 2512 eandem
683 2451 715 2510 in
738 2469 867 2510 causam
900 2457 1065 2509 attractam
1097 2457 1274 2527 promotam
1298 2450 1462 2526 actionem,
1487 2470 1524 2510 ac
1548 2450 1675 2528 insuper

390 2561 539 2622 torturale
564 2577 696 2619 examen
725 2559 783 2618 sub
808 2558 882 2617 Nro.
907 2556 945 2631 7,
969 2576 1026 2635 pro
1050 2557 1267 2618 informatione
1292 2559 1453 2618 dumtaxat
1477 2559 1605 2619 huiusce
1629 2559 1673 2618 in·

390 2671 493 2748 clytae
517 2667 611 2743 sedis,
634 2685 766 2746 quorum
789 2674 898 2726 tenore
922 2664 962 2724 de
986 2665 1099 2726 eadem
1122 2666 1153 2725 in
1178 2685 1307 2726 causam
1332 2674 1463 2728 attracta
1488 2674 1609 2744 peteret
1642 2667 1673 2726 id

392 2779 476 2858 quod
511 2776 585 2837 iuris
617 2782 710 2848 esset,
742 2794 781 2834 ex
804 2792 867 2853 quo
891 2771 1058 2851 superinde
1083 2772 1176 2833 etiarn
1209 2774 1344 2834 totaliter
1368 2774 1572 2835 deliberatum
1597 2774 1672 2833 exti-

392 2886 480 2947 tisset
500 2884 723 2964 pharagrapho
739 2881 792 2941 tali
809 2900 910 2959 neque
927 2899 1019 2941 secus
1036 2899 1130 2959 quam
1147 2882 1187 2941 ad
1205 2882 1410 2943 sufficientem
1434 2883 1473 2942 de
1497 2901 1559 2941 non
1577 2882 1672 2941 offen-

391 2994 495 3053 dendo
527 3000 558 3052 et
588 2991 740 3064 nocenda,
771 2990 802 3049 in
834 3008 943 3049 casum
974 2988 1069 3049 etiam
1100 2989 1194 3062 illum,
1230 3010 1292 3067 quo
1328 2991 1386 3050 sub
1415 2989 1545 3049 alicuius
1576 2996 1671 3050 tortu·

390 3101 508 3161 randae
539 3098 682 3159 examine
717 3098 856 3159 revelata
888 3116 952 3156 non
974 3096 1076 3171 fuerit,
1109 3096 1293 3157 dimittenda
1325 3099 1511 3172 decernitur,
1549 3107 1674 3159 etcum

390 3207 563 3267 Catharina
586 3206 694 3267 relicta
716 3204 848 3264 Chelich
870 3204 965 3263 etiam
985 3205 1119 3264 eandem
1136 3222 1226 3264 suam
1243 3206 1427 3283 complicem
1443 3206 1530 3268 fassa
1553 3204 1673 3279 fuisset,

392 3334 463 3375 curn
486 3334 549 3393 qua
573 3313 668 3374 etiam
696 3311 808 3373 eadem
831 3312 863 3370 in
886 3329 1017 3371 causam
1042 3318 1174 3371 attracta
1199 3312 1395 3373 confrontata
1427 3314 1605 3399 extitisset,¹
1621 3333 1673 3392 pe·

391 3431 537 3500 teretque
561 3422 616 3498 [ut]
645 3418 801 3499 peciisset.

500 3527 714 3588 Deliberatum
737 3535 801 3587 est:
826 3526 962 3601 Quando
994 3526 1120 3605 quidem
1137 3534 1351 3604 supraattacta
1376 3528 1516 3588 Barbara
1541 3529 1673 3608 Bogdan

393 3655 449 3695 seu
478 3635 639 3711 Funyaka,
672 3641 703 3693 et
726 3634 757 3693 in
788 3632 883 3711 priori
914 3633 1137 3693 deliberatione
1169 3653 1231 3693 non
1264 3653 1355 3695 secus
1378 3653 1438 3694 nec
1461 3636 1550 3695 aliter
1574 3634 1674 3695 dimit·

392 3742 488 3803 tenda
512 3742 553 3801 ad
576 3742 691 3800 bonam
725 3740 902 3801 cautionem
934 3740 1106 3813 videbatur,
1131 3759 1240 3801 verum
1265 3742 1291 3801 si
1315 3761 1353 3801 ex
1378 3742 1568 3803 torturandis
1591 3744 1674 3803 nulla

394 3856 502 3909 contra
534 3848 668 3908 eandem
700 3848 924 3925 Funyachkam
948 3846 1103 3923 fatebitur,
1140 3856 1171 3907 et
1194 3849 1326 3909 eandem
1356 3849 1559 3926 revelaverit3
1590 3858 1673 3929 post-

393 3976 488 4033 quam
513 3964 618 4014 autem
642 3955 776 4015 eandem
807 3955 936 4015 dixisset
959 3974 1049 4014 suam
1073 3974 1181 4015 veram
1206 3955 1324 4017 sociam
1357 3965 1387 4016 et
1418 3959 1586 4018 multorum
1617 3958 1673 4017 cri·

393 4062 510 4123 minum
544 4062 738 4142 magicorum
768 4081 824 4140 per
855 4062 989 4121 eandem
1016 4070 1268 4140 perpetratorum
1293 4064 1477 4142 complicem
1501 4064 1532 4125 in
1555 4073 1675 4125 tortura

393 4169 605 4247 suprascripta
627 4168 841 4244 Chelichiana,
864 4170 948 4247 quod
972 4176 1004 4227 et
1028 4169 1142 4229 fiscalis
1167 4179 1352 4248 procurator
1377 4191 1433 4249 pro
1458 4172 1674 4233 informatione

393 4277 477 4337 sedis
508 4277 641 4353 inclytae
673 4277 730 4337 sub
763 4278 838 4338 Nro.
869 4276 898 4336 7.
930 4276 1137 4354 produxisset,
1162 4277 1214 4337 ubi
1244 4280 1363 4339 clarum
1399 4288 1519 4341 extaret
1542 4282 1675 4342 eandem

393 4384 566 4445 Barbaram
589 4386 813 4461 Funyachkam
838 4404 908 4445 esse
933 4403 1055 4465 sagam,
1080 4393 1111 4444 et
1134 4404 1205 4445 cum
1230 4386 1325 4447 etiarn
1344 4388 1486 4466 perprius
1501 4388 1675 4449 communis

394 4501 426 4551 et
447 4492 587 4572 vulgaris
612 4491 746 4570 suspicio
771 4500 879 4551 contra
903 4492 1003 4570 ipsam
1027 4492 1067 4551 de
1090 4494 1320 4570 pertractandis
1344 4503 1375 4555 et
1399 4495 1582 4557 exercendis
1607 4514 1673 4556 ma·

395 4598 474 4679 gicis
497 4598 591 4659 rebus
613 4596 733 4671 fuisset,
750 4597 821 4659 ideo
838 4598 933 4658 etiam
957 4599 1069 4658 eadem
1092 4599 1235 4659 Barbara
1259 4600 1416 4661 communi
1440 4611 1513 4662 voto
1538 4602 1675 4663 omnium

394 4706 565 4766 iuratorum
588 4704 791 4766 votizantium
814 4725 870 4785 pro
894 4708 992 4767 hocce
1016 4704 1129 4766 iudicio
1154 4709 1401 4785 constitutorum,
1417 4720 1555 4771 torturae
1579 4710 1673 4770 subii·

394 4813 505 4876 cienda
528 4813 713 4886 decernitur,
737 4833 799 4895 qua
822 4822 949 4891 peracta
975 4814 1067 4873 finale
1091 4832 1162 4873 cum
1187 4815 1254 4875 aliis
1279 4818 1428 4895 percipiet
1452 4819 1610 4878 iudicium.

1071 4922 1131 4981 Per
1154 4924 1288 4983 eundem
1314 4925 1512 4986 substitutum
1537 4947 1576 4985 m.
1600 4947 1629 5006 p.

1029 5030 1043 5061 ψ

965 5072 980 5106 ¹¹
1091 5072 1106 5111 t
