<?xml version="1.0" encoding="UTF-8"?>
<!DOCTYPE html PUBLIC "-//W3C//DTD XHTML 1.0 Transitional//EN"
    "http://www.w3.org/TR/xhtml1/DTD/xhtml1-transitional.dtd">
<html xmlns="http://www.w3.org/1999/xhtml" xml:lang="en" lang="en">
 <head>
  <title>
</title>
<meta http-equiv="Content-Type" content="text/html;charset=utf-8" />
  <meta name='ocr-system' content='tesseract 3.04.00' />
  <meta name='ocr-capabilities' content='ocr_page ocr_carea ocr_par ocr_line ocrx_word'/>
</head>
<body>
  <div class='ocr_page' id='page_1' title='image "./povjesnispomeni00laszgoog_0144.png"; bbox 0 0 3934 5550; ppageno 0'>
   <div class='ocr_carea' id='block_1_1' title="bbox 369 853 932 918">
    <p class='ocr_par' dir='ltr' id='par_1_1' title="bbox 369 853 932 918">
     <span class='ocr_line' id='line_1_1' title="bbox 369 853 932 918; baseline 0.002 -1"><span class='ocrx_word' id='word_1_1' title='bbox 369 858 463 917; x_wconf 87' lang='lat' dir='ltr'>Anno</span> <span class='ocrx_word' id='word_1_2' title='bbox 490 853 583 917; x_wconf 88' lang='grc'><strong>1620.</strong></span> <span class='ocrx_word' id='word_1_3' title='bbox 612 854 660 918; x_wconf 86' lang='grc'>19.</span> <span class='ocrx_word' id='word_1_4' title='bbox 682 856 758 917; x_wconf 91' lang='lat' dir='ltr'>iunii</span> <span class='ocrx_word' id='word_1_5' title='bbox 781 856 932 918; x_wconf 70' lang='lat' dir='ltr'>Viennae„</span> 
     </span>
    </p>
   </div>
   <div class='ocr_carea' id='block_1_2' title="bbox 260 1066 1543 1363">
    <p class='ocr_par' dir='ltr' id='par_1_2' title="bbox 260 1066 1543 1363">
     <span class='ocr_line' id='line_1_2' title="bbox 260 1066 1543 1153; baseline -0.003 -20"><span class='ocrx_word' id='word_1_6' title='bbox 260 1067 508 1133; x_wconf 73' lang='lat' dir='ltr'>Fordinondus</span> <span class='ocrx_word' id='word_1_7' title='bbox 538 1066 582 1133; x_wconf 87' lang='lat' dir='ltr'>II.</span> <span class='ocrx_word' id='word_1_8' title='bbox 613 1066 824 1153; x_wconf 82' lang='lat' dir='ltr'>Hungariao</span> <span class='ocrx_word' id='word_1_9' title='bbox 854 1070 913 1132; x_wconf 80' lang='lat' dir='ltr'>etc.</span> <span class='ocrx_word' id='word_1_10' title='bbox 945 1088 1015 1144; x_wconf 78' lang='lat' dir='ltr'>rex,</span> <span class='ocrx_word' id='word_1_11' title='bbox 1046 1068 1141 1146; x_wconf 76' lang='lat' dir='ltr'>botro,</span> <span class='ocrx_word' id='word_1_12' title='bbox 1163 1066 1332 1145; x_wconf 74' lang='lat' dir='ltr'>cicciano,</span> <span class='ocrx_word' id='word_1_13' title='bbox 1363 1070 1423 1132; x_wconf 82' lang='lat' dir='ltr'>etc.</span> <span class='ocrx_word' id='word_1_14' title='bbox 1455 1088 1543 1131; x_wconf 90' lang='lat' dir='ltr'>com-</span> 
     </span>
     <span class='ocr_line' id='line_1_3' title="bbox 264 1173 1541 1261; baseline -0.004 -19"><span class='ocrx_word' id='word_1_15' title='bbox 264 1178 385 1258; x_wconf 78' lang='lat' dir='ltr'>mittit,</span> <span class='ocrx_word' id='word_1_16' title='bbox 409 1197 452 1241; x_wconf 77' lang='lat' dir='ltr'>no</span> <span class='ocrx_word' id='word_1_17' title='bbox 474 1175 602 1241; x_wconf 74' lang='lat' dir='ltr'>nobitas</span> <span class='ocrx_word' id='word_1_18' title='bbox 625 1174 733 1239; x_wconf 85' lang='lat' dir='ltr'>unius</span> <span class='ocrx_word' id='word_1_19' title='bbox 754 1175 921 1239; x_wconf 74' lang='lat' dir='ltr'><em>sessionis</em></span> <span class='ocrx_word' id='word_1_20' title='bbox 952 1174 1077 1259; x_wconf 71' lang='lat' dir='ltr'>Campi</span> <span class='ocrx_word' id='word_1_21' title='bbox 1099 1173 1355 1261; x_wconf 73' lang='lat' dir='ltr'>Zograbiensis</span> <span class='ocrx_word' id='word_1_22' title='bbox 1369 1174 1541 1239; x_wconf 67' lang='lat' dir='ltr'>exactione</span> 
     </span>
     <span class='ocr_line' id='line_1_4' title="bbox 450 1282 1460 1363; baseline -0.004 -15"><span class='ocrx_word' id='word_1_23' title='bbox 450 1286 623 1363; x_wconf 79' lang='lat' dir='ltr'>taxarum,</span> <span class='ocrx_word' id='word_1_24' title='bbox 646 1282 950 1361; x_wconf 75' lang='lat' dir='ltr'><strong><em>contributionum,</em></strong></span> <span class='ocrx_word' id='word_1_25' title='bbox 973 1282 1134 1346; x_wconf 77' lang='lat' dir='ltr'>diuorum</span> <span class='ocrx_word' id='word_1_26' title='bbox 1156 1284 1216 1345; x_wconf 82' lang='lat' dir='ltr'>etc.</span> <span class='ocrx_word' id='word_1_27' title='bbox 1238 1284 1369 1346; x_wconf 68' lang='lat' dir='ltr'>omont.</span> <span class='ocrx_word' id='word_1_28' title='bbox 1457 1318 1460 1321; x_wconf 90' lang='lat'><strong>·</strong></span> 
     </span>
    </p>
   </div>
   <div class='ocr_carea' id='block_1_3' title="bbox 254 1499 1542 4801">
    <p class='ocr_par' dir='ltr' id='par_1_3' title="bbox 254 1499 1542 4801">
     <span class='ocr_line' id='line_1_5' title="bbox 366 1499 1540 1579; baseline -0.003 -18"><span class='ocrx_word' id='word_1_29' title='bbox 366 1501 583 1561; x_wconf 88' lang='lat' dir='ltr'>Ferdinandus</span> <span class='ocrx_word' id='word_1_30' title='bbox 606 1500 764 1569; x_wconf 84' lang='lat' dir='ltr'>secundus</span> <span class='ocrx_word' id='word_1_31' title='bbox 787 1499 838 1559; x_wconf 91' lang='lat' dir='ltr'>dei</span> <span class='ocrx_word' id='word_1_32' title='bbox 862 1500 966 1579; x_wconf 90' lang='lat' dir='ltr'>gratia</span> <span class='ocrx_word' id='word_1_33' title='bbox 990 1500 1110 1559; x_wconf 86' lang='lat' dir='ltr'>electus</span> <span class='ocrx_word' id='word_1_34' title='bbox 1134 1501 1346 1559; x_wconf 87' lang='lat' dir='ltr'>Romanorum</span> <span class='ocrx_word' id='word_1_35' title='bbox 1369 1499 1540 1577; x_wconf 91' lang='lat' dir='ltr'>imperator</span> 
     </span>
     <span class='ocr_line' id='line_1_6' title="bbox 261 1607 1541 1688; baseline -0.002 -20"><span class='ocrx_word' id='word_1_36' title='bbox 261 1627 387 1687; x_wconf 85' lang='lat' dir='ltr'><em>semper</em></span> <span class='ocrx_word' id='word_1_37' title='bbox 417 1617 580 1688; x_wconf 67' lang='lat' dir='ltr'>augustus</span> <span class='ocrx_word' id='word_1_38' title='bbox 605 1626 642 1667; x_wconf 88' lang='lat' dir='ltr'>ac</span> <span class='ocrx_word' id='word_1_39' title='bbox 677 1607 876 1683; x_wconf 85' lang='lat' dir='ltr'>Germaniae,</span> <span class='ocrx_word' id='word_1_40' title='bbox 912 1607 1105 1688; x_wconf 87' lang='lat' dir='ltr'>Hungariae‚</span> <span class='ocrx_word' id='word_1_41' title='bbox 1139 1608 1320 1679; x_wconf 81' lang='lat' dir='ltr'>Bohemiae,</span> <span class='ocrx_word' id='word_1_42' title='bbox 1355 1607 1541 1683; x_wconf 85' lang='lat' dir='ltr'>Dalmatiae,</span> 
     </span>
     <span class='ocr_line' id='line_1_7' title="bbox 262 1714 1542 1795; baseline -0.002 -20"><span class='ocrx_word' id='word_1_43' title='bbox 262 1714 420 1790; x_wconf 89' lang='lat' dir='ltr'>Croatiae,</span> <span class='ocrx_word' id='word_1_44' title='bbox 456 1714 644 1775; x_wconf 90' lang='lat' dir='ltr'>Sclauoniae</span> <span class='ocrx_word' id='word_1_45' title='bbox 679 1722 737 1775; x_wconf 91' lang='lat' dir='ltr'>etc.</span> <span class='ocrx_word' id='word_1_46' title='bbox 773 1732 836 1788; x_wconf 87' lang='lat' dir='ltr'>rex,</span> <span class='ocrx_word' id='word_1_47' title='bbox 872 1714 1023 1775; x_wconf 88' lang='lat' dir='ltr'>archidux</span> <span class='ocrx_word' id='word_1_48' title='bbox 1056 1714 1210 1787; x_wconf 87' lang='lat' dir='ltr'>Austriae,</span> <span class='ocrx_word' id='word_1_49' title='bbox 1244 1716 1306 1773; x_wconf 81' lang='lat' dir='ltr'>dux</span> <span class='ocrx_word' id='word_1_50' title='bbox 1330 1714 1542 1795; x_wconf 85' lang='lat' dir='ltr'>Burgundiae,</span> 
     </span>
     <span class='ocr_line' id='line_1_8' title="bbox 263 1820 1542 1901; baseline -0.002 -18"><span class='ocrx_word' id='word_1_51' title='bbox 263 1824 397 1900; x_wconf 89' lang='lat' dir='ltr'>Styriae,</span> <span class='ocrx_word' id='word_1_52' title='bbox 421 1820 611 1893; x_wconf 87' lang='lat' dir='ltr'>Carinthiae,</span> <span class='ocrx_word' id='word_1_53' title='bbox 636 1820 812 1895; x_wconf 87' lang='lat' dir='ltr'>Camiolae,</span> <span class='ocrx_word' id='word_1_54' title='bbox 836 1821 975 1881; x_wconf 86' lang='lat' dir='ltr'>marchio</span> <span class='ocrx_word' id='word_1_55' title='bbox 1011 1822 1184 1897; x_wconf 87' lang='lat' dir='ltr'>Morauiae,</span> <span class='ocrx_word' id='word_1_56' title='bbox 1216 1840 1323 1882; x_wconf 88' lang='lat' dir='ltr'>comes</span> <span class='ocrx_word' id='word_1_57' title='bbox 1351 1822 1542 1901; x_wconf 86' lang='lat' dir='ltr'>Habspurgi,</span> 
     </span>
     <span class='ocr_line' id='line_1_9' title="bbox 261 1927 1538 2009; baseline -0.002 -18"><span class='ocrx_word' id='word_1_58' title='bbox 261 1930 386 2009; x_wconf 90' lang='lat' dir='ltr'>Tyrolis</span> <span class='ocrx_word' id='word_1_59' title='bbox 410 1938 442 1989; x_wconf 89' lang='lat' dir='ltr'>et</span> <span class='ocrx_word' id='word_1_60' title='bbox 465 1927 604 1989; x_wconf 90' lang='lat' dir='ltr'>Goritiae</span> <span class='ocrx_word' id='word_1_61' title='bbox 629 1935 687 1990; x_wconf 90' lang='lat' dir='ltr'>etc.</span> <span class='ocrx_word' id='word_1_62' title='bbox 710 1928 854 1989; x_wconf 87' lang='lat' dir='ltr'>fidelibus</span> <span class='ocrx_word' id='word_1_63' title='bbox 877 1929 992 1988; x_wconf 89' lang='lat' dir='ltr'>nostris</span> <span class='ocrx_word' id='word_1_64' title='bbox 1024 1929 1186 2008; x_wconf 86' lang='lat' dir='ltr'>spectabili</span> <span class='ocrx_word' id='word_1_65' title='bbox 1220 1948 1257 1989; x_wconf 92' lang='lat' dir='ltr'>ac</span> <span class='ocrx_word' id='word_1_66' title='bbox 1288 1929 1471 2009; x_wconf 88' lang='lat' dir='ltr'>magnifico·</span> <span class='ocrx_word' id='word_1_67' title='bbox 1488 1948 1538 1989; x_wconf 89' lang='lat' dir='ltr'>co·</span> 
     </span>
     <span class='ocr_line' id='line_1_10' title="bbox 260 2034 1538 2115; baseline -0.002 -17"><span class='ocrx_word' id='word_1_68' title='bbox 260 2039 324 2098; x_wconf 89' lang='lat' dir='ltr'>miti</span> <span class='ocrx_word' id='word_1_69' title='bbox 348 2038 480 2097; x_wconf 90' lang='lat' dir='ltr'>Nicolao</span> <span class='ocrx_word' id='word_1_70' title='bbox 497 2037 537 2095; x_wconf 92' lang='lat' dir='ltr'>de</span> <span class='ocrx_word' id='word_1_71' title='bbox 553 2034 822 2115; x_wconf 86' lang='lat' dir='ltr'>Frangepanibus,</span> <span class='ocrx_word' id='word_1_72' title='bbox 839 2035 943 2095; x_wconf 91' lang='lat' dir='ltr'>comiti</span> <span class='ocrx_word' id='word_1_73' title='bbox 959 2054 978 2094; x_wconf 91' lang='lat' dir='ltr'>a</span> <span class='ocrx_word' id='word_1_74' title='bbox 996 2037 1165 2111; x_wconf 89' lang='lat' dir='ltr'>Thersacz,</span> <span class='ocrx_word' id='word_1_75' title='bbox 1182 2056 1220 2097; x_wconf 88' lang='lat' dir='ltr'>ac</span> <span class='ocrx_word' id='word_1_76' title='bbox 1235 2036 1383 2115; x_wconf 88' lang='lat' dir='ltr'>Segniae,</span> <span class='ocrx_word' id='word_1_77' title='bbox 1395 2036 1538 2115; x_wconf 79' lang='lat' dir='ltr'>Vegliae,</span> 
     </span>
     <span class='ocr_line' id='line_1_11' title="bbox 260 2142 1539 2223; baseline -0.002 -18"><span class='ocrx_word' id='word_1_78' title='bbox 260 2145 514 2223; x_wconf 85' lang='lat' dir='ltr'>Modrusiaeque,</span> <span class='ocrx_word' id='word_1_79' title='bbox 529 2160 698 2223; x_wconf 88' lang='lat' dir='ltr'>regnorum</span> <span class='ocrx_word' id='word_1_80' title='bbox 721 2150 899 2202; x_wconf 89' lang='lat' dir='ltr'>nostrorum</span> <span class='ocrx_word' id='word_1_81' title='bbox 925 2143 1111 2217; x_wconf 85' lang='lat' dir='ltr'>Dalmatiae,</span> <span class='ocrx_word' id='word_1_82' title='bbox 1125 2142 1275 2203; x_wconf 86' lang='lat' dir='ltr'>Croatiae</span> <span class='ocrx_word' id='word_1_83' title='bbox 1288 2144 1539 2221; x_wconf 87' lang='lat' dir='ltr'>Sclauoniaeque</span> 
     </span>
     <span class='ocr_line' id='line_1_12' title="bbox 260 2249 1539 2331; baseline -0.002 -18"><span class='ocrx_word' id='word_1_84' title='bbox 260 2253 352 2328; x_wconf 91' lang='lat' dir='ltr'>bano,</span> <span class='ocrx_word' id='word_1_85' title='bbox 384 2250 574 2312; x_wconf 90' lang='lat' dir='ltr'>cubiculario</span> <span class='ocrx_word' id='word_1_86' title='bbox 609 2257 640 2309; x_wconf 88' lang='lat' dir='ltr'>et</span> <span class='ocrx_word' id='word_1_87' title='bbox 674 2249 850 2309; x_wconf 85' lang='lat' dir='ltr'>consiliario</span> <span class='ocrx_word' id='word_1_88' title='bbox 884 2258 1008 2324; x_wconf 83' lang='lat' dir='ltr'>nostr03</span> <span class='ocrx_word' id='word_1_89' title='bbox 1044 2251 1117 2310; x_wconf 86' lang='lat' dir='ltr'>item</span> <span class='ocrx_word' id='word_1_90' title='bbox 1150 2251 1282 2331; x_wconf 84' lang='lat' dir='ltr'>egregio</span> <span class='ocrx_word' id='word_1_91' title='bbox 1312 2250 1539 2329; x_wconf 85' lang='lat' dir='ltr'>Christophoro</span> 
     </span>
     <span class='ocr_line' id='line_1_13' title="bbox 258 2357 1540 2439; baseline -0.002 -20"><span class='ocrx_word' id='word_1_92' title='bbox 258 2358 473 2420; x_wconf 86' lang='lat' dir='ltr'>Merniauchiz</span> <span class='ocrx_word' id='word_1_93' title='bbox 497 2358 537 2417; x_wconf 89' lang='lat' dir='ltr'>de</span> <span class='ocrx_word' id='word_1_94' title='bbox 561 2357 761 2432; x_wconf 89' lang='lat' dir='ltr'>Brezouicza,</span> <span class='ocrx_word' id='word_1_95' title='bbox 791 2357 958 2431; x_wconf 86' lang='lat' dir='ltr'>viceban0,</span> <span class='ocrx_word' id='word_1_96' title='bbox 976 2366 1010 2417; x_wconf 89' lang='lat' dir='ltr'>et</span> <span class='ocrx_word' id='word_1_97' title='bbox 1032 2358 1236 2418; x_wconf 87' lang='lat' dir='ltr'>comitatuum</span> <span class='ocrx_word' id='word_1_98' title='bbox 1259 2358 1483 2439; x_wconf 86' lang='lat' dir='ltr'>Zagrabiensis</span> <span class='ocrx_word' id='word_1_99' title='bbox 1509 2368 1540 2417; x_wconf 93' lang='lat' dir='ltr'>et</span> 
     </span>
     <span class='ocr_line' id='line_1_14' title="bbox 259 2463 1537 2541; baseline -0.002 -14"><span class='ocrx_word' id='word_1_100' title='bbox 259 2466 428 2528; x_wconf 87' lang='lat' dir='ltr'>Crisiensis</span> <span class='ocrx_word' id='word_1_101' title='bbox 452 2464 565 2541; x_wconf 89' lang='lat' dir='ltr'>comiti,</span> <span class='ocrx_word' id='word_1_102' title='bbox 589 2483 711 2539; x_wconf 78' lang='lat' dir='ltr'>necnon</span> <span class='ocrx_word' id='word_1_103' title='bbox 742 2463 895 2523; x_wconf 90' lang='lat' dir='ltr'>iudicibus</span> <span class='ocrx_word' id='word_1_104' title='bbox 930 2464 1079 2524; x_wconf 90' lang='lat' dir='ltr'>nobilium</span> <span class='ocrx_word' id='word_1_105' title='bbox 1114 2475 1145 2524; x_wconf 91' lang='lat' dir='ltr'>et</span> <span class='ocrx_word' id='word_1_106' title='bbox 1181 2465 1289 2525; x_wconf 85' lang='lat' dir='ltr'>iuratis</span> <span class='ocrx_word' id='word_1_107' title='bbox 1325 2465 1537 2525; x_wconf 87' lang='lat' dir='ltr'>assessoribus</span> 
     </span>
     <span class='ocr_line' id='line_1_15' title="bbox 259 2570 1538 2653; baseline 0 -20"><span class='ocrx_word' id='word_1_108' title='bbox 259 2572 412 2635; x_wconf 85' lang='lat' dir='ltr'>dictorum</span> <span class='ocrx_word' id='word_1_109' title='bbox 435 2570 658 2653; x_wconf 88' lang='lat' dir='ltr'>Zagrabiensis</span> <span class='ocrx_word' id='word_1_110' title='bbox 682 2579 714 2631; x_wconf 92' lang='lat' dir='ltr'>et</span> <span class='ocrx_word' id='word_1_111' title='bbox 737 2570 904 2631; x_wconf 90' lang='lat' dir='ltr'>Crisiensis</span> <span class='ocrx_word' id='word_1_112' title='bbox 928 2572 1148 2645; x_wconf 68' lang='lat' dir='ltr'>comitatuum</span> <span class='ocrx_word' id='word_1_113' title='bbox 1181 2573 1255 2631; x_wconf 90' lang='lat' dir='ltr'>item</span> <span class='ocrx_word' id='word_1_114' title='bbox 1285 2572 1475 2633; x_wconf 88' lang='lat' dir='ltr'>dicatoribus</span> <span class='ocrx_word' id='word_1_115' title='bbox 1506 2582 1538 2635; x_wconf 91' lang='lat' dir='ltr'>et</span> 
     </span>
     <span class='ocr_line' id='line_1_16' title="bbox 259 2679 1536 2761; baseline -0.001 -20"><span class='ocrx_word' id='word_1_116' title='bbox 259 2699 517 2761; x_wconf 87' lang='lat' dir='ltr'>quarumcunque</span> <span class='ocrx_word' id='word_1_117' title='bbox 556 2688 700 2738; x_wconf 86' lang='lat' dir='ltr'>taxarum</span> <span class='ocrx_word' id='word_1_118' title='bbox 731 2697 788 2738; x_wconf 90' lang='lat' dir='ltr'>seu</span> <span class='ocrx_word' id='word_1_119' title='bbox 823 2679 1084 2739; x_wconf 86' lang='lat' dir='ltr'>contributionum</span> <span class='ocrx_word' id='word_1_120' title='bbox 1117 2698 1373 2759; x_wconf 88' lang='lat' dir='ltr'>quarumcunque</span> <span class='ocrx_word' id='word_1_121' title='bbox 1412 2688 1536 2740; x_wconf 85' lang='lat' dir='ltr'>exacto·</span> 
     </span>
     <span class='ocr_line' id='line_1_17' title="bbox 260 2785 1538 2868; baseline 0 -19"><span class='ocrx_word' id='word_1_122' title='bbox 260 2789 354 2862; x_wconf 89' lang='lat' dir='ltr'>ribus,</span> <span class='ocrx_word' id='word_1_123' title='bbox 386 2787 581 2866; x_wconf 86' lang='lat' dir='ltr'>caeterisque</span> <span class='ocrx_word' id='word_1_124' title='bbox 612 2785 797 2846; x_wconf 75' lang='lat' dir='ltr'>officialibus</span> <span class='ocrx_word' id='word_1_125' title='bbox 818 2787 848 2846; x_wconf 86' lang='lat' dir='ltr'>in</span> <span class='ocrx_word' id='word_1_126' title='bbox 874 2805 973 2867; x_wconf 88' lang='lat' dir='ltr'>regno</span> <span class='ocrx_word' id='word_1_127' title='bbox 1005 2796 1112 2848; x_wconf 90' lang='lat' dir='ltr'>nostro</span> <span class='ocrx_word' id='word_1_128' title='bbox 1142 2789 1333 2849; x_wconf 87' lang='lat' dir='ltr'>Sclauoniae</span> <span class='ocrx_word' id='word_1_129' title='bbox 1352 2807 1538 2868; x_wconf 89' lang='lat' dir='ltr'>quocunque</span> 
     </span>
     <span class='ocr_line' id='line_1_18' title="bbox 259 2895 1537 2976; baseline -0.002 -18"><span class='ocrx_word' id='word_1_130' title='bbox 259 2898 383 2976; x_wconf 90' lang='lat' dir='ltr'>publico</span> <span class='ocrx_word' id='word_1_131' title='bbox 423 2914 552 2955; x_wconf 89' lang='lat' dir='ltr'>munere</span> <span class='ocrx_word' id='word_1_132' title='bbox 586 2895 801 2975; x_wconf 85' lang='lat' dir='ltr'>fungentibus,</span> <span class='ocrx_word' id='word_1_133' title='bbox 838 2896 1055 2973; x_wconf 89' lang='lat' dir='ltr'>praesentibus</span> <span class='ocrx_word' id='word_1_134' title='bbox 1099 2906 1130 2956; x_wconf 91' lang='lat' dir='ltr'>et</span> <span class='ocrx_word' id='word_1_135' title='bbox 1169 2896 1287 2968; x_wconf 83' lang='lat' dir='ltr'>suturis,</span> <span class='ocrx_word' id='word_1_136' title='bbox 1325 2897 1537 2975; x_wconf 89' lang='lat' dir='ltr'>praesentium</span> 
     </span>
     <span class='ocr_line' id='line_1_19' title="bbox 261 2991 1538 3082; baseline -0.002 -17"><span class='ocrx_word' id='word_1_137' title='bbox 261 3005 402 3065; x_wconf 85' lang='lat' dir='ltr'>notitiam</span> <span class='ocrx_word' id='word_1_138' title='bbox 438 3001 598 3076; x_wconf 88' lang='lat' dir='ltr'>habituris,</span> <span class='ocrx_word' id='word_1_139' title='bbox 623 2991 771 3061; x_wconf 62' lang='lat' dir='ltr'>&#39;salutem</span> <span class='ocrx_word' id='word_1_140' title='bbox 810 3012 842 3061; x_wconf 90' lang='lat' dir='ltr'>et</span> <span class='ocrx_word' id='word_1_141' title='bbox 883 3003 1027 3082; x_wconf 88' lang='lat' dir='ltr'>gratiam.</span> <span class='ocrx_word' id='word_1_142' title='bbox 1072 3003 1256 3081; x_wconf 88' lang='lat' dir='ltr'>Expositum</span> <span class='ocrx_word' id='word_1_143' title='bbox 1296 3013 1345 3063; x_wconf 90' lang='lat' dir='ltr'>est</span> <span class='ocrx_word' id='word_1_144' title='bbox 1381 3003 1538 3063; x_wconf 86' lang='lat' dir='ltr'>maiestati</span> 
     </span>
     <span class='ocr_line' id='line_1_20' title="bbox 259 3110 1538 3188; baseline -0.002 -15"><span class='ocrx_word' id='word_1_145' title='bbox 259 3120 385 3173; x_wconf 88' lang='lat' dir='ltr'>nostrae</span> <span class='ocrx_word' id='word_1_146' title='bbox 417 3111 593 3170; x_wconf 88' lang='lat' dir='ltr'>nominibus</span> <span class='ocrx_word' id='word_1_147' title='bbox 628 3119 658 3168; x_wconf 90' lang='lat' dir='ltr'>et</span> <span class='ocrx_word' id='word_1_148' title='bbox 693 3110 724 3168; x_wconf 89' lang='lat' dir='ltr'>in</span> <span class='ocrx_word' id='word_1_149' title='bbox 759 3111 901 3188; x_wconf 89' lang='lat' dir='ltr'>personis</span> <span class='ocrx_word' id='word_1_150' title='bbox 941 3111 1078 3170; x_wconf 87' lang='lat' dir='ltr'>fidelium</span> <span class='ocrx_word' id='word_1_151' title='bbox 1110 3120 1285 3172; x_wconf 87' lang='lat' dir='ltr'>nostrorum</span> <span class='ocrx_word' id='word_1_152' title='bbox 1322 3113 1538 3172; x_wconf 89' lang='lat' dir='ltr'>universorum</span> 
     </span>
     <span class='ocr_line' id='line_1_21' title="bbox 260 3215 1537 3298; baseline -0.001 -19"><span class='ocrx_word' id='word_1_153' title='bbox 260 3218 350 3279; x_wconf 90' lang='lat' dir='ltr'>unius</span> <span class='ocrx_word' id='word_1_154' title='bbox 382 3216 531 3277; x_wconf 86' lang='lat' dir='ltr'><em>sessionis</em></span> <span class='ocrx_word' id='word_1_155' title='bbox 563 3217 711 3276; x_wconf 88' lang='lat' dir='ltr'>nobilium</span> <span class='ocrx_word' id='word_1_156' title='bbox 735 3215 849 3294; x_wconf 90' lang='lat' dir='ltr'>Campi</span> <span class='ocrx_word' id='word_1_157' title='bbox 880 3219 1101 3298; x_wconf 84' lang='lat' dir='ltr'>Zagrabiensis</span> <span class='ocrx_word' id='word_1_158' title='bbox 1133 3219 1303 3298; x_wconf 89' lang='lat' dir='ltr'>Turopolia</span> <span class='ocrx_word' id='word_1_159' title='bbox 1333 3220 1415 3295; x_wconf 89' lang='lat' dir='ltr'>dicti,</span> <span class='ocrx_word' id='word_1_160' title='bbox 1443 3218 1537 3297; x_wconf 89' lang='lat' dir='ltr'>inque</span> 
     </span>
     <span class='ocr_line' id='line_1_22' title="bbox 258 3323 1535 3407; baseline 0.002 -22"><span class='ocrx_word' id='word_1_161' title='bbox 258 3326 400 3405; x_wconf 85' lang='lat' dir='ltr'>praelato</span> <span class='ocrx_word' id='word_1_162' title='bbox 440 3343 539 3404; x_wconf 86' lang='lat' dir='ltr'>regno</span> <span class='ocrx_word' id='word_1_163' title='bbox 578 3333 685 3383; x_wconf 91' lang='lat' dir='ltr'>nostro</span> <span class='ocrx_word' id='word_1_164' title='bbox 722 3323 908 3384; x_wconf 87' lang='lat' dir='ltr'>Sclauoniae</span> <span class='ocrx_word' id='word_1_165' title='bbox 946 3325 1138 3405; x_wconf 88' lang='lat' dir='ltr'>degentium,</span> <span class='ocrx_word' id='word_1_166' title='bbox 1171 3327 1255 3405; x_wconf 89' lang='lat' dir='ltr'>quod</span> <span class='ocrx_word' id='word_1_167' title='bbox 1294 3327 1437 3406; x_wconf 90' lang='lat' dir='ltr'>quamvis</span> <span class='ocrx_word' id='word_1_168' title='bbox 1478 3327 1535 3407; x_wconf 88' lang='lat' dir='ltr'>ipsi</span> 
     </span>
     <span class='ocr_line' id='line_1_23' title="bbox 261 3427 1536 3515; baseline 0.002 -23"><span class='ocrx_word' id='word_1_169' title='bbox 261 3433 389 3512; x_wconf 89' lang='lat' dir='ltr'>antiqua</span> <span class='ocrx_word' id='word_1_170' title='bbox 428 3427 595 3491; x_wconf 79' lang='lat' dir='ltr'>libertatis</span> <span class='ocrx_word' id='word_1_171' title='bbox 619 3449 727 3489; x_wconf 88' lang='lat' dir='ltr'>eorum</span> <span class='ocrx_word' id='word_1_172' title='bbox 768 3432 989 3511; x_wconf 89' lang='lat' dir='ltr'>praerogativa</span> <span class='ocrx_word' id='word_1_173' title='bbox 1029 3452 1047 3492; x_wconf 92' lang='lat' dir='ltr'>a</span> <span class='ocrx_word' id='word_1_174' title='bbox 1086 3433 1167 3492; x_wconf 88' lang='lat' dir='ltr'>divis</span> <span class='ocrx_word' id='word_1_175' title='bbox 1201 3434 1359 3512; x_wconf 86' lang='lat' dir='ltr'>quondam</span> <span class='ocrx_word' id='word_1_176' title='bbox 1402 3435 1536 3515; x_wconf 89' lang='lat' dir='ltr'>Hunga-</span> 
     </span>
     <span class='ocr_line' id='line_1_24' title="bbox 258 3537 1536 3619; baseline 0.001 -20"><span class='ocrx_word' id='word_1_177' title='bbox 258 3540 304 3600; x_wconf 89' lang='lat' dir='ltr'>ria</span> <span class='ocrx_word' id='word_1_178' title='bbox 340 3539 487 3619; x_wconf 76' lang='lat' dir='ltr'>regibus,</span> <span class='ocrx_word' id='word_1_179' title='bbox 515 3537 629 3597; x_wconf 89' lang='lat' dir='ltr'>nostris</span> <span class='ocrx_word' id='word_1_180' title='bbox 670 3545 777 3615; x_wconf 88' lang='lat' dir='ltr'>utpote</span> <span class='ocrx_word' id='word_1_181' title='bbox 816 3539 1111 3615; x_wconf 81' lang='lat' dir='ltr'>praedecessoribus</span> <span class='ocrx_word' id='word_1_182' title='bbox 1149 3540 1248 3599; x_wconf 84' lang='lat' dir='ltr'>felicis</span> <span class='ocrx_word' id='word_1_183' title='bbox 1287 3541 1536 3600; x_wconf 85' lang='lat' dir='ltr'>reminiscentiae</span> 
     </span>
     <span class='ocr_line' id='line_1_25' title="bbox 260 3646 1535 3728; baseline -0.001 -20"><span class='ocrx_word' id='word_1_184' title='bbox 260 3647 336 3726; x_wconf 88' lang='lat' dir='ltr'>ipsis</span> <span class='ocrx_word' id='word_1_185' title='bbox 368 3665 528 3714; x_wconf 86' lang='lat' dir='ltr'>concessa,</span> <span class='ocrx_word' id='word_1_186' title='bbox 560 3665 598 3704; x_wconf 90' lang='lat' dir='ltr'>ac</span> <span class='ocrx_word' id='word_1_187' title='bbox 622 3664 677 3722; x_wconf 93' lang='lat' dir='ltr'>per</span> <span class='ocrx_word' id='word_1_188' title='bbox 700 3646 897 3706; x_wconf 86' lang='lat' dir='ltr'>maiestatem</span> <span class='ocrx_word' id='word_1_189' title='bbox 928 3666 1052 3726; x_wconf 89' lang='lat' dir='ltr'>quoque</span> <span class='ocrx_word' id='word_1_190' title='bbox 1084 3657 1223 3708; x_wconf 91' lang='lat' dir='ltr'>nostram</span> <span class='ocrx_word' id='word_1_191' title='bbox 1255 3649 1393 3728; x_wconf 84' lang='lat' dir='ltr'>gratiose</span> <span class='ocrx_word' id='word_1_192' title='bbox 1424 3651 1535 3709; x_wconf 84' lang='lat' dir='ltr'>confrr-</span> 
     </span>
     <span class='ocr_line' id='line_1_26' title="bbox 260 3753 1536 3834; baseline 0.002 -20"><span class='ocrx_word' id='word_1_193' title='bbox 260 3764 345 3816; x_wconf 88' lang='lat' dir='ltr'>mata</span> <span class='ocrx_word' id='word_1_194' title='bbox 378 3755 422 3814; x_wconf 89' lang='lat' dir='ltr'>ita</span> <span class='ocrx_word' id='word_1_195' title='bbox 455 3753 641 3832; x_wconf 84' lang='lat' dir='ltr'>requirente,</span> <span class='ocrx_word' id='word_1_196' title='bbox 674 3753 748 3832; x_wconf 90' lang='lat' dir='ltr'>quin</span> <span class='ocrx_word' id='word_1_197' title='bbox 780 3753 873 3812; x_wconf 88' lang='lat' dir='ltr'>etiam</span> <span class='ocrx_word' id='word_1_198' title='bbox 908 3755 948 3814; x_wconf 92' lang='lat' dir='ltr'>ad</span> <span class='ocrx_word' id='word_1_199' title='bbox 981 3755 1040 3814; x_wconf 90' lang='lat' dir='ltr'>hoc</span> <span class='ocrx_word' id='word_1_200' title='bbox 1071 3756 1288 3815; x_wconf 89' lang='lat' dir='ltr'>universorum</span> <span class='ocrx_word' id='word_1_201' title='bbox 1320 3757 1408 3815; x_wconf 87' lang='lat' dir='ltr'>istius</span> <span class='ocrx_word' id='word_1_202' title='bbox 1447 3758 1536 3834; x_wconf 86' lang='lat' dir='ltr'>regni</span> 
     </span>
     <span class='ocr_line' id='line_1_27' title="bbox 260 3861 1535 3944; baseline 0.002 -22"><span class='ocrx_word' id='word_1_203' title='bbox 260 3861 357 3923; x_wconf 85' lang='lat' dir='ltr'>nostri</span> <span class='ocrx_word' id='word_1_204' title='bbox 394 3861 581 3922; x_wconf 90' lang='lat' dir='ltr'>Sclauoniae</span> <span class='ocrx_word' id='word_1_205' title='bbox 616 3869 752 3919; x_wconf 89' lang='lat' dir='ltr'>statuum</span> <span class='ocrx_word' id='word_1_206' title='bbox 788 3869 819 3920; x_wconf 89' lang='lat' dir='ltr'>et</span> <span class='ocrx_word' id='word_1_207' title='bbox 853 3861 996 3920; x_wconf 88' lang='lat' dir='ltr'>ordinum</span> <span class='ocrx_word' id='word_1_208' title='bbox 1035 3863 1152 3923; x_wconf 89' lang='lat' dir='ltr'>indulto</span> <span class='ocrx_word' id='word_1_209' title='bbox 1192 3871 1224 3923; x_wconf 91' lang='lat' dir='ltr'>et</span> <span class='ocrx_word' id='word_1_210' title='bbox 1257 3864 1408 3944; x_wconf 86' lang='lat' dir='ltr'>suffragio</span> <span class='ocrx_word' id='word_1_211' title='bbox 1447 3883 1535 3924; x_wconf 88' lang='lat' dir='ltr'>acce·</span> 
     </span>
     <span class='ocr_line' id='line_1_28' title="bbox 258 3968 1535 4048; baseline 0.002 -18"><span class='ocrx_word' id='word_1_212' title='bbox 258 3973 361 4045; x_wconf 88' lang='lat' dir='ltr'>dente,</span> <span class='ocrx_word' id='word_1_213' title='bbox 385 3989 404 4030; x_wconf 87' lang='lat' dir='ltr'>a</span> <span class='ocrx_word' id='word_1_214' title='bbox 428 3968 635 4048; x_wconf 90' lang='lat' dir='ltr'>quarumlibet</span> <span class='ocrx_word' id='word_1_215' title='bbox 657 3975 800 4028; x_wconf 86' lang='lat' dir='ltr'>taxarum</span> <span class='ocrx_word' id='word_1_216' title='bbox 835 3977 865 4028; x_wconf 90' lang='lat' dir='ltr'>et</span> <span class='ocrx_word' id='word_1_217' title='bbox 900 3970 1169 4047; x_wconf 83' lang='lat' dir='ltr'>contributionum,</span> <span class='ocrx_word' id='word_1_218' title='bbox 1193 3982 1257 4031; x_wconf 90' lang='lat' dir='ltr'>tam</span> <span class='ocrx_word' id='word_1_219' title='bbox 1280 3982 1456 4032; x_wconf 90' lang='lat' dir='ltr'>nostrarum</span> <span class='ocrx_word' id='word_1_220' title='bbox 1488 3992 1535 4032; x_wconf 90' lang='lat' dir='ltr'>re-</span> 
     </span>
     <span class='ocr_line' id='line_1_29' title="bbox 258 4075 1536 4159; baseline 0.002 -22"><span class='ocrx_word' id='word_1_221' title='bbox 258 4078 386 4159; x_wconf 85' lang='lat' dir='ltr'>galium,</span> <span class='ocrx_word' id='word_1_222' title='bbox 409 4095 504 4154; x_wconf 89' lang='lat' dir='ltr'>quam</span> <span class='ocrx_word' id='word_1_223' title='bbox 528 4075 621 4135; x_wconf 91' lang='lat' dir='ltr'>etiam</span> <span class='ocrx_word' id='word_1_224' title='bbox 645 4075 677 4134; x_wconf 90' lang='lat' dir='ltr'>in</span> <span class='ocrx_word' id='word_1_225' title='bbox 707 4075 844 4134; x_wconf 89' lang='lat' dir='ltr'>medium</span> <span class='ocrx_word' id='word_1_226' title='bbox 875 4076 1040 4148; x_wconf 88' lang='lat' dir='ltr'>comitatus</span> <span class='ocrx_word' id='word_1_227' title='bbox 1064 4079 1358 4139; x_wconf 88' lang='lat' dir='ltr'>contribuendorum</span> <span class='ocrx_word' id='word_1_228' title='bbox 1381 4079 1536 4140; x_wconf 89' lang='lat' dir='ltr'>datiorum</span> 
     </span>
     <span class='ocr_line' id='line_1_30' title="bbox 259 4183 1536 4266; baseline 0.002 -21"><span class='ocrx_word' id='word_1_229' title='bbox 259 4185 413 4246; x_wconf 89' lang='lat' dir='ltr'>solutione</span> <span class='ocrx_word' id='word_1_230' title='bbox 437 4192 491 4244; x_wconf 90' lang='lat' dir='ltr'>aut</span> <span class='ocrx_word' id='word_1_231' title='bbox 522 4183 664 4244; x_wconf 87' lang='lat' dir='ltr'>laborum</span> <span class='ocrx_word' id='word_1_232' title='bbox 695 4184 887 4262; x_wconf 43' lang='lat' dir='ltr'>quorumvis,</span> <span class='ocrx_word' id='word_1_233' title='bbox 910 4187 1122 4264; x_wconf 86' lang='lat' dir='ltr'>praestatione</span> <span class='ocrx_word' id='word_1_234' title='bbox 1155 4197 1306 4265; x_wconf 90' lang='lat' dir='ltr'>perpetuo</span> <span class='ocrx_word' id='word_1_235' title='bbox 1341 4189 1476 4266; x_wconf 85' lang='lat' dir='ltr'>exempti</span> <span class='ocrx_word' id='word_1_236' title='bbox 1505 4197 1536 4248; x_wconf 89' lang='lat' dir='ltr'>et</span> 
     </span>
     <span class='ocr_line' id='line_1_31' title="bbox 259 4291 1535 4373; baseline 0.002 -21"><span class='ocrx_word' id='word_1_237' title='bbox 259 4292 433 4372; x_wconf 89' lang='lat' dir='ltr'>supportati</span> <span class='ocrx_word' id='word_1_238' title='bbox 465 4309 535 4350; x_wconf 89' lang='lat' dir='ltr'>esse</span> <span class='ocrx_word' id='word_1_239' title='bbox 570 4291 838 4370; x_wconf 85' lang='lat' dir='ltr'>dignoscerentur,</span> <span class='ocrx_word' id='word_1_240' title='bbox 871 4300 964 4370; x_wconf 89' lang='lat' dir='ltr'>atque</span> <span class='ocrx_word' id='word_1_241' title='bbox 996 4292 1028 4352; x_wconf 91' lang='lat' dir='ltr'>in</span> <span class='ocrx_word' id='word_1_242' title='bbox 1059 4293 1234 4354; x_wconf 90' lang='lat' dir='ltr'>huiusmodi</span> <span class='ocrx_word' id='word_1_243' title='bbox 1265 4295 1416 4355; x_wconf 86' lang='lat' dir='ltr'>libertatis</span> <span class='ocrx_word' id='word_1_244' title='bbox 1446 4313 1535 4373; x_wconf 85' lang='lat' dir='ltr'>prae·</span> 
     </span>
     <span class='ocr_line' id='line_1_32' title="bbox 258 4397 1535 4480; baseline 0.001 -20"><span class='ocrx_word' id='word_1_245' title='bbox 258 4398 403 4480; x_wconf 88' lang='lat' dir='ltr'>rogativa</span> <span class='ocrx_word' id='word_1_246' title='bbox 434 4397 580 4458; x_wconf 88' lang='lat' dir='ltr'>continuo</span> <span class='ocrx_word' id='word_1_247' title='bbox 611 4417 669 4457; x_wconf 90' lang='lat' dir='ltr'>usu</span> <span class='ocrx_word' id='word_1_248' title='bbox 694 4397 853 4477; x_wconf 90' lang='lat' dir='ltr'>hucusque</span> <span class='ocrx_word' id='word_1_249' title='bbox 877 4399 1093 4477; x_wconf 68' lang='lat' dir='ltr'>perstitissent</span> <span class='ocrx_word' id='word_1_250' title='bbox 1117 4409 1148 4459; x_wconf 91' lang='lat' dir='ltr'>et</span> <span class='ocrx_word' id='word_1_251' title='bbox 1183 4401 1276 4459; x_wconf 91' lang='lat' dir='ltr'>etiam</span> <span class='ocrx_word' id='word_1_252' title='bbox 1307 4400 1347 4460; x_wconf 90' lang='lat' dir='ltr'>de</span> <span class='ocrx_word' id='word_1_253' title='bbox 1378 4403 1535 4479; x_wconf 89' lang='lat' dir='ltr'>praesenti</span> 
     </span>
     <span class='ocr_line' id='line_1_33' title="bbox 257 4505 1533 4588; baseline 0.002 -22"><span class='ocrx_word' id='word_1_254' title='bbox 257 4513 442 4585; x_wconf 87' lang='lat' dir='ltr'>perstarent,</span> <span class='ocrx_word' id='word_1_255' title='bbox 466 4513 648 4565; x_wconf 88' lang='lat' dir='ltr'>vererentur</span> <span class='ocrx_word' id='word_1_256' title='bbox 683 4516 788 4565; x_wconf 88' lang='lat' dir='ltr'>tamen</span> <span class='ocrx_word' id='word_1_257' title='bbox 823 4505 916 4565; x_wconf 91' lang='lat' dir='ltr'>iidem</span> <span class='ocrx_word' id='word_1_258' title='bbox 952 4506 983 4566; x_wconf 94' lang='lat' dir='ltr'>in</span> <span class='ocrx_word' id='word_1_259' title='bbox 1018 4526 1166 4566; x_wconf 90' lang='lat' dir='ltr'>successu</span> <span class='ocrx_word' id='word_1_260' title='bbox 1200 4508 1349 4586; x_wconf 85' lang='lat' dir='ltr'>temporis</span> <span class='ocrx_word' id='word_1_261' title='bbox 1380 4509 1473 4588; x_wconf 88' lang='lat' dir='ltr'>aliqui</span> <span class='ocrx_word' id='word_1_262' title='bbox 1496 4530 1533 4568; x_wconf 86' lang='lat' dir='ltr'>ex</span> 
     </span>
     <span class='ocr_line' id='line_1_34' title="bbox 258 4612 1534 4694; baseline 0.002 -21"><span class='ocrx_word' id='word_1_263' title='bbox 258 4613 346 4674; x_wconf 90' lang='lat' dir='ltr'>vobis</span> <span class='ocrx_word' id='word_1_264' title='bbox 374 4620 482 4672; x_wconf 90' lang='lat' dir='ltr'>contra</span> <span class='ocrx_word' id='word_1_265' title='bbox 503 4612 637 4672; x_wconf 81' lang='lat' dir='ltr'>tonnam</span> <span class='ocrx_word' id='word_1_266' title='bbox 661 4621 691 4672; x_wconf 91' lang='lat' dir='ltr'>et</span> <span class='ocrx_word' id='word_1_267' title='bbox 716 4613 777 4672; x_wconf 85' lang='lat' dir='ltr'>vim</span> <span class='ocrx_word' id='word_1_268' title='bbox 804 4613 940 4690; x_wconf 88' lang='lat' dir='ltr'>ipsorum</span> <span class='ocrx_word' id='word_1_269' title='bbox 965 4614 1197 4694; x_wconf 89' lang='lat' dir='ltr'>privilegiorum</span> <span class='ocrx_word' id='word_1_270' title='bbox 1230 4615 1270 4674; x_wconf 93' lang='lat' dir='ltr'>ad</span> <span class='ocrx_word' id='word_1_271' title='bbox 1302 4616 1430 4693; x_wconf 91' lang='lat' dir='ltr'>quasvis</span> <span class='ocrx_word' id='word_1_272' title='bbox 1462 4637 1534 4676; x_wconf 89' lang='lat' dir='ltr'>con-</span> 
     </span>
     <span class='ocr_line' id='line_1_35' title="bbox 254 4707 1534 4801; baseline 0.003 -21"><span class='ocrx_word' id='word_1_273' title='bbox 254 4707 439 4780; x_wconf 79' lang='lat' dir='ltr'>tributiones</span> <span class='ocrx_word' id='word_1_274' title='bbox 475 4726 529 4779; x_wconf 90' lang='lat' dir='ltr'>aut</span> <span class='ocrx_word' id='word_1_275' title='bbox 563 4707 662 4779; x_wconf 83' lang='lat' dir='ltr'>novas</span> <span class='ocrx_word' id='word_1_276' title='bbox 696 4719 910 4798; x_wconf 89' lang='lat' dir='ltr'>impositiones</span> <span class='ocrx_word' id='word_1_277' title='bbox 940 4722 990 4780; x_wconf 88' lang='lat' dir='ltr'>vel</span> <span class='ocrx_word' id='word_1_278' title='bbox 1020 4721 1143 4781; x_wconf 90' lang='lat' dir='ltr'>labores</span> <span class='ocrx_word' id='word_1_279' title='bbox 1176 4722 1296 4801; x_wconf 92' lang='lat' dir='ltr'>aliquos</span> <span class='ocrx_word' id='word_1_280' title='bbox 1320 4725 1534 4800; x_wconf 89' lang='lat' dir='ltr'>praestandos,</span> 
     </span>
    </p>
   </div>
   <div class='ocr_carea' id='block_1_4' title="bbox 256 4827 1534 5019">
    <p class='ocr_par' dir='ltr' id='par_1_4' title="bbox 256 4827 1534 5019">
     <span class='ocr_line' id='line_1_36' title="bbox 258 4827 1534 4907; baseline 0.002 -19"><span class='ocrx_word' id='word_1_281' title='bbox 258 4837 311 4888; x_wconf 88' lang='lat' dir='ltr'>aut</span> <span class='ocrx_word' id='word_1_282' title='bbox 335 4827 439 4904; x_wconf 89' lang='lat' dir='ltr'>aliqua</span> <span class='ocrx_word' id='word_1_283' title='bbox 462 4846 558 4886; x_wconf 90' lang='lat' dir='ltr'>onera</span> <span class='ocrx_word' id='word_1_284' title='bbox 583 4829 746 4887; x_wconf 90' lang='lat' dir='ltr'>subeunda</span> <span class='ocrx_word' id='word_1_285' title='bbox 770 4838 921 4907; x_wconf 87' lang='lat' dir='ltr'>cogerent</span> <span class='ocrx_word' id='word_1_286' title='bbox 944 4839 976 4888; x_wconf 89' lang='lat' dir='ltr'>et</span> <span class='ocrx_word' id='word_1_287' title='bbox 1007 4831 1228 4906; x_wconf 87' lang='lat' dir='ltr'>compellerent</span> <span class='ocrx_word' id='word_1_288' title='bbox 1252 4831 1388 4890; x_wconf 88' lang='lat' dir='ltr'>maximo</span> <span class='ocrx_word' id='word_1_289' title='bbox 1419 4833 1534 4891; x_wconf 91' lang='lat' dir='ltr'>damno</span> 
     </span>
     <span class='ocr_line' id='line_1_37' title="bbox 256 4917 1533 5019; baseline 0.002 -22"><span class='ocrx_word' id='word_1_290' title='bbox 256 4945 288 4998; x_wconf 86' lang='lat' dir='ltr'>et</span> <span class='ocrx_word' id='word_1_291' title='bbox 310 4935 501 5015; x_wconf 88' lang='lat' dir='ltr'>praeiudicio</span> <span class='ocrx_word' id='word_1_292' title='bbox 524 4936 662 5014; x_wconf 88' lang='lat' dir='ltr'>ipsorum</span> <span class='ocrx_word' id='word_1_293' title='bbox 685 4936 859 4996; x_wconf 78' lang='lat' dir='ltr'>manifesto¹</span> <span class='ocrx_word' id='word_1_294' title='bbox 884 4936 1101 5016; x_wconf 86' lang='lat' dir='ltr'>Supplicatum</span> <span class='ocrx_word' id='word_1_295' title='bbox 1125 4917 1230 5019; x_wconf 79' lang='lat' dir='ltr'>itaque</span> <span class='ocrx_word' id='word_1_296' title='bbox 1255 4941 1353 5000; x_wconf 85' lang='lat' dir='ltr'>extitit</span> <span class='ocrx_word' id='word_1_297' title='bbox 1376 4940 1533 5000; x_wconf 88' lang='lat' dir='ltr'>maiestati</span> 
     </span>
    </p>
   </div>
   <div class='ocr_carea' id='block_1_5' title="bbox 0 0 1972 5550">
    <p class='ocr_par' dir='ltr' id='par_1_5' title="bbox 0 0 1972 5550">
     <span class='ocr_line' id='line_1_38' title="bbox 0 0 1972 5550; baseline 0 2"><span class='ocrx_word' id='word_1_298' title='bbox 0 0 1972 5550; x_wconf 95' lang='lat' dir='ltr'> </span> 
     </span>
    </p>
   </div>
  </div>
 </body>
</html>
