3934 5550
1509 461 1547 525 31

377 669 522 739 Originale
539 671 729 738 chartaceum,
753 671 855 725 subtus
875 675 1003 742 appressi
1025 672 1107 744 sigilli
1127 673 1286 745 vestigium.
1307 676 1337 729 ln
1357 676 1472 731 archivo
1491 694 1549 749 reg.

272 754 302 810 C.
325 756 352 811 S.
378 765 409 811 et
430 758 480 813 D.:
503 760 694 816 Protocolium
721 770 883 834 congregat.
910 764 998 837 regni.
1031 762 1161 831 Frakndi,
1194 764 1377 821 Monumenta
1400 768 1551 822 comitialia

271 848 351 921 regni
369 848 604 924 Hungariae.V1.
622 852 683 907 474„

874 1140 901 1207 2
912 1140 948 1209 Ι.

377 1336 469 1397 Anno
496 1335 589 1398 1578.
614 1336 666 1399 29.
690 1339 826 1419 augusti.

375 1532 468 1593 Feria
490 1543 578 1595 sexta
602 1534 634 1593 in
655 1532 737 1595 iesto
760 1534 969 1595 decolacionis
994 1536 1077 1597 beati
1100 1537 1247 1597 Iohannis
1262 1538 1407 1617 baptiste,
1428 1540 1548 1601 nobiles

268 1640 446 1719 Stephanus
469 1640 675 1701 Ladomerius
698 1641 738 1701 de
763 1643 984 1720 Brysyndwor,
1009 1662 1047 1705 ac
1080 1645 1157 1704 alter
1189 1645 1369 1724 Stephanus
1400 1646 1548 1723 Dyanko·

269 1749 361 1825 wych
383 1748 423 1809 de
447 1749 603 1827 Rakarya,
627 1749 772 1810 Andreas
797 1750 937 1811 similiter
960 1752 1187 1829 Dyankowyeh
1212 1754 1251 1813 de
1265 1753 1438 1831 Kobylych,
1463 1756 1547 1815 Mar-

267 1856 351 1916 tinus
374 1857 532 1936 Pepelych
556 1858 596 1917 de
619 1858 723 1934 PlezO,
746 1858 885 1930 Mathias
909 1859 1076 1936 Therbych
1101 1860 1140 1920 de
1164 1861 1278 1922 eadem
1302 1862 1404 1938 PlezO,
1429 1863 1460 1922 in
1483 1865 1548 1924 suis

270 1984 307 2024 ac
330 1964 477 2045 Gregorii
501 1966 719 2042 Laczkowych
744 1967 783 2027 de
809 1967 902 2047 Nagh
927 1967 1044 2045 Mlaka,
1068 1988 1191 2029 necnon
1214 1968 1303 2029 Pauli
1335 1970 1484 2047 deych
1507 1972 1548 2032 de

269 2073 390 2149 eadem,
414 2068 460 2133 et¹
483 2074 702 2151 Klynnowych
726 2075 766 2135 de
789 2075 930 2154 predicta
953 2077 1057 2151 Plezn,
1089 2086 1120 2137 et
1143 2077 1273 2157 Georgii
1297 2076 1483 2157 Gasparych
1507 2079 1546 2140 de

269 2181 353 2242 dicta
376 2182 531 2258 Rakarya,
555 2200 593 2242 ac
616 2181 749 2241 aliorum
771 2182 902 2243 fratrum
927 2203 1054 2245 suorum
1080 2184 1367 2266 generacionalium
1391 2186 1544 2264 possessi-

267 2308 364 2349 onum
387 2289 598 2367 predictarum
621 2290 776 2368 Rakarya,
799 2290 964 2369 Kobylych
988 2301 1019 2352 et
1042 2292 1136 2353 Plezo
1161 2301 1192 2354 et
1215 2292 1395 2371 ilowenyak
1419 2303 1545 2355 vocata-

268 2417 345 2472 rum,
361 2397 539 2457 nominibus
562 2406 594 2457 et
616 2398 648 2458 in
670 2399 822 2477 personis,
846 2396 1001 2459 nostram²
1024 2401 1229 2479 personaliter
1245 2401 1408 2461 venientes
1424 2403 1455 2462 in
1475 2422 1544 2481 pre·

267 2506 414 2578 senciam,
437 2524 495 2584 per
518 2506 645 2565 modum
668 2506 915 2584 protestacionis,
939 2507 1144 2585 inhibicionis,
1167 2509 1256 2569 nobis
1281 2508 1459 2589 significare
1491 2530 1543 2570 eu·

266 2622 374 2674 rarunt
397 2613 428 2673 in
452 2614 535 2673 hunc
557 2615 695 2683 modum,
719 2614 852 2693 qualiter
874 2622 967 2693 prout
996 2615 1055 2694 ipsi
1087 2623 1297 2694 protestantes
1321 2618 1542 2695 percepissent,

265 2730 296 2782 et
319 2739 431 2782 revera
454 2720 485 2782 in
508 2718 657 2781 noticiam
681 2739 788 2782 eorum
818 2722 1006 2798 devenisset,
1041 2722 1191 2804 egregius
1222 2724 1333 2784 Petrus
1366 2724 1541 2785 Thomazo-

265 2830 357 2906 wych
379 2829 419 2890 de
442 2830 664 2904 Weiessewcz,
687 2829 824 2889 nescitur
856 2831 939 2891 unde
968 2839 1080 2907 motus,
1111 2821 1270 2910 quandam
1294 2831 1421 2892 domum
1453 2851 1544 2892 suam

266 2937 298 2996 in
320 2936 520 3015 possessione
544 2936 715 2998 eorundem
738 2939 983 3016 protestancium
1008 2939 1154 3015 Rakarya
1186 2948 1307 3014 vocata,
1332 2949 1363 2999 et
1395 2939 1543 3000 comitatu

266 3044 472 3125 Zagrabiensi
496 3045 682 3106 existentem
705 3045 853 3120 habitam,
877 3046 908 3105 in
931 3046 1072 3124 predicto
1096 3046 1219 3125 Campo
1246 3055 1277 3106 et
1302 3047 1450 3108 comitatu
1481 3049 1539 3107 Za·

266 3152 425 3234 grabiensi
448 3152 633 3214 existentem
657 3162 688 3213 et
710 3152 859 3228 habitam,
883 3154 915 3213 in
939 3163 1023 3214 terra
1053 3153 1191 3234 ipsorum
1221 3155 1465 3233 protestancium
1489 3174 1541 3215 ex-

266 3267 409 3330 tructam,
432 3259 525 3321 simul
548 3280 618 3320 cum
642 3260 829 3340 quibusdam
854 3261 944 3321 terris
978 3261 1147 3322 arabilibus
1183 3261 1214 3320 in
1244 3262 1385 3340 predicta
1418 3282 1541 3341 posses·

266 3369 353 3429 sione
377 3369 524 3445 Rakarya
548 3367 579 3428 in
602 3370 715 3429 eodem
738 3367 861 3448 Campo
886 3377 917 3429 et
940 3369 1090 3432 comitatu
1114 3369 1320 3450 Zagrabiensi
1336 3369 1539 3430 existentibus

264 3469 426 3550 habitam³,
450 3495 529 3556 quas
560 3475 687 3554 quidem
718 3483 818 3537 terras
854 3477 1004 3556 egregius
1035 3477 1169 3538 condam
1202 3478 1329 3537 Marcus
1365 3478 1539 3537 Thomazo-

263 3583 363 3660 wych‚
386 3590 476 3660 pater
498 3581 629 3661 predicti
651 3583 735 3642 Petri
760 3584 1016 3660 Thomazowych
1040 3604 1058 3645 a
1082 3583 1268 3663 quibusdam
1302 3583 1457 3644 nobilibus
1481 3585 1540 3644 sra-

262 3690 361 3749 tribus
385 3689 524 3767 ipsorum
548 3690 784 3768 exponencium,
808 3699 840 3750 et
862 3691 1028 3768 presertim
1060 3711 1078 3750 a
1108 3690 1202 3749 nobili
1235 3691 1369 3750 condam
1405 3690 1540 3751 Martino

262 3799 465 3874 Therczlych‚
488 3806 593 3876 preter
616 3797 728 3858 scitum
753 3806 785 3857 et
807 3799 1001 3859 voluntatem
1025 3799 1162 3878 ipsorum
1195 3797 1449 3876 protestancium,
1473 3808 1540 3858 tan·

261 3926 356 3986 quam
378 3925 514 3985 persona
537 3913 686 3966 extranea
710 3906 845 3981 emisset,
870 3926 1027 3986 generoso
1051 3915 1082 3966 et
1105 3906 1274 3987 magnifico
1299 3907 1425 3968 domino
1450 3907 1540 3967 Chri-

261 4013 377 4075 stoiero
402 4015 561 4095 annad,
584 4014 681 4074 libero
704 4013 816 4074 baroni
846 4014 878 4074 in
909 4015 1046 4092 Sonnek,
1077 4015 1182 4074 comiti
1206 4015 1371 4074 comitatus
1404 4017 1533 4076 Waras-

262 4121 388 4199 diensis
413 4141 451 4183 ac
474 4121 650 4182 consiliario
674 4122 885 4182 sacratissime
910 4133 942 4182 et
965 4124 1052 4203 regie
1077 4121 1259 4196 maiestatis
1295 4141 1332 4182 ac
1364 4143 1533 4202 regnorum

265 4231 436 4307 Dalmacie,
460 4230 593 4290 Croacie
617 4237 649 4290 et
671 4231 837 4290 Sclauonie
861 4231 953 4308 ban0,
977 4250 1033 4309 pro
1065 4239 1151 4290 certa
1182 4250 1305 4290 summa
1332 4231 1536 4310 pecuniarum

257 4339 425 4398 inscribere
450 4347 505 4398 aut
528 4339 645 4398 donare
670 4338 771 4414 vellet,
796 4340 845 4397 vel
870 4339 932 4397 iam
949 4340 988 4398 de
1004 4339 1089 4398 lacto
1104 4339 1253 4398 donasset
1270 4347 1302 4397 et
1317 4338 1534 4417 inscripsisset,

257 4447 289 4505 in
312 4445 518 4524 preiudicium
539 4445 742 4505 fraternitatis
766 4454 797 4506 et
821 4445 988 4505 vicinitatis
1013 4447 1150 4524 ipsorum
1174 4446 1417 4525 protestancium
1436 4447 1533 4506 mani·

257 4553 378 4616 festum.
401 4555 493 4615 Unde
517 4554 628 4632 prefati
651 4563 862 4633 protestantes
885 4554 968 4614 lacta
992 4554 1169 4614 huiusmodi
1203 4555 1441 4632 protestacione,
1465 4574 1536 4632 pre-

255 4662 353 4721 latum
376 4663 504 4722 Petrum
528 4662 782 4738 Thomazowych
808 4682 827 4720 a
851 4661 1045 4738 vendideris,
1069 4661 1242 4721 donacione
1268 4671 1298 4721 et
1331 4662 1389 4721 alia
1423 4662 1533 4740 quavis

254 4769 459 4847 inscripcione
483 4768 733 4848 supradictarum
762 4779 914 4828 terrarum
947 4769 1110 4829 arabilium
1144 4778 1174 4828 et
1207 4769 1317 4828 domus
1350 4769 1379 4828 in
1415 4769 1533 4828 eisdem

254 4875 428 4951 hedificate,
452 4875 537 4954 ipsos
562 4883 771 4954 protestantes
795 4876 861 4935 iure
886 4877 1075 4936 hereditario
1107 4876 1308 4957 tangencium
1343 4887 1374 4936 et
1405 4895 1533 4936 concer-

252 4981 406 5057 nencium,
429 4994 639 5044 memoratum
662 4983 763 5044 eciam
787 4983 948 5045 dominum
971 4985 1088 5045 banurn
1121 4983 1159 5044 ab
1191 4984 1363 5062 empcione,
1398 5003 1533 5064 occupa-
