3934 5550
1516 411 1548 470 11

275 632 371 693 quam
396 615 569 678 futurorum
594 619 734 680 notitiam
759 619 869 678 harum
895 619 974 680 serie
1009 621 1153 682 volumus
1183 625 1357 702 pervenire,
1388 626 1473 704 qnod
1496 645 1554 685 nos

273 723 391 784 litteras
416 725 607 786 serenissimi
630 727 786 808 principis,
810 728 925 787 domini
944 729 1059 788 domini
1085 731 1282 805 Ferdinandi,
1306 733 1412 792 divina
1427 733 1553 792 favente

272 831 437 891 clementia
461 834 671 894 Romanorum
696 835 785 895 electi
809 835 1006 913 imperatoris
1038 855 1163 914 semper
1187 838 1321 918 augusti,
1354 859 1391 898 ac
1422 839 1553 899 Germa·

272 939 351 1013 niae,
375 940 568 1020 Hungariae,
592 942 762 1002 Bohemiae
787 953 844 1003 ete.
869 943 954 1022 regis
979 953 1046 1017 etc,
1070 943 1187 1003 domini
1211 954 1242 1003 et
1273 945 1420 1024 principis
1455 947 1553 1006 nostri

273 1047 513 1123 clementissimi,
531 1047 768 1110 introductorias
785 1059 816 1110 et
833 1050 1014 1110 statutorias
1030 1051 1121 1110 nobis
1145 1053 1358 1130 praeceptorie
1388 1054 1553 1132 loquentes

274 1162 304 1213 et
327 1154 472 1229 directas,
496 1175 619 1216 summa
642 1177 713 1216 curn
737 1158 922 1230 reverentia,
947 1166 977 1217 et
1002 1158 1188 1233 obedientia,
1213 1175 1260 1232 ea,
1292 1179 1355 1238 qua
1386 1160 1490 1220 decuit
1523 1172 1555 1220 et

271 1260 363 1334 licuit,
387 1263 563 1340 recepimus
587 1264 618 1322 in
641 1265 720 1324 haec
743 1266 856 1325 verba:
881 1266 996 1340 (Vide
1021 1267 1101 1327 doc.
1125 1285 1152 1326 a.
1182 1264 1273 1326 1561.
1290 1264 1450 1327 20.1naii
1473 1268 1553 1330 sub.

274 1369 332 1430 No.
358 1367 398 1446 2.)
425 1371 491 1430 Nos
515 1371 608 1452 igitur
632 1373 788 1433 mandatis
812 1393 889 1434 suae
914 1374 1145 1434 sacratissimae
1177 1393 1346 1436 caesareae
1382 1383 1413 1435 et
1444 1376 1552 1455 regiae

275 1477 446 1539 maiestatis
471 1499 595 1558 semper
630 1481 660 1540 in
692 1481 845 1557 omnibus,
877 1490 911 1540 ut
940 1490 1092 1553 tenemur,
1115 1483 1243 1543 obedire
1274 1483 1444 1561 cupientes,
1475 1503 1552 1544 una-

275 1605 345 1645 cum
369 1586 511 1664 praefato
536 1589 666 1668 egregio
691 1589 821 1648 Nicolao
845 1590 988 1668 lmprych
1022 1591 1061 1648 de
1092 1590 1176 1649 dicta
1200 1592 1396 1668 [ampnycza,
1428 1593 1552 1652 homine

273 1713 349 1753 suae
374 1696 606 1756 sacratissimae
639 1717 808 1758 caesareae
842 1709 872 1757 et
904 1699 1011 1778 regiae
1043 1699 1214 1758 maiestatis
1238 1700 1335 1778 regi0,
1366 1700 1398 1758 in
1430 1701 1551 1777 praein-

271 1801 362 1861 sertis
386 1803 494 1862 litteris
519 1803 659 1864 eiusdem
684 1805 857 1866 maiestatis
881 1806 989 1882 regiae
1013 1805 1093 1865 inter
1117 1806 1194 1866 alios
1215 1807 1357 1866 homines
1371 1807 1478 1886 regios
1495 1827 1549 1866 no-

273 1910 413 1970 minatim
437 1921 629 1989 expressato,
653 1923 794 1973 nostrum
818 1912 984 1975 hominem.
1017 1913 1185 1972 discretum
1214 1911 1357 1972 videlicet
1381 1913 1551 1972 Martinum

271 2019 476 2096 presbiterum
494 2019 677 2080 Kwsthrecz
700 2021 817 2080 dictum
840 2021 879 2080 de
906 2021 1061 2096 [wanych,
1085 2020 1171 2080 ctiori
1191 2021 1424 2100 praeallegatae
1451 2022 1551 2081 eccle·

272 2125 336 2185 siae
360 2135 487 2186 nostrae
511 2127 734 2207 Zagrabiensis
757 2128 1028 2206 praebendarium,
1053 2129 1092 2187 ad
1116 2128 1290 2206 praemissa
1309 2129 1494 2206 exequenda
1514 2147 1552 2188 ac

273 2251 330 2292 suo
355 2235 447 2294 modo
471 2235 604 2295 fideliter
627 2236 818 2315 peragenda,
833 2244 939 2295 nostro
963 2255 1020 2314 pro
1044 2234 1221 2295 testimonio
1237 2235 1431 2316 fidedignum
1455 2237 1550 2296 duxe-

275 2359 380 2400 ramus
414 2341 642 2416 destinandum,
677 2342 730 2421 qui
761 2343 888 2402 tandem
921 2343 1033 2403 exinde
1065 2344 1105 2402 ad
1134 2362 1192 2402 nos
1224 2343 1342 2402 reversi
1372 2343 1462 2402 nobis
1493 2345 1552 2404 sub

274 2449 426 2526 corporali
454 2448 595 2528 'ipsorum
631 2449 805 2510 iuramento
837 2469 931 2529 super
972 2449 1056 2512 fideli
1090 2451 1272 2510 executione
1308 2469 1411 2510 rerum
1443 2469 1549 2511 coram

274 2555 363 2615 nobis
386 2555 545 2634 praestito,
569 2557 768 2617 conformiter
792 2561 962 2618 retulerunt
986 2558 1016 2616 in
1041 2559 1123 2617 hunc
1147 2560 1283 2634 modum,
1315 2559 1447 2637 qualiter
1469 2559 1547 2619 teria

273 2663 380 2741 quinta
404 2664 545 2742 proxima
570 2672 641 2724 ante
666 2674 809 2724 sanctum
833 2666 946 2726 festum
971 2667 1195 2724 Penthecostes
1219 2665 1358 2743 proxime
1390 2675 1550 2726 transacta

272 2769 764 2851 praeteritum¹,praenominatus
789 2775 937 2835 Nicotaus
961 2776 1113 2853 lmprych,
1130 2775 1224 2834 homo
1248 2792 1324 2834 suae
1341 2794 1451 2835 sacrae
1476 2796 1546 2836 cae·

277 2898 387 2939 sareae
422 2880 595 2941 maiestatis
631 2882 746 2959 regius,
771 2883 852 2942 dicto
886 2882 1062 2942 testimonio
1096 2891 1202 2942 nostro
1235 2882 1350 2942 ibidem
1373 2892 1550 2962 praesente,

277 2987 316 3045 ad
352 2987 448 3047 facies
483 2988 695 3067 praescriptae
727 2990 830 3049 totalis
861 2990 1070 3067 possessionis
1102 2990 1289 3067 Woynoscz,
1322 2999 1352 3048 et
1384 3010 1549 3067 perconse·

271 3114 371 3173 quens
396 3095 547 3155 dictarum
573 3096 727 3155 curiarum
753 3097 961 3157 nobilitanum
985 3098 1015 3156 in
1040 3098 1151 3156 eadem
1181 3096 1390 3175 possessione,
1422 3097 1548 3157 omnino

272 3204 302 3261 in
326 3204 563 3281 praenominato
588 3204 736 3264 comitatu
760 3206 965 3285 Zagrabiensi
997 3204 1195 3265 existentium
1227 3212 1258 3263 et
1286 3195 1470 3281 habitarum,
1504 3206 1547 3264 vi-

276 3310 353 3371 cinis
378 3320 408 3370 et
443 3312 667 3371 commetaneis
699 3313 840 3372 eiusdem
877 3313 1085 3391 possessionis
1120 3314 1299 3388 Woynoscz
1323 3312 1486 3387 universis,
1519 3323 1551 3372 et

275 3419 436 3497 signanter
459 3420 598 3499 egregiis
623 3429 653 3479 et
677 3420 831 3480 nobilibus
855 3422 964 3479 Marco
988 3420 1168 3496 Skarchych
1194 3421 1233 3479 de
1257 3420 1397 3495 Prikray,
1422 3421 1550 3480 Andrea

274 3522 493 3603 Dablowlych‘*
524 3528 563 3586 de
588 3530 697 3587 eadem
724 3530 862 3605 Prikray,
887 3528 1096 3606 praedialibus
1119 3528 1264 3588 videlicet
1288 3529 1326 3588 de
1352 3529 1551 3606 Tbopoczka,

274 3634 388 3693 Ioanne
413 3634 619 3711 Chernkoczy
644 3637 683 3695 de
708 3636 933 3709 Chernkowcz,
958 3636 1107 3694 Mathaeo
1138 3636 1272 3695 litterato
1297 3638 1335 3694 de
1367 3637 1550 3710 Zaiathnok,

274 3740 397 3800 Thoma
421 3741 629 3818 Pethrawych
655 3744 693 3801 de
717 3744 948 3817 Rathkwwecz,
972 3745 1065 3802 Petro
1082 3744 1288 3819 Kwssewych
1312 3746 1351 3802 de
1377 3744 1550 3816 Dobrancz,

272 3848 421 3907 Mathaeo
454 3848 593 3909 similiter
616 3850 822 3926 Kwssewych
846 3851 885 3910 de
911 3851 1022 3911 eadem
1046 3852 1221 3923 Dobrancz‚
1244 3852 1405 3930 Stephano
1430 3853 1548 3911 Gerde-

270 3957 351 4033 nych
376 3957 415 4017 de
440 3958 599 4033 iarebych,
624 3958 739 4017 loanne
765 3958 971 4035 Krayachych
996 3959 1036 4018 de
1061 3960 1242 4035 Kysmlaka,
1267 3959 1437 4019 viceiudice
1462 3962 1547 4021 nobi·

273 4064 345 4122 iium
371 4064 444 4123 dicti
469 4064 635 4124 comitatus
667 4065 899 4143 Zagrabiensis,
932 4067 1029 4125 altero
1061 4067 1176 4124 loanne
1209 4067 1233 4123 F
1235 4066 1325 4145 algas
1356 4068 1395 4125 de
1432 4068 1547 4125 Woko·

273 4189 389 4246 merye,
413 4170 574 4249 Stephano
600 4172 739 4231 similiter
762 4173 877 4251 Falgas
902 4174 941 4232 de
964 4172 1076 4232 eadem
1103 4174 1323 4253 Wokomerye‚
1346 4173 1462 4233 Ioanne
1487 4175 1548 4233 filio

270 4278 499 4356 praenominati
522 4279 641 4339 Nicolai
667 4281 809 4359 lmprych
834 4283 872 4341 de
897 4289 1078 4359 praeatacta
1115 4282 1310 4358 lampnycza,
1335 4291 1365 4339 et
1401 4282 1549 4340 Mathaeo

271 4386 406 4463 Bezyak,
431 4385 564 4446 officiale
589 4388 710 4467 egregii
735 4389 870 4448 Ladislai
895 4390 1093 4466 Kermchych
1118 4389 1156 4448 de
1182 4390 1306 4461 Bwsan,
1330 4408 1385 4465 per
1413 4388 1546 4449 eundem

271 4493 450 4557 Ladislaum
475 4494 506 4553 in
530 4496 658 4573 praedio
690 4514 747 4553 suo
781 4496 1057 4574 Augusthanowcz
1090 4496 1266 4571 constituto,
1291 4496 1416 4555 nomine
1451 4505 1482 4554 et
1519 4497 1549 4554 in

270 4619 405 4679 persona
420 4602 561 4661 eiusdem
577 4602 714 4662 Ladislai
731 4602 930 4679 Kermchych
944 4604 1060 4662 domini
1076 4603 1194 4663 scilicet
1218 4604 1275 4682 sui,
1295 4603 1424 4682 aliisque
1440 4622 1549 4681 quarn·
1627 4581 1630 4585 λ

273 4708 411 4786 pluribus
436 4710 576 4769 similiter
601 4710 709 4770 vicinis
734 4720 765 4771 et
789 4711 1013 4771 commetaneis
1037 4712 1112 4771 inibi
1137 4712 1273 4790 legitime
1306 4712 1486 4770 convocatis
1518 4721 1550 4771 et

270 4818 487 4894 praesentibus
510 4819 674 4892 accedens,
691 4819 913 4879 introduxisset
936 4819 1189 4897 praenominatos
1214 4820 1392 4893 Martinnm,
1415 4819 1547 4896 Stepha-

270 4944 354 4999 num,
372 4924 559 5003 Gasparum,
584 4926 780 5001 Michaelem,
804 4928 996 4998 Mathaeum,
1016 4926 1156 5002 Paulum,
1175 4926 1329 4985 Thomam
1347 4935 1377 4985 et
1401 4927 1547 4984 ioannem
