3934 5550
390 424 456 487 352

382 661 498 721 magna
522 639 720 719 reparatione
744 635 964 708 neeessariam,
989 635 1136 694 horreum
1163 631 1324 711 antiquum
1349 631 1416 692 sine
1440 640 1538 709 porta,
1561 632 1664 691 lorna-

384 768 453 810 cem
477 748 648 828 pistoream
672 754 755 806 tecto
779 745 980 824 indigentem.
1150 742 1153 749 ⁴

493 854 540 917 14.
564 854 684 914 Nobilis
708 853 860 931 Iosephus
883 853 1001 911 Szever
1037 850 1133 911 habet
1168 849 1296 910 domum
1328 867 1444 908 novam
1482 867 1521 908 ex
1556 847 1664 907 solidis

383 961 545 1023 roboribus
568 961 672 1035 bonis;
707 960 780 1020 item
818 939 962 1019 horreum
996 976 1112 1017 novum
1147 976 1184 1016 ex
1218 955 1324 1016 solidis
1355 954 1517 1016 roboribus
1540 954 1664 1014 novitus

383 1079 536 1130 errectum
561 1069 626 1128 sine
652 1075 758 1146 porta;
794 1067 866 1125 item
895 1066 990 1124 haras
1022 1065 1122 1124 bonas
1146 1063 1187 1123 ad
1212 1063 1232 1122 5
1267 1063 1429 1123 clausuras
1452 1070 1524 1141 post
1547 1061 1665 1142 aliquot

384 1196 482 1238 annos
506 1174 635 1236 basibus
658 1174 851 1256 indigentes3
881 1173 955 1232 item
992 1172 1085 1231 haras
1120 1169 1279 1231 maialium
1313 1168 1493 1248 pavimento
1528 1167 1663 1228 inferiori

381 1257 593 1357 necessarias;
616 1282 691 1342 item
715 1300 873 1342 cameram
898 1279 1059 1359 antiquam
1094 1298 1150 1357 pro
1187 1278 1352 1353 frumento,
1377 1295 1504 1337 camera
1540 1275 1663 1356 privata

383 1391 506 1470 losephi
528 1391 628 1464 bona;
652 1390 725 1450 item
750 1389 908 1449 camerula
924 1387 1046 1466 privata
1068 1386 1192 1447 loannis
1206 1388 1296 1464 Bapt.
1312 1385 1411 1458 bona;
1434 1385 1509 1444 item
1525 1383 1661 1444 defuncti

387 1498 512 1559 loannis
536 1499 624 1576 Bapt.
650 1498 772 1576 privata
803 1514 929 1556 camera
961 1495 1089 1575 antiqua
1124 1493 1155 1553 in
1187 1493 1270 1554 hono
1293 1502 1393 1566 statu;
1429 1493 1503 1551 item
1535 1509 1661 1552 camera

383 1605 513 1688 Georgii
547 1605 669 1683 privata
703 1623 787 1664 nova
821 1602 965 1662 omnibus
1001 1600 1143 1680 provisa3
1176 1601 1250 1661 item
1289 1618 1415 1660 camera
1453 1598 1541 1658 Pauli
1577 1617 1661 1658 nova

384 1713 533 1792 contigua
556 1712 678 1786 domui3
703 1711 776 1770 item
800 1711 910 1770 fornax
934 1709 1072 1788 pistorea
1096 1716 1179 1770 tecto
1203 1727 1285 1769 novo
1308 1707 1462 1787 indigens

492 1819 539 1881 15.
564 1819 720 1900 Georgius
737 1817 954 1878 Bartholchich
978 1819 1096 1878 Szever
1120 1816 1231 1892 dictus,
1248 1816 1342 1876 habet
1357 1816 1485 1875 domum
1501 1816 1660 1894 antiquam

384 1929 446 1988 iam
470 1927 643 2006 proximam
668 1927 785 2000 ruinae,
802 1925 851 1986 cui
869 1945 952 1985 nova
968 1934 1017 1985 est
1032 1924 1221 1998 necessaria,
1239 1943 1277 1984 ex
1294 1923 1423 2002 antiqua
1438 1932 1543 1982 autem
1559 1931 1663 2002 potest

381 2036 476 2094 haras
500 2035 558 2094 sibi
581 2052 738 2112 reparare,
774 2051 854 2112 quae
871 2033 967 2092 harae
986 2031 1121 2112 alioquin
1139 2030 1335 2110 reparatione
1351 2022 1500 2110 indigent,
1516 2030 1662 2090 horreum

383 2143 544 2223 antiquum
580 2142 705 2217 bonum,
739 2143 833 2202 haras
857 2139 1015 2201 maialium
1047 2159 1155 2217 novas,
1187 2139 1322 2200 culinam
1353 2138 1477 2199 novitus
1508 2139 1661 2198 er'rectam

382 2270 481 2330 usque
504 2258 630 2325 tectum,
663 2249 693 2309 in
717 2269 779 2328 qua
804 2249 896 2308 ctiam
921 2248 1031 2328 fornax
1062 2243 1199 2326 pistorea
1231 2255 1333 2306 exstat
1366 2255 1449 2306 tecto
1472 2245 1661 2319 necessaria,

381 2377 437 2436 pro
461 2377 523 2437 qua
547 2357 683 2437 tegenda
709 2355 854 2436 aquisivit
888 2340 1033 2416 arborem
1061 2354 1071 2413 l
1100 2337 1151 2415 die
1179 2353 1227 2415 15.
1250 2353 1354 2414 martii
1381 2350 1489 2427 1796.;
1513 2353 1587 2414 item
1610 2373 1659 2413 ca·

387 2483 473 2524 mera
497 2463 648 2542 Stephani
682 2463 837 2542 privativa
862 2463 989 2523 novitus
1012 2472 1133 2523 errecta
1157 2481 1257 2540 usque
1280 2470 1406 2523 tectum.

491 2568 539 2633 16.
563 2571 671 2632 Simon
694 2572 812 2631 Szever
835 2565 931 2631 habet
955 2571 1084 2631 domum
1108 2570 1269 2654 antiquam
1292 2578 1324 2630 et
1347 2579 1514 2650 augustam
1530 2589 1587 2649 pro
1602 2590 1661 2631 sua

384 2679 509 2756 familia,
535 2679 666 2740 basibus
691 2677 891 2758 indigentem,
914 2679 1060 2740 horreum
1082 2680 1208 2757 bonum,
1231 2680 1325 2740 haras
1348 2697 1448 2738 novas
1470 2680 1511 2739 ad
1535 2678 1557 2738 4
1578 2679 1659 2740 clau-

381 2779 479 2863 surae,
504 2788 647 2867 antiquas
672 2788 765 2848 haras
790 2786 830 2846 ad
853 2805 948 2845 unam
973 2788 1149 2847 clausuram
1185 2789 1252 2849 sine
1286 2796 1353 2848 tota
1387 2787 1539 2866 superiori
1570 2796 1659 2866 parte

380 2903 503 2974 praeter
528 2895 658 2969 robora;
684 2894 795 2954 domus
825 2894 943 2954 dirruta
975 2894 1103 2974 antiqua
1137 2914 1175 2955 ex
1210 2914 1273 2955 una
1304 2904 1393 2973 parte
1416 2895 1540 2956 loannis
1569 2895 1659 2975 Bapt.

379 3004 496 3065 Szever
518 3011 605 3063 trans
627 3002 745 3061 Savum
770 3001 923 3081 degentis,
948 3020 1030 3079 quae
1054 3002 1166 3062 doinus
1204 3001 1296 3063 vendi
1331 3004 1468 3076 deberet,
1498 3002 1657 3064 fornacem

379 3110 548 3189 pistoream
572 3110 770 3170 mediocrem.

490 3196 538 3278 ir.
563 3216 699 3276 Mamas
723 3217 860 3291 erasm,
886 3217 1036 3277 subditus
1052 3216 1169 3277 donant
1191 3216 1304 3277 notarii
1327 3216 1535 3293 aedekouch,
1564 3219 1658 3279 nabet

378 3325 506 3384 domum
531 3324 570 3383 ad
594 3324 692 3382 instar
727 3323 831 3383 curiae
866 3343 990 3399 novam,
1013 3325 1160 3384 horreum
1183 3324 1308 3402 bonum,
1331 3325 1425 3384 haras
1457 3324 1658 3406 biangulares

379 3450 487 3503 novae,
511 3450 669 3491 cameram
693 3430 818 3491 novitus
842 3441 995 3493 errectam
1020 3451 1077 3510 pro
1100 3431 1264 3507 frumento,
1288 3414 1424 3493 culinam
1447 3452 1578 3512 parvam
1602 3454 1656 3494 no-

379 3538 462 3598 vitus
478 3546 631 3598 errectam
656 3558 753 3617 usque
777 3547 903 3613 tectum,
929 3539 980 3599 ubi
1004 3527 1099 3601 etiam
1122 3539 1231 3599 fornax
1255 3539 1393 3618 pistorea
1410 3540 1475 3616 erit,
1493 3560 1549 3619 pro
1565 3541 1656 3602 novis

381 3644 554 3725 errigendis
579 3645 662 3705 haris
686 3666 741 3724 pro
766 3647 929 3707 maialibus
953 3648 1046 3708 habet
1071 3666 1155 3707 nova
1178 3648 1292 3707 robora
1314 3648 1508 3709 sufficientia.

490 3750 537 3814 18.
550 3753 701 3831 Iosephus
714 3756 737 3813 F
740 3754 899 3830 abjanecz,
916 3756 1057 3816 subditus
1074 3756 1190 3815 domini
1212 3755 1397 3815 vicefiscalis
1409 3756 1497 3816 Pauli
1509 3757 1658 3836 Spissich,

378 3860 473 3919 habet
497 3861 695 3939 reparatione
719 3863 942 3940 necessariam,
960 3882 1016 3941 pro
1040 3882 1103 3941 qua
1126 3864 1302 3942 reparanda
1316 3864 1513 3924 necessarias
1530 3847 1658 3924 arbores

381 3968 534 4046 aquisivit,
558 3968 652 4027 haras
676 3969 877 4049 biangulares
913 3971 953 4030 ad
989 3969 1009 4029 3
1033 3972 1194 4030 clausuras
1226 3971 1340 4046 bonas;
1371 3972 1445 4031 item
1477 3973 1571 4032 haras
1600 3992 1657 4051 pro

378 4075 541 4135 maialibus
565 4096 656 4135 secus
679 4077 779 4137 bonas
805 4080 862 4139 sed
886 4086 958 4139 ante
984 4078 1053 4138 illas
1077 4079 1240 4138 columnae
1264 4080 1462 4139 necessariae
1486 4080 1568 4139 duae
1599 4100 1656 4158 pro

377 4182 483 4262 pojata
507 4194 587 4258 sunt,
611 4186 756 4245 horreum
781 4186 942 4265 antiquum
967 4187 1096 4261 bonum,
1115 4206 1274 4246 cameram
1290 4186 1415 4246 novitus
1431 4196 1583 4247 errectam
1599 4208 1655 4267 pro

377 4292 531 4351 frumento
554 4293 734 4370 pavimento
758 4294 910 4371 superiori
940 4294 1131 4371 destitutam,
1165 4294 1300 4354 ambitus
1333 4314 1426 4372 porro
1458 4295 1655 4373 reparatione

377 4398 511 4478 indiget;
536 4400 608 4459 item
633 4418 791 4461 cameram
815 4403 855 4461 ad
881 4403 959 4462 duas
988 4402 1150 4462 clausuras
1178 4403 1302 4475 bonam,
1334 4404 1406 4463 dein
1436 4422 1594 4467 cameram
1625 4404 1656 4469 3.

379 4506 493 4565 bonam
530 4507 751 4583 domesticam,
786 4510 944 4569 fornacem
981 4510 1152 4588 pistoream
1185 4510 1317 4586 bonam,
1352 4510 1479 4571 domum
1513 4512 1655 4575 fabrilem

379 4613 513 4681 bonam;
536 4616 610 4675 item
635 4613 663 4676 4.
688 4618 878 4677 camerulam
902 4617 1035 4693 bonam;
1059 4617 1134 4677 item
1158 4618 1187 4679 5.
1212 4619 1404 4679 camerulam
1427 4620 1551 4682 bonam.

489 4720 681 4785 furiosius
713 4725 863 4802 Iosephus
902 4725 1124 4786 Kovachevich
1157 4726 1251 4786 habet
1274 4728 1402 4787 domum
1439 4748 1476 4788 ex
1514 4727 1656 4809 virgultis

381 4829 513 4907 primum
550 4830 725 4890 cubiculum
761 4832 885 4905 factum,
922 4833 1078 4910 posterius
1112 4853 1187 4893 vero
1221 4834 1395 4893 cubiculum
1432 4854 1470 4895 ex
1493 4836 1656 4896 roboribus

381 4936 471 4997 novis
495 4944 592 5017 porta¹
609 4938 799 5017 destitutum,
816 4958 908 4999 secus
931 4938 1007 5001 nihil
1030 4940 1131 5002 habet.
