3934 5550
1523 433 1585 501 103

305 674 362 734 pro
384 656 539 739 vigesima
562 656 671 736 quinta
689 657 745 718 'die
767 657 887 717 mensis
909 656 1058 717 februarii
1082 656 1249 734 celebrata,
1273 665 1345 716 sunt
1373 656 1529 717 exhibitae
1553 665 1585 715 et

303 772 534 841 praesentatae,
557 764 598 824 ad
621 784 753 843 quarum
785 764 1009 825 continentiam
1033 764 1126 824 iidem
1156 762 1259 825 'status
1289 774 1321 824 et
1351 764 1477 824 ordines
1509 782 1586 823 suae

304 871 535 935 sacratissimae
558 890 728 932 caesareae
752 880 781 932 et
805 872 914 953 regiae
938 872 1095 932 maiestati
1119 880 1211 951 prout
1226 879 1379 945 tenentur,
1396 871 1428 931 in
1445 870 1589 931 omnibus

304 978 461 1053 obediunt,
484 988 516 1039 et
538 979 665 1039 obedire
696 979 798 1058 parati
829 988 909 1057 sunt,
931 987 1084 1059 quantum
1109 978 1275 1039 addicam
1299 998 1356 1039 seu
1388 978 1585 1039 contributio

305 1104 378 1145 nem
400 1104 477 1147 suae
500 1086 674 1147 maiestatis
698 1085 815 1146 attinet

478 1232 510 1294 S.
533 1232 756 1309 Berizlawych,
780 1230 1103 1309 viceprothonotarius
1127 1231 1216 1311 regni
1239 1230 1425 1291 Sclauoniae
1449 1250 1490 1292 m.
1513 1249 1542 1308 p.

411 1372 557 1444 Originale
574 1352 765 1441 chartaceum,
783 1373 886 1427 subtus
911 1388 1079 1441 appressum
1105 1372 1234 1444 sigillum.
1261 1372 1293 1425 In
1312 1371 1425 1425 archivo
1445 1386 1586 1425 commun.

304 1462 370 1516 nob.
390 1462 428 1515 de
446 1460 610 1531 Turopolje.

409 1961 505 2020 Anno
531 1958 625 2024 1610.
648 1958 700 2024 23.
724 1961 920 2040 septembris.
943 1961 1129 2042 Zagrabiae.

303 2152 427 2219 Slalus
446 2156 480 2218 el
501 2152 641 2218 ordines
653 2153 757 2241 regni
772 2151 989 2234 Solonenica
1005 2154 1249 2239 exempllmtem
1265 2152 1436 2219 nobilium
1463 2151 1587 2239 Campi

443 2260 694 2346 zagrahsnsu.
706 2282 729 2329 a
751 2261 845 2327 laets
864 2264 898 2325 el
920 2260 1231 2327 contributionibus
1253 2261 1449 2347 approbant.

412 2460 478 2520 Nos
500 2459 689 2521 universitas
721 2459 918 2519 dominorum
947 2460 1168 2538 praelatorum,
1198 2468 1392 2541 magnatum,
1427 2461 1581 2521 baronum

304 2576 336 2629 et
358 2568 506 2628 nobilium
530 2566 620 2647 regni
643 2566 830 2627 Sclauoniae
854 2568 967 2629 damus
990 2586 1047 2645 pro
1062 2568 1232 2649 memoria,
1254 2568 1339 2645 quod
1371 2586 1429 2627 nos
1453 2569 1579 2629 attentis

301 2684 333 2736 et
356 2676 561 2736 consideratis
585 2675 744 2749 fidelitate,
768 2677 945 2737 constantia
968 2695 1006 2735 ac
1031 2694 1136 2735 rerum
1159 2676 1338 2736 militarium
1372 2676 1581 2737 laudabilibus

301 2792 333 2844 et
355 2785 525 2861 praeclaris
547 2783 656 2866 gestis,
680 2783 811 2862 aliisque
834 2784 1045 2865 singularibus
1069 2784 1326 2844 commendandis
1351 2793 1382 2844 et
1412 2784 1579 2845 efferendis

300 2891 427 2962 honore,
451 2891 616 2950 virtutibus
640 2891 856 2950 universorum
880 2892 971 2951 unius
996 2891 1145 2952 sessionis
1162 2891 1310 2952 nobilium
1326 2891 1440 2970 Campi
1455 2893 1575 2972 Zagra-

300 2999 417 3060 biensis
441 3000 610 3078 Turopolia
634 2998 715 3072 dicti,
739 2999 851 3077 quibus
875 2999 969 3058 iidem
993 3017 1103 3059 sacrae
1128 2999 1217 3078 regni
1234 2999 1416 3078 Hangariae
1434 3017 1579 3075 coronae,

300 3107 511 3186 legitimisque
535 3107 676 3166 eiusdem
699 3107 821 3182 inclytis
846 3107 974 3186 regibus
999 3125 1036 3166 ac
1059 3106 1180 3184 patriae
1204 3125 1281 3166 suae
1306 3107 1429 3186 ubique,
1453 3106 1574 3185 potissi·

300 3233 386 3273 mum
410 3223 515 3275 tamen
539 3221 647 3273 contra
672 3213 902 3290 apertissimum
927 3221 958 3273 et
980 3212 1209 3274 imanissimum
1242 3212 1412 3274 Christiani
1443 3213 1578 3273 nominis

300 3320 433 3395 hostem,
456 3339 513 3399 pro
536 3320 676 3379 locorum
708 3328 740 3379 et
772 3329 947 3398 temporum
983 3320 1164 3381 diversitate
1199 3321 1352 3380 hacteuus
1387 3339 1512 3398 semper
1547 3328 1578 3379 et

300 3427 416 3506 ubique
438 3447 562 3488 summa
585 3446 656 3488 cum
679 3427 772 3488 lande
788 3427 921 3505 praediti
942 3427 1049 3506 luisse,
1064 3429 1242 3508 multasque
1258 3429 1373 3502 clades,
1389 3427 1577 3506 sangvinum

300 3535 469 3595 effirsiones
491 3544 523 3595 et
545 3535 662 3596 damna
685 3535 823 3595 maxima
845 3536 1033 3614 percepisse,
1050 3537 1217 3595 multorum
1235 3535 1377 3595 divorum
1394 3533 1576 3614 Hungariae

299 3660 411 3722 regum
433 3641 605 3723 privilegiis
629 3641 790 3702 evidenter
820 3632 1101 3722 conspiciebantur,
1124 3644 1165 3703 ob
1188 3663 1269 3723 quae
1293 3643 1417 3723 quidem
1442 3642 1578 3722 insignia

298 3747 437 3826 ipsorum
460 3748 570 3808 merita
596 3749 635 3808 ab
659 3749 769 3808 iisdem
793 3750 952 3830 quondam
982 3749 1202 3810 sacratissimis
1233 3747 1416 3831 Hungariae
1440 3750 1577 3830 regibus,

300 3857 358 3916 sed
381 3864 413 3916 et
436 3856 476 3915 ab
500 3856 705 3916 invictissimo
727 3857 821 3917 etiam
846 3865 878 3916 et
901 3857 1126 3938 augustissimo
1148 3857 1286 3935 principe
1311 3876 1348 3916 ac
1372 3857 1497 3916 domino
1521 3856 1575 3915 do-

297 3963 382 4024 mino
406 3963 569 4042 Rudolpho
592 3964 741 4038 secundo,
765 3966 977 4024 Romanorum
1004 3965 1191 4043 imperatore
1216 3973 1247 4024 et
1274 3983 1352 4044 rege
1376 3971 1483 4024 nostro
1515 3963 1575 4022 ele·

297 4070 499 4144 mentissimo‚
525 4070 565 4130 ab
588 4072 732 4131 omnibus
755 4079 787 4131 et
817 4071 949 4152 singulis
980 4071 1062 4131 taxis
1086 4089 1141 4130 seu
1174 4071 1452 4131 contributionibus
1483 4088 1575 4150 rega·

298 4177 380 4237 libus
403 4179 540 4258 exempti
563 4185 595 4239 et
620 4179 649 4239 in
673 4187 859 4259 perpetuum
882 4180 1005 4240 liberati
1029 4199 1099 4238 esse
1123 4179 1403 4258 comperiebantur.
1428 4177 1509 4238 Cum
1533 4178 1573 4237 ob

298 4287 366 4361 hoc,
390 4294 456 4346 tum
480 4304 555 4347 vero
579 4286 654 4346 visis
678 4295 709 4346 et
733 4287 837 4347 animo
862 4288 1003 4369 diligenti
1026 4287 1190 4366 perpensis
1221 4288 1392 4346 eorundem
1424 4286 1573 4345 nobilium

297 4393 389 4453 unius
419 4393 567 4453 sessionis
597 4412 708 4454 recens
738 4395 976 4472 praeteritarum
1010 4395 1081 4456 belli
1112 4403 1334 4473 tempestatum
1365 4393 1508 4453 maximis
1544 4401 1574 4452 et

296 4500 506 4581 singularibus
529 4500 560 4559 in
585 4503 677 4560 rebus
700 4502 885 4562 militaribus
907 4503 1070 4580 praeclare
1102 4509 1133 4560 et
1163 4501 1282 4560 fortiter
1316 4501 1423 4580 gestis,
1447 4499 1573 4559 calami-

295 4606 473 4686 tatibusque
498 4615 529 4667 et
551 4607 685 4668 miseriis
709 4609 748 4668 ab
773 4610 892 4670 eisdem
915 4609 1082 4689 perpessis
1106 4608 1234 4668 eosdem
1252 4608 1283 4668 in
1299 4607 1466 4686 praedictis
1482 4606 1573 4665 liber-

294 4713 410 4773 tatibus
435 4732 453 4772 a
477 4713 557 4773 divis
580 4722 611 4774 et
635 4714 839 4775 sanctissimis
864 4715 1048 4796 Hungariae
1080 4715 1216 4795 regibus.
1249 4715 1324 4793 ipsis
1349 4722 1379 4774 et
1403 4711 1573 4773 maioribus

294 4821 466 4883 eorundem
497 4820 579 4880 datis
610 4831 641 4880 et
670 4821 904 4902 privilegialiter
935 4821 1095 4882 concessis
1126 4821 1371 4882 immunitatibus
1405 4837 1571 4880 conserva-

294 4927 406 5013 bimus,
437 4928 593 4986 tuebimur
616 4937 650 4987 et
670 4929 952 5006 manutenebimus,
980 4929 1077 4988 immo
1101 4948 1120 4988 a
1156 4929 1245 5006 regni
1280 4928 1376 4988 etiam
1411 4927 1573 5006 quibusvis
