3934 5550
1518 448 1577 509 211

295 658 381 737 nigni
405 659 545 718 mandati
561 659 777 735 intimatorias,
794 659 940 739 sepositis
957 662 1077 721 cunctis
1098 662 1310 736 occurrentiis,
1326 663 1366 723 ad
1382 666 1579 743 capessenda

297 767 377 826 haec
401 786 457 846 pro
482 767 640 847 praesenti
663 768 920 829 necessarissima
943 768 1071 829 servitia
1095 770 1215 846 bellica,
1231 791 1302 832 sese
1319 773 1577 852 adpromptando,

296 883 361 933 tam
385 874 503 934 domini
526 883 693 955 magnates
717 894 810 954 quam
835 876 954 937 nobiles
978 895 1049 936 cum
1073 877 1172 937 solitis
1202 878 1268 938 suis
1297 880 1455 939 banderiis
1478 880 1578 941 famu-

294 980 375 1055 litiis,
398 1000 521 1042 necnon
544 981 716 1058 fumalistis,
741 1002 760 1042 a
783 982 914 1063 singulis
945 983 1039 1044 sumis
1068 1004 1165 1044 unum
1197 986 1333 1064 equitem
1358 995 1390 1046 et
1419 987 1499 1047 duos
1523 1007 1576 1066 pe·

299 1089 379 1149 dites
402 1090 620 1169 producendis,
645 1091 690 1150 sic
717 1101 748 1150 et
771 1092 887 1151 liberae
912 1091 1055 1151 civitates
1079 1112 1149 1151 cum
1167 1093 1272 1153 debito
1288 1094 1419 1155 militum
1435 1114 1575 1171 numero,

299 1206 393 1276 atque
417 1198 511 1257 etiam
535 1198 655 1258 nobiles
679 1199 770 1258 unius
794 1200 952 1276 sessioniS,
976 1208 1008 1259 et
1043 1201 1222 1261 armalistae
1257 1202 1323 1262 suis
1358 1203 1388 1262 in
1424 1205 1575 1282 personis,

297 1324 408 1365 omnes
430 1306 556 1365 omnino
581 1306 676 1365 armis
701 1316 731 1366 et
755 1326 888 1382 annona,
913 1307 1101 1387 reliquisque
1133 1308 1173 1368 ad
1204 1308 1452 1390 belligerendum
1486 1330 1576 1389 opor-

296 1420 370 1472 tune
394 1412 560 1487 instructis,
584 1413 851 1474 indiscriminatim
875 1414 1084 1494 comparituri,
1108 1435 1165 1494 pro
1188 1416 1239 1476 die
1270 1426 1303 1477 et
1334 1419 1411 1491 locO,
1435 1419 1510 1478 dum
1544 1428 1576 1479 et

298 1521 424 1599 quando
447 1520 587 1599 proxime
612 1532 717 1581 tamen
742 1541 798 1601 per
821 1542 878 1582 nos
902 1523 1143 1597 denominando,
1166 1524 1198 1583 in
1229 1544 1376 1604 campum
1407 1528 1574 1601 confluere,

295 1635 328 1686 et
350 1646 397 1703 ea,
430 1647 512 1707 quae
544 1648 601 1709 pro
637 1630 763 1689 servitio
796 1649 873 1689 suae
906 1630 1079 1691 maiestatis
1111 1633 1343 1693 sacratissimae
1375 1635 1573 1694 effectuanda

294 1734 416 1817 luerint,
440 1736 552 1815 exequi
576 1736 696 1814 possint
720 1746 751 1795 et
775 1737 919 1814 debeant,
942 1757 982 1797 ne
1007 1739 1047 1797 ob
1063 1737 1324 1799 intermissionem
1341 1741 1468 1821 benigni
1484 1761 1570 1801 man·

293 1843 359 1903 dati
382 1844 539 1922 publicum
564 1863 640 1905 suae
664 1845 846 1905 maiestates
878 1846 1110 1906 sacratissimae
1140 1848 1310 1924 servitium,
1343 1848 1374 1907 in
1405 1868 1569 1909 commune

297 1951 391 2011 etiam
415 1950 657 2012 Christianitatis
681 1953 797 2012 bonum
829 1954 1006 2033 devergens
1038 1954 1189 2013 iacturam
1221 1956 1342 2025 subeat,
1374 1962 1480 2016 nostro
1503 1976 1568 2016 om·

294 2058 378 2117 nium
401 2058 505 2118 futuro
530 2058 737 2136 incommodo,
762 2068 793 2120 et
816 2060 1030 2139 indignatione
1054 2061 1287 2121 clementissimi
1310 2063 1436 2125 domini.

400 2166 575 2244 Eapropter
598 2166 801 2227 dominationi
826 2175 949 2228 vestrae
973 2186 1149 2248 generosae
1174 2170 1362 2229 authoritate
1385 2180 1493 2231 nostra
1515 2171 1570 2230 ba-

294 2274 357 2333 nali
381 2273 609 2349 committimus,
634 2283 667 2333 ut
691 2294 769 2355 erga
801 2276 1008 2353 praemissam
1039 2276 1274 2354 dispositionem
1299 2297 1342 2351 se,
1365 2278 1570 2357 hominesque

292 2401 367 2441 suos
391 2382 433 2441 ita
457 2383 678 2461 adpromptare
710 2383 793 2460 velit,
826 2402 888 2461 quo
920 2384 951 2443 in
982 2385 1122 2463 proxime
1153 2384 1325 2445 intimando
1356 2386 1497 2463 termino,
1529 2388 1570 2446 ad

293 2492 508 2569 promovenda
531 2491 659 2550 servitia
683 2492 835 2565 militaria,
861 2511 931 2551 cum
963 2491 1141 2553 hominibus
1173 2494 1237 2553 suis
1270 2513 1326 2573 pro
1358 2494 1569 2553 continuando

293 2598 500 2675 campiductu‚
525 2598 681 2676 requisitis
704 2600 848 2659 omnibus
872 2598 1038 2673 instructis,
1062 2600 1190 2661 indilate
1214 2619 1406 2680 comparere,
1429 2609 1461 2661 et
1483 2601 1568 2661 beni-

295 2724 377 2785 gnae
402 2724 479 2765 suae
503 2706 675 2767 maiestatis
699 2706 884 2767 ordinationi
909 2725 966 2786 pro
991 2706 1190 2766 articulorum
1214 2716 1345 2767 eatenus
1378 2708 1569 2767 sancitorum

291 2813 459 2892 exigentia,
476 2833 546 2875 sese
571 2816 777 2876 accomodare
794 2815 891 2894 possit
916 2824 947 2874 et
970 2822 1133 2897 teneatur.
1146 2815 1288 2876 Eandem
1312 2817 1350 2875 de
1374 2815 1493 2894 reliquo
1518 2816 1571 2875 diu

291 2919 421 2980 leliciter
444 2922 645 3001 supervivere
670 2929 864 3000 exoptamus.
888 2921 1004 2982 Datum
1027 2922 1178 2997 Viennae,
1207 2920 1254 2984 10.
1279 2922 1352 2982 maii
1380 2919 1475 2984 1695.

398 3045 579 3108 Generosae
603 3047 822 3108 dominationis
846 3053 970 3107 vestrae
996 3049 1166 3107 benevolus
1236 3108 1239 3111 .

747 3191 864 3250 Comes
888 3189 1030 3250 Adamus
1054 3191 1094 3250 de
1117 3191 1284 3267 Batthyan,
1307 3191 1408 3250 banus
1431 3211 1471 3252 m.
1496 3209 1524 3268 p.

396 3317 438 3374 ln
462 3317 602 3376 dorso:
627 3317 790 3377 Generoso
823 3317 948 3377 domino
984 3318 1077 3377 Petro
1112 3289 1250 3392 Valicza,
1286 3318 1392 3377 comiti
1427 3317 1567 3377 terrestri

288 3422 402 3502 Campi
427 3425 593 3502 Turopolia
619 3435 686 3499 etc,
710 3425 799 3486 nobis
822 3425 1117 3486 observandissimo.

395 3548 540 3620 Originale
559 3548 748 3614 chartaceum,
768 3566 785 3601 a
809 3556 891 3618 tergo
917 3564 1087 3615 appressum
1114 3546 1246 3618 sigillum,
1275 3564 1333 3614 quo
1364 3547 1445 3600 litera
1473 3546 1569 3600 clausa

288 3645 356 3696 erat.
375 3639 406 3691 ln
426 3639 540 3692 archivo
559 3654 701 3692 commun.
720 3640 786 3692 nob.
806 3640 843 3692 de
862 3638 1024 3708 Turopolje.

879 3923 979 3993 10⁷.

395 4129 486 4187 Anno
516 4125 607 4188 1695.
632 4124 683 4187 20.
707 4125 779 4186 iulii.
804 4123 989 4202 Zagrabiae.

286 4322 482 4406 Stephanus
493 4318 732 4393 Selischeuich,
746 4318 924 4402 episcopos
940 4315 1195 4402 Zagrabiensiq
1210 4315 1331 4378 comiti
1347 4317 1425 4379 terr.
1444 4311 1567 4395 Campi

293 4430 476 4516 Turopolia
495 4428 685 4506 committit,
709 4430 747 4489 ut
769 4425 897 4510 equites
915 4431 981 4509 pro
1004 4423 1190 4508 differendi
1204 4422 1316 4485 literis
1330 4424 1362 4484 et
1385 4421 1564 4483 internun-

735 4533 809 4611 ciis,
828 4535 972 4617 poratos
996 4533 1115 4596 teneat.

501 4735 663 4795 Generose
688 4733 812 4793 domine
837 4731 912 4790 mihi
934 4729 1229 4790 observandissime.

395 4861 531 4942 Singulis
556 4859 639 4919 horis
671 4866 702 4917 et
732 4857 897 4918 momentis
933 4857 1141 4935 praestolatur
1177 4856 1330 4914 adventus
1365 4853 1561 4911 dominorum

289 4968 575 5040 commissariorum
592 4967 726 5033 Graecio
750 4965 992 5041 advenientium,
1016 4983 1071 5043 pro
1089 4964 1252 5024 educenda
1267 4961 1375 5021 militia
1392 4958 1565 5020 Petrinensl

1463 5079 1480 5114 *
