3934 5550
1489 447 1559 517 229

379 666 419 727 ln
455 669 596 729 dorso:
633 666 797 729 Generoso
833 666 959 728 domino
992 668 1087 729 Petro
1118 668 1370 745 Szenlrouachlry
1400 669 1554 729 Wallicza

272 777 364 845 dicto,
399 776 610 837 universitatis
643 776 793 837 nobilium
828 775 942 856 Campi
976 776 1200 857 Zagrabiensis
1234 776 1417 855 Turopolya
1449 777 1554 838 vocati

273 884 378 945 comiti
402 885 550 959 terrestri,
574 884 702 945 domino
724 885 931 946 observando.

376 1006 521 1079 Originale
540 1006 729 1075 chartaceum,
749 1024 766 1061 a
784 1014 866 1078 tergo
885 1023 1055 1075 appressum
1074 1014 1119 1061 est
1137 1007 1269 1077 sigillum,
1291 1022 1350 1077 quo
1365 1007 1446 1061 litera
1460 1006 1558 1061 clausa

272 1104 339 1150 erat.
360 1097 390 1150 ln
410 1098 523 1151 archivo
543 1112 684 1151 commun.
704 1098 769 1151 nob.
789 1099 826 1151 de
846 1098 1009 1168 Turopolje.

863 1418 967 1490 1⁸1.

378 1616 471 1676 Anno
499 1614 591 1679 1698.
620 1616 666 1679 12.
692 1618 826 1698 augusti.
852 1619 885 1678 ln
910 1620 1068 1699 Ludbreg.

271 1807 429 1873 Adamas
451 1808 492 1875 de
515 1810 701 1895 Batthyon,
733 1810 853 1889 bonus,
888 1812 1010 1877 comiti
1043 1814 1203 1878 terrestri
1241 1813 1366 1899 Compi
1404 1814 1436 1879 T
1432 1821 1554 1901 uropo·

273 1915 396 1980 liensis
419 1917 614 1998 committit,
637 1922 677 1982 ut
701 1940 780 1983 cum
799 1919 962 2005 gentibus
984 1920 1139 1986 eiusdem
1167 1920 1291 2006 Compi
1313 1922 1360 1986 ad
1381 1922 1551 1989 Hraszto·

747 2026 881 2092 mazam
905 2048 940 2093 se
963 2028 1074 2093 sarar.

486 2242 647 2304 Generose
671 2243 796 2310 domine
819 2246 910 2306 nobis
933 2246 1227 2308 observandissime.

379 2386 520 2447 Salutem
544 2396 575 2448 et
598 2390 695 2449 nostri
719 2390 1031 2451 commendationem.
1055 2389 1136 2452 Cum
1160 2391 1322 2451 servitium
1344 2411 1421 2453 suae
1437 2393 1550 2455 maies-

272 2493 345 2553 tatis
369 2494 609 2567 sacratissimae,
634 2496 751 2557 domini
775 2496 891 2557 domini
914 2498 1013 2557 nostri
1036 2498 1277 2573 clementissimi,
1300 2498 1479 2578 bonumque
1497 2520 1553 2578 pu·

273 2601 387 2661 blicum
411 2602 526 2684 exigat,
549 2612 583 2663 ut
606 2623 668 2683 quo
692 2604 857 2683 copiosiori
889 2604 955 2665 fieri
986 2613 1091 2685 potest
1122 2624 1260 2680 numero,
1297 2607 1337 2666 ad
1369 2610 1553 2687 exequenda

273 2710 414 2771 eiusdem
450 2711 681 2772 sacratissimae
714 2713 886 2774 maiestatis
922 2714 1080 2789 mandata,
1112 2714 1389 2795 observandosque
1425 2715 1553 2777 hostiles

273 2829 376 2881 motus
400 2821 432 2880 in
463 2840 609 2900 campum
640 2823 839 2902 prodeamus,
870 2823 986 2883 idcirco
1016 2823 1139 2900 inclytis
1168 2824 1301 2884 statibus
1331 2832 1363 2884 et
1394 2825 1554 2886 ordinibus

272 2929 356 2989 serio
392 2929 612 3008 publicandum
646 2949 717 2990 esse
752 2931 905 3005 duximus,
942 2939 1098 3010 quatenus
1128 2950 1185 3010 pro
1219 2931 1269 2992 die
1301 2928 1353 2992 23.
1377 2932 1552 3010 praesentis

271 3036 398 3114 mensis,
430 3039 643 3118 unusquisque
675 3057 732 3117 pro
763 3038 854 3100 solita
886 3037 1078 3118 obligatione
1109 3057 1177 3114 sua,
1211 3040 1305 3100 modo
1340 3039 1485 3100 videlicet
1519 3047 1551 3098 et

271 3143 419 3203 methodo
443 3144 472 3203 in
497 3145 651 3223 prioribus
680 3146 791 3206 castris
823 3145 984 3206 observari
1019 3146 1126 3220 solitis,
1160 3146 1254 3206 armis
1286 3147 1367 3206 bene
1399 3146 1548 3221 instructi,

272 3267 460 3330 annonaque
484 3270 541 3329 pro
565 3270 621 3310 sex
645 3251 827 3330 septimanis
852 3252 1043 3312 sufficienter
1065 3253 1190 3332 provisi,
1208 3252 1333 3331 (quibus
1349 3252 1470 3312 effluxis
1494 3272 1548 3314 an·

272 3375 355 3416 nona
378 3376 537 3432 caesarea,
562 3357 587 3418 si
612 3377 651 3418 ea
674 3377 753 3437 opus
777 3359 869 3418 luerit
892 3359 981 3418 nobis
1005 3362 1215 3436 succurretur)
1232 3360 1273 3420 ad
1289 3360 1549 3421 llrasztouiczam

270 3483 304 3524 se
329 3463 448 3541 sistere,
472 3465 575 3546 ibique
601 3485 698 3545 usque
723 3485 785 3544 quo
809 3465 987 3527 ulteriorem
1010 3475 1151 3527 nostrum
1181 3467 1378 3547 perceperint
1408 3467 1549 3528 ordinem

270 3572 439 3634 subsistere
464 3582 637 3636 teneantur.
661 3575 862 3654 Quapropter
884 3574 1089 3634 dominationi
1101 3583 1226 3636 vestrae
1243 3593 1419 3655 generosae
1435 3575 1547 3636 barum

270 3678 351 3739 serie
375 3680 564 3740 authoritate
588 3689 696 3742 nostra
718 3680 824 3741 banali
847 3681 975 3742 finnitcr
999 3682 1228 3762 praecipientes
1263 3681 1484 3743 committimus
1517 3690 1548 3741 et

270 3788 465 3863 mandamus,
489 3796 643 3866 quatenus
667 3797 779 3866 gentes
803 3787 916 3867 Campi
941 3788 1129 3868 Turopoliae
1154 3807 1210 3866 pro
1234 3789 1284 3848 die
1309 3797 1340 3848 et
1363 3790 1432 3850 loco
1456 3808 1545 3868 prae·

268 3893 379 3968 missis,
403 3913 473 3954 cum
497 3894 684 3972 provisione,
709 3903 742 3954 ut
765 3895 971 3973 praemissum
1002 3904 1058 3972 est,
1081 3915 1137 3954 sex
1169 3895 1416 3975 septimanarum
1449 3915 1545 3956 anno-

267 4019 335 4076 nae,
359 4001 556 4061 infallibiliter
579 4002 610 4061 in
635 4021 780 4082 campum
813 4003 932 4076 sistere,
964 4004 1093 4081 solaque
1124 4004 1329 4082 personaliter
1360 4023 1543 4083 comparere

266 4108 381 4168 debeat
405 4117 435 4168 et
459 4117 612 4180 teneatur,
644 4109 702 4169 nisi
733 4109 907 4170 articularis
941 4111 1148 4171 conclusionis
1180 4111 1211 4170 in
1246 4112 1369 4171 delectu
1401 4112 1544 4192 vigorem

267 4216 398 4292 experiri
422 4217 503 4276 velit
528 4216 697 4277 Caeterum
722 4218 838 4278 valebit
860 4215 1067 4279 foelicissime.
1092 4218 1208 4278 Datum
1232 4218 1388 4300 Ludbreg,
1418 4218 1464 4282 12.
1490 4240 1543 4279 au-

267 4322 350 4399 gusti
375 4341 457 4382 anno
485 4319 577 4385 1698.

372 4447 520 4508 Eiusdem
545 4450 573 4510 d.
597 4457 722 4510 vestrae
747 4469 922 4530 generosae
945 4450 1117 4512 benevolus

722 4590 840 4653 Comes
863 4592 1006 4652 Adamus
1029 4593 1069 4652 de
1093 4592 1258 4669 batthyan,
1282 4593 1381 4652 banus
1405 4613 1445 4654 m.
1468 4613 1496 4673 p.

371 4734 412 4794 ln
438 4734 580 4794 dorso:
605 4735 767 4797 Generoso
791 4737 916 4798 domino
940 4737 1034 4798 Petro
1051 4737 1187 4812 Valicza,
1204 4737 1414 4798 universitatis
1431 4737 1544 4817 Campi

268 4841 455 4919 Turopoliae
481 4842 585 4902 comiti
610 4845 748 4903 terrestri
773 4853 840 4918 etc,
872 4845 961 4904 nobis
994 4846 1200 4906 observando.

1078 4973 1112 5030 ln
1136 4971 1258 5049 Campo
1283 4971 1309 5029 T
1310 4971 1499 5046 uropolensi.
