3934 5550
430 389 467 452 l2

425 607 700 685 Czwetblrowyclt‚
726 626 762 666 ac
796 607 932 680 Petrum,
965 605 1149 666 Matbaeum
1180 617 1211 666 et
1241 605 1395 667 Thomam
1430 605 1636 684 Santborych,
1672 615 1704 669 et

426 717 594 776 Antonium
631 714 789 790 Klaezych
825 714 856 773 in
892 713 1064 773 dominium
1099 714 1238 774 eiusdem
1274 723 1305 774 et
1339 715 1412 774 dicti
1451 715 1525 775 iuris
1560 717 1639 796 regii
1674 716 1705 775 in

425 825 536 884 eadem
560 823 665 896 habiti,
690 822 913 900 statuissetque
938 821 1071 881 eandem
1097 831 1129 881 et
1151 821 1232 881 idem
1258 822 1386 895 eisdem,
1410 823 1611 902 ipsorumque
1627 825 1701 883 hae·

426 931 551 991 redibus
588 939 619 991 et
653 929 889 1008 posteritatibus
920 929 1076 988 universis
1108 929 1300 1006 praemissae
1333 949 1434 990 novae
1466 930 1643 990 donationis
1674 940 1705 990 et

426 1041 501 1100 iuris
525 1039 605 1118 regii
629 1039 724 1097 titulis
749 1037 824 1116 ipsis
848 1037 1108 1110 incumbentibus,
1133 1038 1223 1096 simul
1247 1055 1318 1096 cum
1342 1040 1462 1098 cunctis
1492 1039 1557 1098 suis
1590 1040 1704 1099 utilita-

425 1149 507 1207 tibus
532 1157 563 1208 et
587 1147 781 1225 pertinentiis
805 1145 995 1224 quibuslibet
1018 1150 1169 1223 perpetuo
1199 1145 1430 1224 possidendum,
1462 1148 1546 1206 nullo
1581 1147 1704 1226 penitus

425 1265 538 1316 extunc
572 1254 655 1324 inibi,
691 1262 723 1312 et
757 1271 859 1331 neque
895 1262 1006 1330 expost
1040 1253 1089 1311 bic
1123 1271 1228 1313 coram
1260 1253 1349 1313 nobis
1382 1254 1413 1313 in
1437 1254 1573 1333 capitulo
1596 1263 1703 1314 nostro

426 1363 655 1424 contradictore
681 1370 861 1440 apparente,
885 1360 1032 1441 legitimis
1057 1379 1093 1421 ac
1117 1361 1265 1442 congruis
1289 1371 1321 1421 et
1343 1362 1569 1422 sufficientibus
1593 1362 1703 1422 diebus

425 1473 511 1532 iuxta
535 1471 627 1530 buius
651 1470 741 1549 regni
766 1469 970 1548 approbatam
996 1469 1251 1529 consvetudinem
1277 1469 1395 1529 eisdem
1418 1470 1508 1549 regio
1536 1478 1567 1529 et
1597 1480 1704 1530 nostro

425 1579 601 1639 hominibus
625 1578 717 1638 simul
740 1596 811 1636 cum
843 1576 933 1635 dictis
957 1576 1067 1635 vicinis
1098 1585 1129 1635 et
1160 1577 1383 1637 commetaneis
1412 1577 1528 1637 ibidem
1561 1578 1592 1637 in
1624 1578 1704 1638 lacie

425 1689 527 1748 dictae
559 1685 768 1766 possessionis
799 1685 996 1760 Woynoscz‚
1028 1704 1064 1743 ac
1100 1684 1255 1744 curiarum
1286 1685 1494 1745 nobilitarium
1523 1686 1556 1745 in
1591 1687 1702 1746 eadem

425 1795 601 1854 habitarum
625 1792 881 1871 permanentibus
906 1799 937 1850 et
960 1809 1080 1851 moram
1105 1792 1283 1852 continuam
1319 1792 1512 1854 facientibus.
1548 1793 1581 1852 ln
1614 1793 1703 1852 cuius

426 1903 471 1961 rei
495 1899 679 1960 memoriam
713 1917 744 1958 et
775 1899 995 1975 testimonium,
1025 1899 1266 1978 firmitatemque
1302 1908 1494 1978 perpetuam,
1518 1909 1701 1978 praesentes

427 2010 546 2068 litteras
578 2016 703 2066 nostras
738 2005 966 2085 privilegialeS‚
1009 2006 1173 2082 pendentis
1209 2015 1240 2066 et
1275 2006 1444 2066 authentici
1478 2007 1571 2087 sigilli
1605 2008 1703 2067 nostri

425 2115 595 2176 munimine
621 2114 792 2188 roboratas,
816 2122 990 2172 memorato
1016 2113 1160 2188 Martino,
1183 2115 1354 2192 Stephano,
1379 2114 1523 2193 Gaspari,
1547 2115 1703 2191 Michaeli,

427 2224 584 2294 Mamaea,
615 2221 721 2294 Paulo,
754 2220 895 2279 Thomae
926 2229 957 2279 et
988 2221 1094 2279 loanni
1127 2221 1401 2298 Czwetbltowycb,
1431 2241 1469 2280 ac
1498 2223 1600 2296 Petro,
1635 2223 1704 2282 Ma·

424 2333 518 2391 thaeo
542 2338 573 2389 et
596 2329 738 2388 Thomae
761 2328 958 2404 Santborych
983 2347 1019 2387 ac
1052 2329 1187 2388 Antonio
1211 2329 1379 2405 Klaezych,
1403 2329 1604 2408 ipsorumque
1628 2330 1702 2389 hae-

431 2439 556 2500 redibus
588 2445 619 2497 et
642 2436 876 2516 posteritatibus
907 2436 1061 2496 universis
1094 2445 1245 2515 perpetuo
1274 2438 1424 2498 valituras
1455 2438 1598 2498 duximus
1628 2439 1704 2498 dan·

428 2548 485 2606 das
510 2555 540 2606 et
564 2545 792 2605 concedendas.
819 2545 933 2603 Datum
958 2553 1047 2603 sexto
1081 2545 1202 2604 decimo
1231 2545 1282 2604 die
1314 2544 1375 2604 diei
1407 2545 1643 2604 introductionis
1672 2553 1703 2605 et

428 2653 606 2715 statutionis
629 2659 892 2730 praenotatamm,
910 2671 993 2711 anno
1015 2652 1133 2712 domini
1156 2652 1320 2712 millesimo
1343 2652 1596 2732 quingentesimo
1613 2672 1703 2712 sexa·

428 2762 549 2843 gesimo
575 2759 721 2821 secundo.

533 2902 623 2969 Copia
642 2918 705 2955 cum
725 2902 853 2971 originali
871 2902 972 2955 collata
991 2919 1043 2970 per
1058 2902 1238 2955 Franciscum
1255 2902 1387 2967 Vrbanid‚
1401 2902 1514 2955 tabulae
1526 2902 1635 2955 banalis
1655 2920 1704 2954 no-

426 2994 537 3046 tarium.
557 2994 586 3045 ln
607 2992 721 3045 archivo
740 3008 882 3047 commun.
902 2992 967 3046 nob.
988 2993 1025 3045 de
1043 2992 1205 3062 Turopoljc.

536 3156 542 3182 ¹
566 3156 604 3207 l-l.
625 3156 698 3207 maii.
738 3154 749 3183 ²
770 3155 811 3207 sic
832 3155 1067 3226 (Dabysowlychl.

532 3660 624 3718 Anno
653 3654 745 3719 1562.
769 3656 820 3719 24.
843 3658 1031 3717 novembris.
1056 3656 1241 3737 Zagrabiae.

425 3852 631 3918 Ambrosius
654 3850 694 3913 de
721 3850 971 3935 Gregoryarrcz,
997 3848 1186 3929 vicebanuS,
1207 3855 1272 3933 pro
1291 3852 1388 3934 parte
1408 3850 1575 3937 Gregorii
1590 3852 1701 3916 [mez-

425 3958 571 4045 kowyclz‚
605 3957 773 4042 qrrosdarrr
797 3956 886 4020 duas
908 3956 1038 4036 Hieras,
1063 3978 1171 4021 unam
1194 3957 1284 4020 anni
1319 3958 1402 4035 1455.
1431 3966 1464 4021 et
1493 3958 1640 4022 alteram
1671 3980 1701 4022 a.

906 4079 995 4143 1445.
1020 4064 1220 4129 transumit.

531 4265 597 4323 Nos
621 4262 805 4322 Ambrosius
830 4262 970 4321 literatus
994 4262 1033 4321 de
1057 4261 1291 4341 Gregoryancz,
1315 4264 1404 4341 regni
1428 4264 1594 4324 Sclauonie
1619 4265 1701 4325 vice·

425 4376 534 4447 banus,
558 4391 594 4431 ac
619 4390 734 4445 comes,
758 4379 789 4429 et
812 4370 930 4430 iudices
954 4368 1101 4429 nobilium
1126 4370 1291 4429 comitatus
1324 4371 1556 4450 ZagrabiensiS,
1589 4374 1701 4432 damus

425 4500 481 4559 pro
505 4477 664 4555 memoria,
688 4478 771 4557 quod
796 4497 867 4536 cum
891 4478 922 4535 in
954 4477 1091 4555 quadam
1126 4490 1223 4536 causa
1258 4477 1338 4536 inter
1372 4478 1508 4537 nobilem
1541 4478 1700 4540 dominam

426 4586 660 4667 Margaretham
685 4592 861 4645 consortem
886 4583 997 4642 nobilis
1028 4583 1164 4642 Simonis
1196 4584 1354 4661 Krwpycb
1386 4584 1426 4643 de
1458 4586 1552 4665 Nagh
1585 4587 1702 4660 Mlalra,

427 4694 605 4754 viceiudicis
629 4692 776 4751 nobilium
802 4690 940 4750 eiusdem
966 4690 1132 4750 comitatus
1163 4691 1395 4769 Zagrabiensis
1426 4693 1522 4753 filiam
1545 4713 1621 4753 vero
1645 4714 1699 4753 no·

424 4802 493 4861 bilis
517 4801 675 4879 quondam
699 4798 845 4857 Anthonii
872 4798 1088 4873 Laczkowycb
1113 4797 1152 4856 de
1177 4798 1288 4856 eadem
1313 4798 1407 4877 Nagh
1439 4800 1554 4873 Mlalra,
1584 4809 1619 4859 ut
1649 4820 1700 4860 ac-

425 4910 531 4969 tricem
557 4910 596 4967 ab
621 4926 691 4980 una,
716 4918 802 4986 parte
829 4926 903 4965 vero
928 4907 967 4965 ab
993 4906 1099 4976 altera,
1123 4906 1257 4965 nobilem
1282 4906 1470 4982 Gregorium
1505 4910 1601 4967 lilium
1631 4928 1701 4987 pre·
