3934 5550
404 409 474 478 384

400 629 557 707 provisam
589 629 678 688 simul
710 649 780 689 cum
812 629 937 690 lornaoe
970 630 1116 707 pistorea,
1138 649 1220 708 quae
1245 629 1347 689 culina
1370 629 1401 687 in
1426 628 1560 690 inferiori
1596 637 1684 707 parte

402 737 596 816 reparatione
608 735 737 816 indiget.
748 737 834 796 Idem
847 735 992 796 dominus
1004 755 1060 815 pro
1074 737 1248 817 errigeudis
1260 736 1350 796 novis
1363 737 1581 815 suprascriptis
1595 736 1679 796 aedi-

400 843 479 903 ficiis
510 844 549 903 ab
581 843 757 904 hominibus
790 833 898 904 vicinis
930 846 1043 903 robora
1067 844 1140 906 Nro.
1165 842 1207 904 35
1232 852 1340 904 mutuo
1363 843 1493 922 accepit,
1526 863 1608 922 quae
1632 861 1679 902 ro·

400 951 477 1012 bora
511 951 615 1011 omnia
652 953 813 1011 restituere
849 951 950 1026 debet,
983 971 1041 1029 pro
1075 953 1188 1030 quibus
1228 950 1427 1012 restituendis
1458 950 1586 1010 arbores
1618 949 1681 1010 iam

401 1058 547 1138 aquisivit
569 1059 643 1119 Nro.
672 1059 719 1120 15.

512 1191 558 1254 13.
584 1193 699 1253 Paulus
723 1193 880 1271 Plepelich
904 1193 1033 1269 Gyurelr
1057 1193 1165 1264 dictus,
1190 1192 1285 1252 babet
1308 1192 1436 1252 domum
1459 1192 1584 1265 bonam,
1609 1211 1679 1271 per·

401 1302 505 1380 pluum
530 1309 645 1362 tectum
670 1300 701 1360 in
726 1300 851 1372 ambitu,
874 1300 1003 1360 basibus
1019 1300 1219 1380 indigentem,
1242 1299 1438 1360 horreunrex
1470 1298 1604 1377 antiquis
1635 1318 1683 1359 ro·

400 1410 529 1469 boribus
553 1430 617 1469 non
640 1408 759 1487 pridem
790 1417 942 1467 errectum
967 1409 1034 1468 sine
1059 1417 1156 1486 porta,
1181 1408 1274 1466 baras
1298 1409 1338 1468 ad
1362 1406 1382 1466 3
1411 1414 1517 1486 portas
1548 1407 1684 1468 interiori

399 1517 579 1596 pavimento
610 1517 692 1576 bono
724 1524 876 1588 carentes
908 1535 1000 1575 secus
1029 1516 1061 1574 in
1095 1515 1177 1574 bono
1205 1523 1296 1578 statu.
1320 1516 1397 1575 Item
1422 1515 1499 1575 alias
1523 1516 1616 1574 baras
1641 1516 1681 1575 ad

400 1625 480 1684 duas
502 1626 663 1684 clausuras
687 1624 766 1682 tales
790 1633 880 1703 prout
912 1623 1040 1702 priores.
1073 1624 1148 1682 ltem
1173 1642 1330 1683 cameram
1356 1623 1386 1682 in
1410 1623 1492 1682 malo
1516 1631 1600 1682 statu
1625 1642 1679 1682 an·
1781 1652 1786 1660 ·

399 1731 525 1810 tiquam.
562 1732 637 1790 ltem
674 1731 832 1791 camerula
869 1731 1027 1790 Barbarae
1062 1730 1218 1808 privativa
1246 1730 1278 1790 in
1302 1738 1385 1789 statu
1419 1730 1511 1803 bono,
1540 1730 1678 1790 culinam

399 1838 585 1898 forinsecam
610 1857 681 1897 cum
704 1837 831 1897 fornace
856 1836 994 1914 pistorea
1018 1837 1048 1896 in
1072 1837 1155 1897 bono
1179 1846 1271 1898 statu.

511 1972 557 2032 14.
582 1972 701 2032 Nobilis
725 1972 866 2032 Barbara
898 1971 992 2031 vidua
1023 1971 1143 2032 Mathia
1175 1971 1301 2042 Rebich,
1332 1991 1414 2050 quae
1446 1973 1562 2032 nullum
1594 1989 1680 2032 mas-

398 2081 500 2139 culum
531 2081 635 2141 habet.
668 2080 801 2140 Domum
832 2057 957 2152 bonam,
988 2081 1133 2140 horreum
1158 2080 1252 2140 etiam
1283 2079 1400 2140 bonum
1423 2079 1550 2140 basibus
1575 2079 1678 2158 aliquo

397 2194 540 2265 tempore
573 2187 734 2268 indigens3
766 2187 839 2248 item
863 2205 961 2267 penes
985 2188 1130 2246 horreum
1156 2188 1265 2247 barula
1288 2187 1462 2260 mediocris,
1487 2187 1678 2247 camerulam

402 2294 497 2354 habet
520 2285 614 2355 unam
630 2294 758 2355 basibus
781 2295 983 2376 indigentem,
1007 2295 1167 2356 lomacem
1182 2295 1360 2374 pistoream,
1383 2295 1466 2356 bono
1481 2305 1565 2355 tecto
1585 2302 1679 2357 caret.

509 2430 554 2492 15.
579 2429 765 2508 Spectabilis
787 2430 904 2510 domini
929 2431 1098 2490 assessoris
1122 2431 1279 2509 Plepelich
1295 2431 1382 2491 curia
1398 2431 1527 2510 antiqua
1542 2430 1574 2489 in
1591 2438 1676 2490 statu

397 2535 492 2610 bono,
515 2546 586 2616 post
609 2538 727 2616 aliquot
750 2545 874 2616 tempus
897 2538 1025 2598 basibus
1053 2537 1214 2618 indigebit,
1238 2547 1355 2598 tectum
1379 2538 1473 2598 lrabet
1496 2539 1677 2616 perpluum;

400 2643 473 2702 item
507 2645 653 2704 horreum
684 2644 777 2704 babet
809 2645 969 2724 antiquum
1003 2645 1209 2724 reparatione,
1241 2646 1291 2706 vel
1313 2645 1417 2724 potius
1441 2663 1523 2705 novo
1558 2643 1678 2724 indiget

401 2749 536 2825 meliori;
559 2751 631 2812 item
650 2751 848 2832 foenilegium
873 2752 913 2813 ad
935 2752 1096 2812 columnas
1125 2749 1163 2811 16
1179 2752 1262 2813 circa
1278 2751 1398 2813 circum
1416 2751 1574 2814 asseribus
1588 2770 1678 2831 quer·

402 2858 479 2918 cinis
503 2859 681 2933 obductum,
705 2858 824 2939 indiget
848 2858 1000 2919 columnis
1016 2858 1122 2933 novis;
1146 2860 1220 2919 item
1243 2859 1397 2920 stabulum
1423 2880 1493 2920 cum
1517 2860 1680 2939 granari03

401 2974 432 3025 et
463 2966 670 3044 suppositorio
701 2985 847 3026 curruum
877 2966 908 3026 in
939 2967 1021 3027 bono
1053 2976 1145 3042 statu,
1175 2968 1232 3027 sed
1263 2966 1295 3026 in
1326 2967 1448 3027 stabulo
1472 2967 1576 3047 aliqua
1606 2986 1680 3047 pars

401 3090 463 3130 non
487 3071 570 3131 bono
594 3072 773 3150 pavimento
797 3072 934 3134 inferiori
956 3072 1091 3152 provisa
1116 3073 1251 3132 Basibus
1274 3074 1368 3133 etiam
1389 3055 1549 3155 indigebit,
1564 3082 1679 3133 tectum

400 3178 431 3237 in
455 3178 563 3257 quinta
590 3188 678 3258 parte
711 3178 892 3239 assericium
923 3199 986 3240 non
1017 3181 1141 3241 bonurn.
1177 3181 1255 3239 ltem
1285 3180 1421 3240 culinam
1452 3200 1522 3241 curn
1553 3181 1680 3241 fornace

401 3286 536 3364 pistorea
560 3287 696 3347 inbono
721 3294 803 3347 statu
827 3287 932 3366 quoad
955 3290 1069 3348 omnia.
1122 3288 1199 3347 Item
1224 3288 1335 3348 domus
1359 3288 1500 3350 lamulitii
1524 3308 1594 3347 cum
1618 3288 1679 3347 cel·

399 3392 477 3453 lario
500 3403 531 3452 et
554 3412 679 3454 camera
704 3413 759 3472 pro
783 3394 923 3455 caulibus
947 3404 1041 3474 atque
1065 3395 1211 3454 viridario
1234 3394 1266 3454 in
1289 3404 1373 3456 statu
1396 3414 1488 3459 secus
1505 3396 1596 3469 bono,
1623 3394 1680 3454 sed

401 3500 431 3558 in
456 3500 573 3559 ambitu
596 3500 673 3577 basi,
697 3510 779 3561 tecto
803 3510 908 3561 autem
932 3509 999 3561 toto
1023 3502 1172 3561 assericio
1196 3501 1356 3582 indigebit.
1380 3503 1457 3562 ltem
1477 3502 1605 3561 harulae
1622 3521 1658 3580 pr

401 3607 583 3686 saginandis
614 3608 716 3685 porcis
748 3608 930 3669 mediocres.
963 3609 1067 3668 Haras
1091 3610 1260 3683 maialiunr,
1283 3619 1348 3668 tum
1373 3609 1468 3669 etiam
1492 3609 1680 3683 animalium,

402 3714 453 3773 ubi
478 3724 508 3773 et
532 3714 636 3792 pojata
673 3715 756 3775 dicta
781 3716 812 3775 in
836 3697 920 3775 statu
943 3716 1034 3789 bonu,
1069 3717 1125 3775 sed
1149 3716 1181 3775 in
1204 3716 1288 3776 dicta
1311 3716 1417 3794 pojata
1454 3717 1547 3776 bases
1571 3735 1678 3776 neces·

401 3822 502 3881 sariae
527 3830 626 3898 erunt,
649 3842 730 3901 quae
754 3824 850 3883 harae
875 3842 984 3883 omnes
1001 3842 1063 3883 non
1088 3832 1159 3882 sunt
1182 3824 1265 3883 bono
1289 3823 1423 3883 interiori
1447 3834 1511 3883 tarn
1534 3824 1681 3900 interiori,

401 3948 494 4006 quarn
529 3936 560 3988 et
590 3929 734 3989 exteriori
765 3931 910 4010 provisae
934 3930 1124 4011 pavimento,
1159 3932 1235 3990 ltem
1259 3930 1389 3990 harulae
1422 3930 1571 3991 alatilium
1595 3949 1679 3990 asse·

403 4036 477 4095 ricio
501 4044 584 4095 tecto
607 4036 756 4097 mediocri
779 4039 924 4116 provisae
955 4037 1084 4097 basibus
1116 4036 1301 4118 indigentes.
1332 4040 1409 4097 Item
1437 4039 1548 4097 domus
1571 4056 1679 4097 casea·

400 4162 465 4217 cea,
501 4152 532 4203 et
567 4144 693 4203 inlerius
728 4145 875 4223 dispensa
911 4144 994 4206 dicta
1030 4146 1156 4224 provisa
1191 4166 1252 4206 non
1283 4146 1366 4206 bono
1398 4155 1481 4207 tecto
1521 4146 1677 4205 assericio

399 4250 634 4311 Columbarium
665 4253 826 4313 columnas
858 4272 895 4311 ex
927 4273 1017 4312 muro
1048 4254 1167 4313 habens
1191 4254 1273 4313 bono
1297 4262 1379 4313 tecto
1403 4254 1571 4332 provisum.
1600 4254 1677 4313 ltem

398 4359 524 4419 corbem
548 4359 803 4439 sagophiraceam
828 4361 857 4420 in
882 4362 1029 4421 mediocri
1047 4370 1138 4435 statu,
1158 4362 1254 4421 habet
1276 4363 1315 4421 de
1340 4360 1498 4421 asseribus
1522 4360 1678 4440 quercinis

398 4467 592 4527 brevioribus
612 4469 750 4527 nondum
775 4470 877 4528 adhuc
901 4488 957 4546 pro
981 4476 1064 4529 tecto
1096 4469 1290 4546 praeparatis
1314 4471 1353 4528 ad
1377 4469 1518 4528 cumulos
1549 4467 1579 4528 8.
1603 4469 1677 4547 Api·

398 4575 513 4634 tarium
538 4575 568 4633 in
593 4574 683 4634 horto
707 4575 802 4635 habet
826 4596 887 4635 non
912 4577 995 4635 bono
1019 4577 1099 4635 adeo
1122 4585 1206 4635 tecto
1230 4577 1397 4655 provisum.

510 4712 556 4774 16.
571 4714 724 4773 Providus
739 4714 1110 4792 StephanusSaffranich,
1118 4714 1234 4773 domini
1247 4713 1428 4793 perillustris
1437 4712 1550 4772 notarii
1559 4712 1677 4774 Gerde·

400 4821 479 4894 niclr,
493 4820 586 4881 habet
601 4822 728 4881 domum
742 4823 929 4881 mediocrem
944 4822 1072 4881 basibus
1085 4823 1286 4901 indigentem,
1295 4823 1443 4882 horreum.
1453 4821 1680 4894 bonum,baras

396 4928 598 5009 biangulares
621 4947 721 4987 novas
747 4930 786 4989 ad
810 4928 831 4988 4
855 4930 1025 5003 clausuras,
1057 4930 1097 4989 ad
1121 4950 1200 5008 quas
1224 4930 1410 5009 pavimentis
1442 4928 1569 5009 indiget.
1598 4931 1675 4991 ltem
