3934 5550
1539 399 1609 460 391:

323 637 420 697 penes
444 636 601 678 cameram
626 636 682 696 pro
706 617 787 690 vino,
813 625 843 676 et
866 624 937 694 post
959 617 1101 676 harulam
1117 635 1213 675 unam
1229 615 1333 675 omnia
1350 616 1409 675 sub
1434 634 1496 674 uno
1519 623 1603 674 teoto

324 725 355 785 in
378 725 527 784 mediocri
551 732 644 799 statu,
667 723 828 783 fornacem
852 724 882 781 in
907 731 991 781 statu
1015 723 1172 783 mediocri.

430 831 482 892 24.
506 831 660 891 Providus
677 830 834 910 Georgius
851 829 1031 906 Cbernyak,
1047 830 1230 909 perillustris
1242 829 1358 889 domini
1375 829 1459 888 Petri
1476 828 1609 887 Modich.

323 938 479 1000 substituti
502 938 623 999 comitis
646 938 801 998 terrestris
824 938 962 1010 colonus
977 937 1073 996 habet
1096 938 1223 997 domum
1241 937 1356 996 bonam
1380 924 1524 995 omnibus
1548 953 1601 993 ne-

324 1047 468 1108 cessariis
498 1046 665 1126 provisam,
689 1046 835 1105 horreum
858 1044 975 1103 bonum
1001 1064 1073 1103 curu
1097 1062 1223 1104 camera
1246 1063 1371 1118 novum,
1395 1044 1490 1102 haras
1512 1041 1601 1101 bian-

322 1155 448 1236 gulares
480 1154 623 1232 antiquas
654 1153 694 1211 ad
724 1161 831 1230 portas
865 1151 885 1211 5
916 1151 1024 1211 ruinae
1052 1150 1219 1230 proximas,
1252 1152 1309 1213 sed
1331 1159 1437 1211 tamen
1460 1149 1600 1228 reparari

325 1269 464 1341 possunt,
495 1279 654 1320 cameram
677 1277 772 1318 unam
805 1258 962 1336 antiquam
996 1258 1192 1337 reparatione
1217 1265 1363 1338 egentem
1386 1275 1484 1336 penes
1506 1256 1603 1316 foeni·

323 1369 440 1450 legium
455 1368 564 1427 ruinae
580 1367 763 1445 proximum,
786 1365 946 1424 fornacem
962 1365 993 1423 in
1009 1374 1092 1424 statu
1107 1365 1191 1424 malo
1210 1385 1266 1444 per
1284 1364 1520 1445 negligentiam,
1536 1363 1600 1440 api·

324 1477 422 1537 arium
446 1476 612 1548 mediocre,
633 1473 793 1552 praelatus
816 1473 912 1533 habet
933 1475 1049 1532 robora
1072 1474 1137 1532 Nro
1158 1472 1196 1532 12
1220 1483 1331 1552 parata
1355 1493 1411 1552 pro
1435 1473 1603 1551 arrigenda

324 1604 407 1644 nova
431 1602 556 1643 camera
580 1591 611 1642 et
634 1582 818 1661 reparanda.

429 1689 480 1750 25.
505 1689 624 1749 Nobilis
657 1691 788 1748 loannes
811 1689 933 1768 Evang.
958 1690 1185 1750 Trumbentass
1208 1690 1304 1750 habet
1327 1690 1455 1749 domurn
1477 1690 1602 1761 bonam,

324 1797 468 1857 horreum
491 1799 617 1870 bonum,
640 1815 738 1874 penes
769 1795 970 1876 loenilegium
1003 1797 1163 1876 antiquum
1187 1797 1331 1870 dirutum,
1353 1799 1448 1857 baras
1471 1796 1602 1877 biangu-

325 1906 407 1962 lares
431 1923 469 1963 ex
493 1923 556 1963 una
579 1911 667 1982 parte
691 1903 791 1962 bonus
825 1922 844 1962 a
868 1904 1099 1982 septemtrione,
1123 1903 1163 1962 ab
1187 1904 1249 1964 alia
1271 1913 1361 1982 parte
1384 1923 1482 1982 penes
1504 1903 1603 1963 Cher·

325 2011 409 2087 nyak
433 2009 577 2089 antiquas
612 2010 741 2070 basibus
764 2009 855 2070 bonis
877 2029 940 2070 non
963 2011 1116 2090 provisae,
1143 2018 1174 2070 et
1197 2011 1384 2089 pavimentis
1407 2011 1518 2085 etiam;
1552 2030 1604 2070 ca·

326 2137 444 2177 meram
469 2117 508 2176 ad
532 2117 611 2177 duas
636 2118 796 2177 clausuras
817 2118 977 2196 antiquam
1001 2139 1064 2178 non
1093 2119 1222 2178 basibus
1245 2119 1335 2178 bonis
1358 2120 1525 2196 provisam,
1551 2139 1604 2178 cu-

325 2223 420 2283 linam
444 2223 511 2283 sine
534 2232 626 2297 tectu,
658 2225 819 2284 fornacem
842 2243 940 2303 penes
975 2245 1046 2285 cum
1068 2226 1218 2286 mediocri
1241 2234 1332 2300 tectu,
1366 2234 1479 2304 puteus
1503 2245 1604 2285 novus

326 2331 530 2418 necessarius.

432 2434 483 2496 26.
516 2437 667 2497 Providus
698 2440 831 2499 loannes
855 2440 945 2517 Bapt.
969 2440 1152 2518 Szopchich,
1176 2440 1305 2500 colonus
1328 2440 1525 2500 illustrissimi
1548 2441 1603 2499 do·

327 2545 399 2604 mini
423 2545 580 2606 Francisci
597 2545 769 2620 lellachiclr,
795 2547 937 2606 colonelli
953 2566 992 2607 ex
1009 2547 1215 2625 Kurillovecz,
1231 2549 1326 2608 babet
1342 2550 1469 2608 domum
1489 2565 1602 2606 novam

325 2653 440 2716 bonam
463 2653 495 2712 in
518 2653 626 2713 ultimo
649 2653 798 2726 cubiculO,
822 2663 913 2731 porta
938 2662 968 2714 et
992 2655 1111 2715 ambitu
1128 2655 1277 2715 assericio
1301 2663 1383 2716 tecto
1414 2663 1509 2728 caret,
1532 2655 1603 2714 hor-

326 2779 412 2821 reum
437 2760 598 2840 antiquum
625 2760 753 2821 basibus
776 2759 931 2841 indigens,
954 2762 1050 2821 haras
1074 2762 1183 2837 bonas,
1207 2781 1299 2822 secus
1322 2762 1451 2822 basibus
1484 2770 1516 2821 et
1550 2782 1604 2840 pa·

323 2868 460 2927 vimento
492 2867 628 2927 inferiori
659 2875 798 2947 egentes,
830 2888 989 2928 cameram
1021 2869 1062 2928 ad
1095 2870 1174 2929 duas
1209 2870 1370 2929 clausuras
1405 2869 1604 2939 mediocrem,

325 2975 458 3035 culinam
481 2975 596 3054 incepit
626 2975 798 3035 ellaborare
830 2996 901 3035 curn
924 2977 1052 3037 fornace
1075 2978 1221 3057 pistorea,
1245 2976 1397 3058 indigebit
1421 2977 1523 3036 adhuc
1546 2995 1602 3054 pro

325 3083 436 3142 eadem
459 3083 650 3160 perficienda
681 3084 784 3162 aliqua
818 3093 905 3161 parte
929 3085 1086 3159 roborum,
1121 3094 1152 3145 et
1175 3104 1232 3164 pro
1268 3092 1351 3145 tecto
1374 3084 1479 3163 tignis
1512 3091 1605 3163 prout

326 3199 357 3249 et
381 3189 545 3263 asseribus,
570 3190 665 3250 habet
688 3191 815 3251 domum
838 3192 979 3252 fabrilem
1004 3194 1164 3272 antiquam
1180 3203 1262 3254 tecto
1280 3193 1427 3253 assericiu
1443 3211 1505 3251 non
1521 3192 1604 3250 bono
1634 3241 1637 3248 .

325 3298 491 3375 provisam.
1586 3366 1589 3370 .

434 3404 484 3465 27.
520 3405 617 3466 Curia
650 3406 829 3487 spectabilis
872 3427 908 3467 ac
943 3408 1126 3486 perillustris
1161 3409 1277 3469 domini
1312 3409 1437 3469 loannis
1472 3408 1603 3485 Nepom.

327 3512 502 3589 Zdenczay,
533 3513 645 3573 nobilis
681 3514 911 3574 communitatis
942 3516 1176 3593 Turopoliensis
1207 3517 1329 3576 comitis
1357 3516 1522 3592 terrestris,
1558 3523 1606 3575 est

328 3638 365 3678 ac
411 3621 633 3697 septemtrione
672 3621 796 3681 novitus
842 3628 965 3681 murata
1005 3630 1036 3681 et
1078 3642 1194 3683 novum
1240 3630 1365 3698 tectum,
1411 3642 1431 3682 a
1476 3622 1605 3683 meridie

326 3726 509 3785 submurata
554 3734 637 3786 tecto
684 3747 747 3787 non
793 3728 875 3787 bono
921 3747 978 3806 pro
1015 3748 1097 3788 nunc
1136 3729 1271 3807 provisa,
1307 3748 1364 3807 pro
1406 3749 1469 3808 qua
1499 3736 1606 3790 tamen

328 3832 446 3912 aliquot
493 3833 649 3893 centurias
694 3835 790 3894 habet
826 3852 949 3895 asseres
988 3835 1153 3914 quercinos
1192 3837 1292 3910 fissos,
1329 3836 1476 3896 horreum
1510 3856 1605 3896 unum

326 3942 421 4001 habet
452 3941 483 4001 in
514 3942 597 4000 bono
629 3950 721 4017 statu,
753 3942 837 4001 aliud
872 3942 1032 4021 antiquum
1057 3942 1193 4002 dirutum
1227 3944 1280 4003 ubi
1314 3944 1428 4005 robora
1457 3963 1514 4024 pro
1545 3944 1606 4003 alio

326 4067 385 4107 usu
430 4067 493 4106 non
540 4056 621 4123 sunt,
666 4047 726 4107 nisi
771 4068 828 4127 pro
874 4049 967 4129 lignis
999 4050 1159 4124 localibus,
1207 4051 1350 4129 adeoque
1397 4071 1436 4111 ex
1482 4052 1606 4131 integro

325 4155 485 4233 praelatus
539 4156 718 4233 spectabilis
769 4158 913 4217 dominus
966 4176 1050 4217 novo
1103 4167 1185 4237 eget,
1247 4160 1321 4236 quia
1373 4159 1457 4233 illud,
1522 4159 1606 4238 quod

326 4262 421 4321 babet
445 4270 492 4321 est
516 4281 572 4341 pro
597 4264 708 4323 eodem
732 4284 872 4343 parvum.
896 4265 1060 4324 Stabulum
1084 4285 1154 4324 cum
1179 4266 1257 4324 hara
1280 4283 1337 4343 pro
1352 4266 1453 4325 bobus
1468 4266 1527 4325 sub
1544 4284 1606 4324 uno

327 4376 410 4429 tecto
435 4370 475 4428 ad
499 4370 676 4430 clausurum
700 4390 804 4445 unam,
828 4371 986 4430 stabulum
1019 4390 1074 4449 pro
1105 4371 1206 4431 bobus
1229 4390 1305 4431 vero
1329 4372 1424 4431 etiam
1447 4373 1487 4432 ad
1511 4391 1606 4431 unam

326 4477 503 4536 clausuram
532 4476 563 4536 in
595 4486 677 4537 statu
701 4498 757 4556 pro
780 4497 863 4538 nunc
886 4478 977 4549 bonu,
1011 4480 1068 4538 sed
1090 4479 1219 4538 basibus
1254 4486 1286 4537 et
1320 4480 1506 4557 pavimentis
1529 4478 1606 4538 infe-

326 4583 458 4643 rioribus
482 4604 545 4643 non
568 4584 658 4643 bonis
681 4584 850 4663 provisum,
875 4593 965 4662 prout
989 4592 1021 4644 et
1043 4586 1186 4664 superius
1217 4585 1301 4645 circa
1333 4586 1449 4645 circum
1480 4586 1512 4645 in
1544 4604 1606 4644 uno

327 4689 436 4750 ordine
459 4690 533 4749 tecti
565 4691 703 4751 assericii
737 4691 869 4752 struszni
892 4692 971 4751 krov
988 4691 1061 4750 dicti
1093 4712 1190 4772 prope
1209 4677 1387 4771 ¹perpluum,
1418 4692 1489 4752 dein
1513 4694 1608 4752 haras

327 4796 507 4857 animalium
541 4798 684 4877 antiquas
715 4800 810 4858 habet
834 4800 874 4859 ad
905 4798 984 4857 duas
1018 4799 1180 4858 clausuras
1203 4799 1331 4861 basibus
1355 4808 1495 4879 egentes,
1520 4806 1551 4857 et
1575 4798 1606 4857 in

328 4923 390 4963 una
414 4905 559 4965 clausura
583 4924 644 4966 non
668 4906 750 4965 bono
778 4907 957 4995 pavimento
981 4907 1124 4985 provisas
1148 4907 1383 4982 adinvenimus;
1414 4908 1488 4967 item
1511 4907 1609 4966 habet
