3934 5550
396 430 461 495 328

398 645 594 733 Cognwnwn
883 645 1020 710 Nomen
1252 645 1427 710 Possessio
1451 643 1677 713 habitationis

396 777 610 856 Vugrinovich
880 777 1028 851 Mathias,
1252 777 1448 836 Kurillovecz

396 883 609 964 Vug'rinovich
877 883 1021 957 Michael,
1250 883 1385 944 Goricza
1408 884 1512 944 Minor

396 991 609 1072 Vugrinovich
875 991 1034 1065 Nicolaus,
1251 991 1395 1051 Kobilich

396 1099 559 1159 Vukovich
878 1099 1004 1172 Paulus,
1252 1099 1418 1158 Lukavecz
1441 1099 1591 1178 Superior

354 1276 356 1284 k
396 1207 559 1267 Vukovich
879 1207 1026 1278 Mathias,
1418 1230 1430 1260 ι

396 1423 549 1484 Dominus
573 1423 742 1499 Zdenchay
881 1421 964 1482 ioan.
977 1421 1228 1499 Nepomuoenus,
1306 1422 1414 1482 Mlaka
1438 1422 1547 1485 Maior.

396 1529 555 1591 Zlovolich
878 1528 1045 1608 Georgius,
1368 1529 1482 1589 Sasiua

397 1635 461 1702 513
486 1636 643 1696 Zlovolich
876 1635 1065 1714 Stephanus,
1416 1660 1429 1690 »

913 1799 974 1858 Per
997 1817 1048 1858 me
1071 1799 1218 1858 loannem
1244 1797 1557 1878 loszipovich,inciit1
1581 1817 1632 1858 co·

913 1905 1040 1964 mitatus
1056 1905 1277 1986 Zagrabiensis
1293 1906 1483 1966 ordinarium
1499 1905 1632 1966 iudicem

1165 2013 1312 2073 nobilium
1336 2033 1376 2072 m.
1401 2035 1429 2092 p.

506 2159 546 2216 ln
579 2159 720 2216 dorso:
752 2155 927 2236 Catalogus
950 2155 981 2215 in
1005 2176 1064 2216 usu
1087 2157 1255 2217 nobilitatis
1279 2156 1476 2217 existentium
1508 2165 1540 2217 et
1570 2158 1601 2217 in
1633 2158 1677 2216 di-

400 2265 509 2324 strictu
532 2263 776 2324 Trans-Savano
800 2282 837 2322 ac
861 2261 983 2341 Campo
1001 2264 1180 2341 Turopolya
1195 2263 1405 2342 reperibilium
1430 2263 1581 2324 domatim
1604 2281 1676 2322 oon·

400 2380 586 2434 notatorum.

1389 2517 1590 2595 loszipovich.

507 2655 651 2725 Originale
672 2657 698 2708 in
718 2655 831 2710 archivo
851 2673 961 2726 regnor.
981 2655 1012 2709 C.
1032 2657 1060 2712 S.
1081 2663 1110 2710 ot
1127 2657 1162 2711 D.
1181 2657 1342 2728 Zagrabiae.

993 2994 1102 3073 284.

510 3196 601 3255 Anno
630 3191 721 3257 1782.
750 3192 797 3257 12.
822 3206 853 3256 et
876 3207 1015 3275 sequent
1040 3199 1157 3257 mensis
1180 3198 1319 3259 ianuarii.

449 3406 663 3491 Conscriptio
686 3406 827 3471 domum
850 3410 882 3471 et
904 3406 1077 3492 hospitum
1102 3406 1270 3473 nobilium
1297 3408 1418 3495 Compi
1446 3409 1640 3495 Turopolt'o.

511 3622 782 3701 Conscriptio
807 3625 994 3683 domuum
1019 3635 1061 3685 et
1084 3626 1291 3704 hospitum
1316 3626 1516 3685 nobilium
1538 3626 1683 3704 Campi

405 3730 634 3808 Turopolia
669 3732 707 3790 in
745 3732 1086 3809 possessionibus
1118 3732 1501 3794 infranominandis
1532 3734 1682 3813 degen-

405 3838 513 3913 tium,
537 3856 642 3897 anno
671 3834 762 3899 1782.
785 3838 846 3897 die
881 3836 928 3899 12,
950 3848 990 3897 et
1013 3840 1289 3917 sequentibus
1317 3840 1471 3900 mensis
1495 3840 1683 3899 ianuarii

406 3944 563 4019 diebus,
588 3944 835 4004 modalitate
859 3947 1054 4021 sequenti
1077 3955 1248 4024 peracta
1272 3957 1310 4006 et
1333 3948 1513 4024 quidem:

724 4178 765 4237 In
789 4178 1065 4255 possessione
1089 4178 1369 4239 Kurillovecz.

406 4298 585 4365 Numerus

428 4390 559 4454 domus·
667 4342 822 4408 Nomina
845 4347 877 4409 et
900 4345 1106 4431 cognmnino
1128 4344 1253 4411 domus
1275 4345 1458 4431 hospitum,

502 4517 525 4577 l.
572 4516 668 4577 Curia
692 4516 870 4595 spectabilis
901 4516 1018 4577 domini
1047 4518 1214 4577 consiliarii
1239 4528 1269 4578 et
1293 4519 1413 4578 comitis
1444 4520 1599 4579 terrestris
1622 4520 1684 4579 Ge·

566 4626 645 4704 orgii
669 4626 693 4683 F
695 4624 826 4685 rancisci
851 4624 1030 4704 Pogledich.

500 4731 528 4793 2.
561 4732 670 4813 ¹Curia
694 4730 954 4792 excellentisimae
994 4731 1139 4792 dominae
1163 4732 1340 4792 comitissae
1364 4733 1476 4793 viduae
1508 4734 1686 4794 Alexandro

568 4840 837 4901 Mallenichianae.

496 4944 524 5009 3.
572 4946 667 5006 Curia
692 4947 869 5025 spectabilis
893 4948 1038 5007 dominae
1062 4949 1175 5007 viduae
1200 4949 1358 5009 Barbarae
1383 4950 1547 5010 Peharnik.
