3934 5550
1531 440 1596 502 475

308 664 384 715 nutu
416 655 608 734 dependeret
635 653 727 715 toties
759 653 880 732 quoties
911 672 1012 712 novas
1043 653 1213 713 decernere
1248 653 1426 729 electiones,
1458 667 1596 717 mentem

308 771 340 822 et
372 771 446 824 vota
477 763 647 823 electorum
679 760 812 835 cludere,
844 760 945 838 ipsam
977 759 1112 839 denique
1144 760 1283 839 ablegati
1306 760 1449 822 diaetalis
1473 773 1590 825 sortem

304 888 358 948 per
391 869 553 929 continuas
587 868 746 929 electionis
779 867 1000 927 renovationes
1031 875 1168 927 extreme
1201 867 1377 927 instabilem
1409 889 1446 930 ac
1481 871 1590 930 fluctu-

305 984 409 1035 antem
442 975 582 1035 reddere.
615 976 704 1035 Haec
735 974 892 1036 anomalia
927 974 1103 1034 nullatenus
1127 975 1295 1054 approbari
1317 984 1430 1053 potest,
1454 977 1588 1057 ideoque

305 1101 361 1161 per
385 1100 556 1163 congruam
582 1082 745 1161 proiectati
770 1082 890 1142 articuli
913 1081 1179 1141 modificationem
1198 1082 1346 1158 tollenda,
1369 1103 1432 1143 una
1456 1103 1531 1144 vero
1557 1085 1596 1144 de

306 1188 505 1250 instructione
538 1190 685 1270 ablegato
718 1189 845 1249 diaetali
877 1189 1072 1249 extradanda
1103 1189 1153 1248 vel
1184 1189 1255 1249 ideo
1286 1189 1403 1269 aliquid
1437 1192 1589 1251 constitu-

306 1298 421 1357 endum
450 1306 543 1371 esset,
574 1318 670 1376 quum
700 1316 791 1358 secus
822 1298 862 1357 ob
895 1296 1062 1357 deffectum
1099 1295 1268 1374 requisitae
1292 1296 1480 1374 provisionis
1503 1297 1594 1357 facile

307 1424 365 1466 nec
388 1406 501 1465 modus
525 1406 763 1466 instructionem
788 1404 973 1465 extradandi
998 1410 1188 1481 suppeteret.

415 1513 555 1591 Denique
572 1514 806 1574 observandum
822 1512 940 1573 occurit
963 1531 1021 1590 pro
1046 1529 1093 1586 eo,
1116 1529 1156 1570 ne
1181 1510 1212 1570 in
1237 1510 1434 1571 desumtione
1451 1519 1594 1571 taxarum

308 1620 467 1679 arbitrium
490 1639 546 1679 seu
570 1640 625 1700 per
649 1620 849 1680 olficiolatum
873 1619 1039 1693 districtus,
1063 1637 1120 1678 seu
1143 1636 1198 1696 per
1222 1618 1428 1698 magistratus
1452 1637 1594 1678 commu-

308 1726 439 1787 nitatum
470 1726 596 1806 impune
631 1728 769 1787 exerceri
801 1726 971 1806 contingat,
1005 1726 1159 1785 schaema
1174 1733 1320 1785 taxarum
1342 1743 1380 1786 ea
1403 1743 1532 1803 prorsus
1548 1744 1596 1784 ra·

309 1834 403 1908 tione,
437 1853 500 1913 qua
532 1834 563 1895 id
594 1854 691 1913 penes
723 1835 800 1895 alios
832 1832 990 1894 districtus
1020 1832 1138 1892 factum
1168 1851 1239 1892 esse
1262 1832 1367 1907 scitur,
1391 1850 1448 1911 pro
1473 1832 1596 1910 Campo

312 1940 485 2020 Turopolja
508 1942 603 2001 etiarn
626 1942 904 2021 praescribendum
929 1959 1104 2019 superesse.

420 2048 471 2110 Ad
494 2058 615 2128 partem
638 2047 667 2109 9.
693 2050 739 2108 De
763 2048 950 2130 regnicolari
972 2048 1174 2127 deputatione
1196 2066 1252 2125 per
1276 2047 1402 2107 comitia
1426 2066 1482 2125 pro
1506 2047 1598 2106 ellec-

309 2156 449 2216 tuatione
480 2156 721 2217 coordinationis
754 2156 868 2235 Campi
899 2154 1071 2234 Turopolja
1105 2156 1304 2229 exmittenda,
1340 2156 1461 2215 adverti
1494 2154 1597 2229 debet,

310 2264 390 2321 hanc
415 2263 658 2341 propositionem
682 2284 745 2324 non
769 2264 869 2324 solum
894 2264 1094 2341 superfluam,
1119 2271 1169 2322 ast
1192 2272 1337 2341 respectu
1362 2262 1473 2323 iurium
1497 2262 1594 2321 muni-

312 2370 456 2449 cipalium
480 2390 648 2452 regnorum
680 2374 881 2447 adnexorum‚
905 2392 976 2431 cum
1001 2372 1194 2432 coordinatio
1225 2370 1473 2431 iurisdictionum
1497 2369 1595 2431 Croa-

312 2479 443 2538 ticarum
478 2480 603 2539 omnino
635 2481 676 2540 ad
706 2480 796 2560 regni
830 2480 1108 2561 congregationem
1136 2488 1264 2558 spectet,
1289 2498 1417 2557 prorsus
1440 2478 1598 2558 praeiudi·

313 2586 430 2645 ciosam
459 2586 534 2659 lore,
566 2588 699 2647 eandem
722 2588 845 2647 interim
880 2587 1108 2667 regnicolarem
1143 2586 1388 2665 deputationem‚
1423 2562 1505 2665 quae
1540 2604 1597 2663 per

314 2702 413 2753 status
444 2701 476 2753 et
507 2694 632 2754 ordines
661 2714 819 2776 peraeque
851 2694 961 2755 intuitu
986 2694 1153 2755 liberarum
1186 2702 1217 2754 et
1248 2693 1408 2776 regiarum
1437 2693 1597 2754 civitatum

314 2803 486 2881 proiectata
503 2811 570 2862 erat
593 2821 649 2881 per
673 2805 813 2864 excelsos
837 2822 986 2882 proceres
1009 2803 1094 2862 haud
1118 2809 1314 2882 acceptatam
1337 2802 1455 2865 haberi.

425 2924 571 2995 Originale
597 2927 786 2981 chartaceum.
823 2927 1006 2981 Liberalitate
1031 2927 1129 2980 illustr.
1150 2927 1177 2980 d.
1197 2926 1343 2980 Vladimiri
1369 2925 1533 2990 Mammam,
1559 2941 1600 2978 ar·

317 3015 400 3068 chivo
420 3029 532 3082 regnor.
551 3013 592 3076 C..
611 3015 638 3068 S.
659 3022 688 3068 et
707 3015 741 3070 D.
761 3016 897 3069 donatum
917 3014 1020 3083 (1907).

902 3210 1011 3284 259.

427 3358 519 3416 Anno
548 3354 639 3418 1895.
668 3355 694 3418 l.
719 3357 800 3415 maii.
824 3357 857 3414 In
884 3357 988 3415 lrainz.

498 3497 616 3562 Zakon
639 3518 658 3560 o
682 3497 865 3583 uredjenju
892 3497 1073 3580 plemenite
1095 3496 1210 3561 obtine
1239 3497 1428 3582 Turopolje.

426 3662 471 3721 Mi
494 3649 609 3739 Franjo
628 3663 715 3741 Josip
740 3662 822 3735 Prvi,
845 3681 886 3740 po
911 3661 1025 3720 milosti
1049 3659 1149 3741 boijoj
1177 3679 1267 3721 cesar
1291 3659 1499 3735 austrijanski‚
1524 3658 1601 3734 kralj
1672 3741 1676 3748 Ι

319 3769 404 3828 ceslii
428 3769 480 3829 itd.
504 3769 514 3828 i
538 3769 710 3848 apostolski
732 3768 810 3844 kralj
836 3768 1032 3844 kraljevinah
1063 3769 1218 3848 Ugarske‚
1251 3768 1419 3840 Hrvatske‚
1443 3765 1602 3841 Slavonije

318 3877 328 3936 i
355 3876 527 3956 Dalmacije
559 3877 791 3957 potvrdjujemo
824 3876 1001 3954 predlozeni
1030 3895 1104 3936 nam
1134 3895 1155 3933 u
1178 3875 1289 3936 osnovi
1309 3871 1353 3952 ¹po
1377 3875 1591 3934 hrvatsko-sla

325 3985 723 4044 vonskodalmatinskomu
747 3984 861 4043 saboru
886 3983 988 4043 zakon
1012 4003 1031 4042 o
1047 3982 1213 4058 uredjenju
1237 3982 1403 4060 plemenite
1418 3981 1529 4041 obtine
1555 3988 1602 4039 tu·

321 4091 486 4169 ropoljske.

933 4182 951 4257 §
981 4179 1006 4241 l.

425 4297 608 4373 Zemljistna
640 4297 811 4373 zajednica‚
844 4296 1006 4374 postojeta
1030 4297 1092 4374 pod
1115 4295 1253 4356 imenom
1281 4294 1468 4372 ›plemenita
1492 4293 1604 4352 obtina

318 4403 527 4482 turopoljska«
556 4404 754 4480 (universitas
773 4404 1000 4482 [communitas]
1026 4403 1174 4462 nobilium
1198 4403 1311 4480 Campi
1328 4400 1508 4480 Turopolje)
1541 4401 1605 4461 ima

320 4513 383 4588 pod
405 4511 461 4571 tim
485 4512 620 4572 imenom
645 4513 654 4571 i
678 4510 805 4588 nadalje
829 4510 986 4590 postojati.

930 4627 1003 4706 52.

426 4746 455 4805 U
471 4745 633 4823 ¹podrutju
656 4746 824 4824 plemenite
848 4745 959 4805 obtine
990 4742 1182 4822 turopoljske
1215 4742 1337 4821 postoje
1368 4742 1504 4802 sliedete
1528 4743 1604 4801 dva-

319 4853 410 4911 deset
441 4852 450 4911 i
483 4853 554 4911 dvie
589 4853 755 4930 plemenite
787 4851 905 4929 sudcije
938 4874 952 4910 s
977 4851 1150 4934 posebnom
1181 4850 1304 4931 svojom
1335 4852 1489 4933 skupnom
1528 4851 1604 4912 imo·

322 4959 435 5038 vinnm,
459 4959 468 5018 i
492 4968 540 5020 to:
