3934 5550
1040 1080 1080 1148 3,

524 1280 617 1338 Anno
646 1276 737 1341 1733.
762 1278 791 1339 5.
817 1275 890 1339 -23,
914 1279 1102 1338 novembris

420 1439 606 1502 Processus
638 1445 759 1502 contra
797 1435 1028 1500 Catharinom
1063 1435 1270 1518 Briqlevich,
1300 1437 1442 1518 Georgii
1476 1437 1701 1504 Verchkovich

419 1543 658 1624 conthoralem,
684 1543 894 1611 Dorotheum
931 1543 1113 1628 Sipossich
1148 1544 1229 1609 olim
1264 1543 1419 1608 Mothiae
1454 1546 1577 1625 Ledar,
1616 1547 1699 1611 Bar·

419 1651 538 1717 baram
576 1652 768 1740 Czigcttich
795 1653 940 1717 condam
975 1651 1125 1739 Georgii
1156 1651 1357 1732 Koskooich
1381 1657 1413 1716 et
1437 1653 1697 1740 Margorcthom

419 1757 613 1824 Koskooich
642 1760 744 1825 aliter
773 1759 921 1824 Sebinko
946 1759 1030 1822 olim
1049 1758 1228 1823 Michaelis
1254 1759 1396 1844 Majdok
1410 1759 1548 1824 relictos
1562 1761 1697 1837 viduae,

708 1867 748 1932 ob
771 1871 872 1931 actus
894 1866 1050 1952 nmgicos
1073 1866 1253 1930 incusatos
1277 1866 1419 1952 (sagas).

528 2031 619 2090 Actio
644 2033 791 2111 generosi
822 2032 976 2092 Matthiae
1003 2031 1139 2106 Modich,
1163 2051 1225 2106 qua
1249 2031 1372 2091 inclitae
1396 2033 1564 2092 nobilitatis
1588 2033 1699 2110 Campi

419 2139 599 2216 'l'uropolya
623 2139 737 2199 fiscalis
756 2149 787 2198 et
804 2139 926 2213 actoriS,
944 2146 1053 2198 contra
1068 2145 1099 2198 ct
1116 2139 1267 2198 adversus
1288 2138 1492 2200 Catharinam
1514 2139 1700 2220 Briglevich,

418 2253 594 2305 consortem
631 2264 706 2306 vero
741 2247 872 2326 Georgii
903 2247 1131 2322 Verchkovich,
1168 2246 1261 2305 veluti
1294 2245 1473 2306 modalitate
1503 2247 1699 2324 infrascripta

417 2370 527 2431 sagam
558 2362 590 2413 et
621 2354 652 2413 in
685 2373 815 2415 causam
848 2363 1022 2428 attractam,
1054 2354 1219 2415 occasione
1251 2362 1282 2413 et
1314 2361 1476 2432 praetextu
1505 2355 1698 2416 diversorum

418 2468 543 2520 actuum
576 2463 771 2542 magicorum
793 2483 850 2540 per
873 2464 1007 2523 eandem
1031 2481 1107 2522 vero
1130 2463 1162 2522 in
1185 2481 1314 2522 causam
1344 2470 1508 2522 attractam
1539 2471 1698 2540 perpetra·

417 2577 519 2627 torum
543 2577 574 2628 et
595 2568 675 2629 inira
699 2570 825 2629 uberius
850 2571 1122 2648 exprimendorum
1146 2577 1232 2630 mota
1256 2579 1286 2630 et
1311 2577 1424 2630 erecta.

525 2676 667 2752 Qualiter
699 2677 843 2736 nimirum
884 2679 975 2737 annis
1006 2689 1037 2738 et
1068 2678 1261 2756 temporibus
1294 2677 1407 2737 abhinc
1431 2677 1592 2737 retroactis
1615 2677 1698 2736 idem

417 2783 448 2842 in
473 2804 601 2845 causam
634 2794 774 2860 attracta,
798 2788 935 2847 nescitur
959 2807 1021 2866 quo
1042 2787 1193 2847 diacolico
1216 2787 1428 2847 circumventa
1451 2786 1569 2865 spiritu,
1592 2786 1695 2845 simul·

416 2910 478 2969 que
512 2912 673 2970 persvasa.
708 2895 957 2955 abrenuntiando
991 2894 1116 2973 ipsimet
1149 2893 1365 2954 sanctissimae
1401 2894 1553 2971 Trinitati,
1589 2894 1695 2972 sicque

419 2998 473 3058 uni
497 3008 528 3059 et
551 3020 627 3060 vero
650 3002 711 3061 deo
735 3021 792 3061 suo
821 3002 953 3062 iuratam
977 3002 1121 3080 perprius
1145 3002 1239 3062 fidem
1264 3020 1354 3061 suam
1379 3002 1575 3081 abnegandO,
1600 3002 1697 3063 etin·

418 3106 527 3166 lernali
546 3109 715 3169 vexilliiero
740 3110 865 3170 diabolo
889 3119 1001 3187 sponte
1025 3110 1235 3185 adhaerend0,
1260 3128 1297 3169 ac
1321 3110 1364 3169 ita
1388 3130 1414 3169 a
1431 3108 1632 3191 dogmatibus
1648 3109 1698 3168 dei

418 3224 449 3273 et
479 3217 632 3277 ecclesiae
656 3218 796 3278 eiusdem
829 3218 1015 3291 recedendo,
1046 3218 1145 3297 primo
1180 3218 1315 3299 sigillum
1348 3218 1463 3279 diaboli
1487 3218 1517 3277 in
1542 3226 1697 3277 contesta-

416 3321 533 3382 tionem
557 3324 605 3383 sui
629 3325 825 3403 mancipatus
858 3324 916 3385 sibi
950 3324 1084 3403 imprimi
1118 3326 1302 3398 admisisset,
1328 3326 1509 3411 cohortique
1532 3343 1696 3405 magorum

417 3438 448 3488 et
471 3449 629 3509 sagarum,
669 3434 902 3511 earundemque
943 3432 1103 3493 sceleratis
1135 3442 1166 3492 et
1197 3433 1252 3493 toti
1282 3432 1508 3493 Christianitati
1545 3450 1697 3512 perquam

416 3538 536 3597 nocivis
569 3542 802 3617 operationibus
835 3542 1040 3617 adhaesisset,
1072 3551 1103 3601 et
1134 3542 1173 3601 ad
1207 3542 1333 3601 easdem
1359 3549 1548 3620 cooperante
1573 3541 1696 3601 diabolo

417 3654 529 3722 sponte
554 3646 673 3707 vicibus
697 3648 747 3706 vix
769 3648 978 3727 exprimendis
996 3650 1211 3722 concurrisset,
1237 3650 1400 3727 taliterque
1424 3648 1622 3709 manifestam
1646 3667 1695 3708 sa·

418 3772 493 3831 gam
516 3764 617 3814 semet
640 3756 764 3816 efficere
789 3776 851 3817 non
875 3756 1083 3831 formidasset,
1107 3776 1209 3835 neque
1236 3776 1369 3835 poenam
1393 3758 1424 3815 in
1449 3758 1588 3836 generali
1607 3756 1695 3835 regni

416 3860 543 3919 decreto
575 3863 692 3939 passim
723 3863 795 3923 hinc
827 3864 899 3925 inde
931 3883 1026 3943 super
1056 3865 1211 3923 talismodi
1244 3864 1370 3924 nefariis
1404 3864 1525 3923 actibus
1563 3863 1695 3943 magicis

417 3969 569 4028 sancitam
594 3969 751 4030 incurrere
775 3970 953 4033 horruisset.

523 4076 569 4134 Ex
594 4096 631 4135 eo
656 4080 748 4138 vellet
779 4080 933 4138 antelatus
962 4080 1077 4139 fiscalis
1103 4088 1133 4138 et
1158 4090 1244 4139 actor
1279 4080 1388 4159 vigore
1412 4080 1612 4139 articulorum
1637 4080 1694 4139 Po-

417 4184 607 4243 soniensium
639 4185 742 4245 brevis
767 4206 934 4265 processus
958 4207 1052 4265 super
1076 4188 1228 4247 eiusmodi
1254 4188 1373 4248 actibus
1403 4188 1606 4261 conditorum,
1630 4207 1693 4247 me·

417 4300 569 4350 moratam
585 4292 616 4350 in
633 4312 761 4353 causam
786 4303 950 4355 attractam
975 4296 1004 4353 in
1030 4296 1078 4354 ins
1103 4303 1133 4354 et
1157 4312 1284 4355 cansam
1303 4298 1479 4373 convenire,
1497 4296 1694 4374 eandemque

417 4398 510 4456 veluti
540 4400 633 4459 modo
663 4402 791 4477 praevio
827 4421 938 4481 sagam
971 4404 1011 4461 ad
1044 4405 1230 4463 revelandos
1255 4406 1423 4481 complices
1458 4416 1489 4466 et
1513 4411 1693 4491 detegenda

415 4507 568 4565 scelerata
592 4526 649 4566 sua
673 4510 756 4568 lacta
778 4509 878 4587 primo
901 4518 1039 4569 torturae
1065 4511 1182 4583 subiici,
1207 4520 1316 4589 expost
1334 4513 1374 4571 ad
1391 4515 1535 4576 horribile
1560 4520 1691 4580 aliorum

416 4615 592 4691 exemplum
609 4634 686 4695 rogo
703 4616 806 4674 vivam
829 4618 1098 4693 concremandam,
1117 4620 1165 4677 vel
1190 4628 1280 4697 prout
1303 4620 1360 4679 iuri
1386 4630 1416 4679 et
1440 4622 1574 4684 iustitiae
1592 4626 1692 4687 visum

414 4720 507 4781 fuerit
529 4723 620 4781 morti
645 4723 824 4783 adiudicari.
850 4724 963 4782 Datum
989 4725 1065 4783 Also
1090 4726 1264 4799 Luhanecz,
1290 4728 1339 4789 die
1365 4730 1471 4807 quinta
1497 4734 1614 4793 mensis
1638 4756 1692 4794 no·

417 4828 561 4903 vembriS,
586 4848 668 4889 anno
692 4830 808 4888 domini
838 4827 930 4891 1733.

830 4940 890 4999 l'cr
913 4960 963 4999 me
990 4941 1154 5001 Matthiain
1181 4942 1305 5019 nixicn,
1331 4945 1530 5005 substitutum
1557 4967 1595 5008 in.
1621 4970 1648 5031 p.
