3934 5550
1511 367 1575 432 599

400 583 493 642 Anno
517 583 633 642 domini
661 580 752 641 1734.
778 583 827 642 die
851 601 927 642 vero
956 580 1003 644 11.
1027 582 1144 642 mensis
1163 581 1307 642 lebruarii
1324 582 1355 642 in
1372 584 1482 642 eadem
1502 601 1573 642 arce

287 691 459 751 Lulrauecz
484 692 694 751 iurisdictione
719 691 832 770 Campi
856 693 1035 768 Turopolya
1060 699 1091 751 et
1116 692 1265 750 comitatu
1281 691 1487 771 Zagrabiensi
1512 691 1573 750 exi·

288 799 390 858 stenti
414 810 445 859 et
468 800 583 872 habita,
607 818 663 879 per
686 819 736 858 me
761 799 991 878 infrascriptum
1025 800 1165 859 eiusdem
1193 799 1403 858 universitatis
1427 798 1573 860 nobilium

287 905 407 984 Campi
430 906 610 984 Turopolya
644 907 789 966 comitem
813 915 1002 981 terrestrem,
1026 906 1244 984 praesentibus
1269 913 1373 966 eotum
1398 915 1428 965 et
1452 904 1566 965 ibidem

287 1013 456 1089 perillustri
481 1023 511 1072 et
534 1014 697 1093 generosis
726 1022 819 1092 atque
844 1013 982 1093 egregiis
1007 1013 1133 1073 domino
1158 1013 1255 1071 Paulo
1279 1013 1460 1092 Pogledich,
1477 1031 1570 1091 prae-

290 1118 362 1179 sidii
378 1120 452 1178 Zrin
465 1120 594 1179 emerito
607 1120 917 1181 vicecommendante
934 1130 964 1180 et
982 1120 1057 1180 iuris
1071 1139 1240 1194 assessore,
1253 1117 1400 1180 Gabriele
1413 1119 1568 1192 Skerlecz,

292 1226 395 1286 iurato
418 1228 539 1286 notario
563 1227 685 1305 Campi,
714 1227 847 1286 Matthia
878 1227 994 1286 Mixich
1018 1228 1183 1305 capitaneo
1207 1236 1239 1287 et
1262 1246 1432 1302 assessore,
1457 1228 1571 1286 loanne

294 1333 420 1410 Mixich,
445 1353 614 1406 assessore,
648 1335 787 1413 Georgio
811 1335 1066 1408 Szmendrovich,
1092 1335 1212 1414 ignatio
1236 1333 1416 1412 Ztepanich,
1441 1333 1570 1392 Nicolao

291 1441 496 1515 Kokotouicb,
520 1441 628 1501 iuratis
654 1442 945 1516 viceassessoribus,
967 1442 1134 1501 Francisco
1158 1441 1295 1516 Mudich,
1321 1441 1448 1518 antiquo
1474 1441 1570 1499 fiscali

289 1556 320 1607 et
343 1548 417 1608 iuris
442 1569 612 1622 assessore,
630 1549 768 1630 Georgio
792 1550 920 1609 Mudich
945 1549 1261 1624 viceiurisassessore,
1278 1549 1376 1607 Paulo
1392 1549 1566 1622 Sostarecz,

288 1657 388 1714 iurato
412 1658 581 1716 castellano
606 1657 686 1716 arcis
710 1659 886 1731 Lukauecz,
909 1657 994 1716 facta
1018 1663 1089 1714 sunt
1113 1656 1308 1733 infrascripta
1333 1655 1454 1715 iudicia.

395 1765 601 1842 Reassumpta
626 1764 753 1824 antelati
773 1765 887 1823 fiscalis
912 1771 943 1823 et
967 1763 1080 1823 actoris
1106 1783 1203 1822 causa
1227 1771 1336 1822 contra
1360 1771 1391 1822 et
1414 1763 1566 1822 adversus

287 1871 559 1948 supranominatas
595 1890 690 1950 sagas
725 1872 757 1930 in
791 1871 994 1949 praeambulo
1030 1871 1304 1949 praespecilicatas
1338 1889 1434 1949 sagas
1469 1878 1498 1929 et
1535 1870 1565 1930 in

289 1996 418 2036 causam
447 1985 604 2037 attractas.

393 2084 454 2142 Pro
486 2084 677 2144 mentionato
708 2085 805 2144 fiscali
838 2093 868 2144 et
901 2093 1006 2144 actore
1031 2084 1179 2164 egregius
1202 2085 1367 2143 Baithasar
1391 2085 1564 2144 Puskarich

285 2211 355 2250 cum
379 2192 501 2264 nostris,
519 2192 661 2270 adeoque
686 2191 850 2251 sufficienti
875 2191 1005 2251 iuridica
1020 2192 1167 2252 facultate
1181 2191 1349 2250 instructus
1373 2200 1564 2270 procurator,

284 2297 424 2373 producit
448 2299 618 2358 earundem
642 2300 672 2358 in
696 2318 825 2358 causam
850 2307 1052 2360 attractarum
1068 2299 1230 2358 torturalia
1255 2299 1399 2358 examina
1424 2299 1561 2359 numeris

286 2401 320 2477 l.,
351 2404 388 2481 2,
422 2404 459 2478 3,
491 2404 529 2480 4,
563 2406 592 2467 5.
624 2416 654 2466 et
685 2405 715 2468 6.
747 2409 882 2484 signata,
915 2408 1027 2467 virtute
1060 2426 1192 2486 quarum
1216 2408 1309 2466 finale
1334 2408 1373 2466 de
1397 2407 1508 2466 iisdem
1532 2407 1563 2467 in

282 2531 411 2572 causam
436 2515 556 2573 attratis
580 2524 700 2593 peteret
724 2515 880 2577 iudicium.

388 2622 599 2682 Deliberatum
616 2633 678 2682 est:
702 2623 866 2683 Productis
891 2622 1173 2702 inquisitionalibus
1190 2643 1245 2682 seu
1263 2623 1462 2682 torturalibus
1487 2642 1559 2682 exa·

284 2727 418 2788 minibus
443 2729 473 2787 in
496 2731 599 2810 figura
624 2730 798 2807 praesentis
815 2731 918 2790 iudicii
939 2730 1092 2809 perlectis,
1104 2731 1247 2810 beneque
1264 2729 1435 2805 ruminatis,
1460 2749 1496 2789 ac
1521 2731 1561 2791 ad

283 2834 476 2895 iudiciariam
501 2838 648 2897 trutinam
665 2839 796 2916 sumptis
812 2838 939 2898 omnino
953 2838 1080 2917 propria
1096 2846 1369 2916 supranotatarum
1387 2838 1416 2897 in
1434 2856 1562 2897 causam

281 2950 483 3001 attractarum
515 2945 546 3002 in
578 2946 736 3021 productis
761 2946 818 3005 sub
843 2946 981 3005 numeris
1005 2965 1059 3004 sex
1084 2944 1195 3005 merita
1220 2956 1250 3003 et
1274 2944 1410 3004 nefanda
1434 2945 1562 3018 scelera,

283 3068 356 3107 nam
380 3051 474 3108 modo
498 3070 576 3129 erga
601 3053 824 3111 revelationem
850 3052 982 3130 plurium
1008 3053 1193 3130 complicum
1218 3061 1365 3112 attestata
1389 3072 1445 3112 sua
1465 3063 1564 3113 morte

279 3156 371 3214 etiam
396 3157 594 3234 firmantium,
613 3178 721 3219 verum
747 3169 777 3218 et
801 3168 976 3237 spontanea
993 3160 1145 3219 dictarum
1163 3160 1193 3218 in
1211 3179 1338 3219 causam
1358 3168 1560 3220 attractarum

277 3262 426 3321 relatione
460 3273 548 3324 extra
580 3266 673 3324 etiam
705 3275 855 3325 torturam
889 3268 1126 3326 constitutarum
1152 3266 1366 3341 ratificatione,
1400 3267 1430 3326 in
1463 3268 1559 3327 atroci

284 3370 409 3449 magiae
434 3372 545 3432 delicto
578 3376 706 3434 easdem
734 3396 844 3436 omues
868 3395 922 3435 sex
947 3376 977 3434 in
1002 3395 1130 3436 causam
1155 3384 1304 3436 attractas
1329 3376 1491 3436 munileste
1515 3377 1558 3435 in·

282 3478 415 3536 nodatas
440 3480 575 3556 reperiri,
599 3482 647 3540 his
672 3482 776 3561 itaque
799 3483 966 3561 compertis
984 3492 1014 3542 et
1031 3482 1165 3542 inventis
1186 3484 1315 3542 easdem
1338 3482 1434 3542 veluti
1457 3482 1560 3543 taliter

282 3604 379 3664 sagas
403 3587 483 3645 iusto
507 3588 619 3647 iudicio
644 3589 767 3649 debitae
802 3589 1010 3649 subiiciendas
1035 3608 1155 3667 poenae
1180 3589 1296 3665 venire,
1320 3608 1417 3668 quare
1442 3591 1482 3650 ad
1506 3592 1559 3651 de-

282 3694 459 3753 testandum
491 3696 635 3756 horribile
669 3698 820 3757 eiusmodi
848 3699 964 3757 crimen
988 3705 1052 3757 tam
1077 3698 1108 3756 in
1132 3697 1333 3775 promeritam
1357 3699 1428 3778 lege
1453 3698 1558 3759 divina

285 3809 316 3858 et
339 3801 477 3861 bumana
509 3804 661 3864 sancitam
695 3814 726 3864 et
758 3805 933 3865 ordinatum
966 3805 1143 3878 vindictam,
1168 3804 1300 3865 caeteris
1324 3824 1448 3884 quoque
1472 3808 1559 3866 terri·

281 3908 341 3968 bile
365 3908 396 3968 in
421 3913 596 3989 exemplum
627 3914 857 3991 suprascriptae
882 3932 992 3972 omnes
1016 3932 1070 3973 sex
1094 3912 1125 3972 in
1150 3931 1278 3973 causam
1304 3921 1456 3973 attractae
1479 3932 1557 3995 rogo

281 4019 468 4078 cremandae
493 4020 701 4080 decernuntur
724 4029 756 4080 et
780 4021 962 4082 iudicantur.

386 4125 545 4199 Quantum
570 4136 675 4186 autem
699 4136 843 4205 respectu
867 4128 1000 4207 septimi,
1024 4127 1145 4187 Nicolai
1168 4136 1275 4205 utpote
1289 4128 1486 4189 Dauutovich
1500 4149 1552 4207 pa-

280 4230 352 4288 riter
376 4231 407 4290 in
431 4252 559 4292 causam
588 4236 709 4294 attracti
741 4236 899 4313 praesenti
930 4236 1043 4294 iudicio
1075 4244 1344 4313 repraesentatum
1370 4244 1401 4295 et
1423 4238 1554 4297 relatum

279 4337 454 4413 haberetur,
478 4339 630 4417 siquidem
647 4341 678 4400 in
694 4361 824 4402 accessu
842 4344 882 4401 ad
898 4342 930 4402 id
946 4343 1114 4401 iudicatam
1131 4342 1233 4402 eidem
1259 4350 1410 4402 torturam
1427 4344 1554 4421 praevie

278 4443 371 4524 sigilli
395 4446 537 4525 adeoque
568 4449 652 4526 pacti
683 4450 826 4509 diabolici
850 4468 905 4527 per
930 4449 1115 4529 magistrum
1148 4449 1284 4508 iustitiae
1309 4451 1430 4525 (sedulo
1455 4458 1485 4510 et
1509 4451 1555 4511 iu·

276 4559 344 4611 rato
382 4552 425 4611 uti
457 4573 513 4632 per
548 4556 691 4616 dominos
722 4557 875 4616 exmissos
902 4557 1053 4616 releretur
1082 4556 1205 4635 quesiti)
1239 4556 1419 4635 neutiquam
1450 4564 1555 4619 tamen

276 4659 306 4717 in
329 4668 395 4719 toto
419 4661 559 4722 eiusdem
584 4683 713 4743 corpore
730 4664 852 4742 reperti,
869 4664 1132 4724 concurrentibus
1155 4664 1294 4742 pluribus
1318 4664 1553 4727 rationabilibus

275 4768 575 4829 considerationibus
599 4779 630 4831 et
653 4771 892 4831 circumstantiis
914 4771 1090 4831 nocentiam
1109 4778 1163 4831 aut
1178 4771 1390 4832 innocentiam
1412 4772 1552 4833 eiusdem

273 4877 304 4935 in
336 4896 464 4936 causam
489 4879 619 4971 ⁸attracti
650 4879 896 4957 respicientibus,
926 4888 980 4939 aut
1011 4898 1050 4939 ne
1081 4879 1144 4937 fors
1178 4881 1334 4959 resp'cere
1368 4880 1553 4956 valentibus,
