3934 5550
398 360 464 423 202

391 576 468 639 tioni
492 586 524 637 et
548 573 769 636 machinationi
794 572 825 633 in
848 580 992 652 tempore
1014 582 1190 645 occuratur,
1214 591 1295 633 neve
1323 572 1492 652 improvise
1515 583 1581 633 tarn
1605 592 1679 633 con·

394 682 477 751 linia,
500 702 595 763 quarn
626 684 764 761 ipsorum
797 680 961 740 velocitate
994 692 1026 739 et
1055 681 1251 741 multitudine
1282 700 1342 739 sua
1372 682 1515 741 inimicus
1547 699 1678 759 praeve-

392 792 466 867 niat,
490 792 540 852 vel
563 792 627 852 lors
651 790 746 851 etiam
770 789 968 869 inexpectato
992 789 1107 849 effectu
1129 788 1197 849 dire
1220 790 1386 869 opprimat
1409 790 1528 850 Idcirco
1544 810 1575 870 g.
1598 790 1629 851 d.
1650 808 1680 849 v.

393 898 581 959 authoritate
604 906 712 958 nostra
734 897 840 957 banali
864 897 947 957 serio
978 896 1202 957 committimus
1233 906 1266 957 et
1294 898 1492 970 mandamus,
1523 906 1679 976 quatenus

393 1024 465 1067 mox
499 1015 530 1066 et
561 1006 630 1085 ipso
660 1006 744 1065 facto
775 1025 847 1065 cum
878 1004 1056 1065 hominibus
1087 1005 1152 1063 suis
1175 1006 1304 1065 armatis
1327 1007 1408 1066 bene
1431 1006 1599 1078 instructis,
1623 1024 1676 1063 an-

393 1132 539 1193 nonaque
563 1113 729 1173 sulticienti
753 1113 857 1173 debite
881 1112 1025 1191 provisis,
1049 1131 1136 1172 more
1160 1122 1255 1173 antea
1277 1114 1454 1187 observato,
1471 1113 1675 1192 personaliter

393 1222 452 1296 sub
475 1240 578 1301 poena
612 1220 784 1293 articulari..
800 1221 841 1282 ad
873 1220 1003 1281 fiuvium
1030 1219 1176 1298 Colapim
1199 1240 1256 1299 pro
1279 1222 1330 1281 die
1354 1220 1407 1283 27.
1430 1221 1549 1281 mensis
1572 1220 1678 1299 aprilis

392 1348 575 1409 comparere
607 1329 721 1393 debeat
753 1348 790 1389 ac
822 1338 974 1402 teneatur,
1006 1330 1091 1389 nulla
1122 1330 1259 1407 ulteriori
1290 1330 1534 1390 demandatione
1567 1336 1677 1389 nostra

392 1446 566 1517 expectata,
590 1437 768 1497 ulteriorem
795 1436 911 1496 ibidem
935 1458 966 1516 g.
990 1437 1020 1499 d.
1054 1455 1082 1498 v.
1107 1456 1127 1497 a
1149 1437 1240 1497 nobis
1265 1446 1430 1516 receptura
1453 1438 1604 1497 ordinem.
1639 1436 1680 1495 Et

394 1564 480 1621 casu,
509 1564 572 1623 quo
603 1544 756 1622 premissa
792 1564 916 1604 annona
946 1544 1109 1617 confestim
1141 1544 1251 1605 haberi
1285 1545 1444 1605 sufficiens
1470 1564 1532 1604 non
1563 1552 1679 1623 posset,

394 1654 528 1713 eandem
551 1660 657 1713 tamen
682 1652 820 1712 submitti
852 1653 973 1731 poterit
996 1655 1030 1712 lu
1054 1652 1109 1712 tali
1132 1655 1216 1715 enim
1240 1655 1429 1716 necessitate
1459 1653 1561 1713 omnis
1593 1670 1677 1712 com·

395 1760 530 1823 moditas
554 1780 617 1821 non
641 1770 689 1820 est
712 1761 893 1839 spectanda.
917 1761 950 1820 ln
974 1760 1094 1839 reliquo
1117 1780 1232 1821 maneo
1256 1761 1398 1823 eiusdem
1421 1780 1598 1841 generosae
1621 1761 1677 1821 do·

395 1868 574 1929 minationis
599 1878 722 1927 vestrae

1136 1994 1256 2055 amicus
1279 1996 1497 2074 paratissimus

1000 2102 1037 2162 C.
1062 2102 1210 2163 Nicolaus
1234 2104 1389 2182 Erdeody,
1412 2105 1514 2163 banus
1538 2125 1577 2163 m.
1601 2124 1630 2181 p.

504 2247 618 2306 Datum
643 2246 792 2321 Mokricz,
820 2243 868 2307 10.
893 2246 999 2325 aprilis
1029 2244 1121 2307 1692.

502 2390 542 2450 ln
566 2391 706 2450 dorso:
730 2389 894 2451 Generoso
910 2390 1037 2450 domino
1058 2391 1152 2450 Petro
1168 2392 1298 2451 Valicra
1313 2392 1402 2451 aliter
1417 2393 1678 2470 Szenlrouachky,

394 2498 606 2559 universitatis
629 2496 776 2557 nobilium
801 2496 914 2575 Campi
939 2498 1173 2575 Turopoliensis
1196 2498 1300 2558 comiti
1315 2500 1463 2559 terrestri
1487 2510 1553 2577 etc,
1576 2502 1677 2561 amico

396 2605 692 2671 observandissimo.

498 2728 644 2798 Originale
672 2730 861 2794 chartaceum,
889 2745 905 2782 a
933 2736 1015 2800 tergo
1045 2732 1175 2800 appressi
1203 2731 1286 2802 sigilli
1318 2733 1478 2802 vestigium,
1509 2747 1567 2801 quo
1596 2732 1677 2790 litera

392 2819 488 2874 clausa
507 2827 576 2872 erat.
596 2820 625 2874 ln
645 2820 759 2874 archivo
777 2835 919 2873 commun.
939 2821 1005 2873 nob.
1025 2822 1062 2872 de
1081 2821 1243 2891 Turopolje.

988 3123 1094 3198 arr.
1130 3201 1134 3206 ,
1187 3090 1191 3108 ’

500 3322 592 3380 Anno
620 3318 712 3383 1692.
736 3319 765 3384 4.
790 3322 872 3383 iunii.
897 3323 1054 3384 Viniczae.

393 3511 559 3578 Nicoluus
581 3513 747 3600 Erdeody,
770 3513 889 3592 burrtts,
913 3516 1035 3580 comiti
1057 3519 1138 3580 terr.
1158 3516 1281 3604 Campi
1301 3519 1485 3605 Turopolio
1497 3521 1674 3606 praecipit,

392 3627 431 3686 ui
454 3621 510 3686 clia
535 3637 580 3698 19.
606 3621 702 3686 aruzii
724 3643 803 3686 cum
826 3625 902 3688 suis
925 3623 1126 3696 honrint'bus
1148 3626 1194 3689 ud
1221 3627 1440 3711 praesidium
1477 3630 1675 3695 Petriniam

929 3752 1001 3796 sese-
1031 3726 1140 3796 uslai.

605 3965 768 4026 Generose
791 3966 915 4026 domine
940 3967 1039 4027 amice
1063 3969 1357 4033 observandissime.

499 4109 585 4169 Licet
608 4107 772 4187 perspecta
796 4110 835 4168 sit
859 4111 948 4200 nobis
973 4111 1124 4171 moderna
1147 4115 1296 4192 temporis
1313 4115 1424 4174 iniuria
1448 4125 1480 4175 et
1503 4101 1669 4197 emergens

391 4215 502 4276 exinde
537 4217 741 4297 belligerandi
777 4217 950 4279 difficultas.
986 4219 1069 4296 Quia
1106 4217 1180 4280 vero
1215 4209 1341 4282 occasio
1372 4243 1428 4299 pro
1464 4225 1670 4285 contestando

391 4341 469 4400 erga
500 4341 590 4383 suam
621 4323 818 4384 maiestatem
851 4326 1096 4387 sacratissimam
1120 4329 1324 4388 devotissima
1347 4330 1547 4410 obligatione,
1571 4343 1602 4392 et
1626 4334 1670 4392 in·

390 4431 541 4490 lerrendis
565 4431 855 4505 naturali'inimico‚
873 4433 1046 4494 secundum
1069 4419 1181 4494 virium
1206 4436 1444 4513 'possibilitatem
1469 4439 1601 4514 damnis,
1624 4440 1668 4500 la·

392 4537 568 4598 vorabiliter
593 4539 756 4620 affulgens,
780 4560 906 4600 moram
925 4561 988 4602 non
1019 4543 1143 4621 patitur.
1173 4544 1293 4604 Idcirco
1319 4547 1500 4624 generalem
1532 4548 1671 4608 domino·

391 4665 457 4706 rum
493 4647 722 4728 regnicolarum
758 4649 1033 4710 insurrectionem·
1053 4662 1087 4710 ut
1125 4651 1260 4712 maxime
1308 4653 1468 4730 vellemus,
1499 4674 1671 4736 prorogare

391 4773 451 4814 non
475 4773 650 4833 possumus,
674 4757 730 4816 seri
753 4757 895 4816 eandem'
920 4778 977 4837 pro
1005 4758 1054 4819 die
1078 4759 1200 4819 decima
1232 4779 1316 4820 nona
1347 4763 1522 4839 praesentis
1552 4764 1670 4825 mensis

391 4861 544 4922 universis
567 4862 682 4922 domini
714 4863 845 4924 statibus
870 4874 901 4924 et
923 4865 1084 4926 ordinibus
1114 4867 1311 4927 indicendam
1343 4879 1375 4928 et
1396 4871 1665 4950 promulgandam
