3934 5550
425 407 470 474 to

431 627 512 705 lOl.]
530 627 597 687 Nos
612 623 707 707 igitur
722 620 899 685 huiusmodi
915 619 1076 686 humilima
1096 616 1320 702 supplicatione
1337 616 1514 683 nominibus
1538 632 1568 684 et
1591 615 1622 682 in
1640 634 1709 702 pet·

429 736 515 796 sonis
538 735 754 816 praelatorum
779 733 995 793 universorum
1020 733 1111 793 unius
1135 732 1285 791 sessionis
1301 730 1459 803 nobilium,
1476 741 1602 792 nostrae
1624 732 1718 792 modo

435 864 497 923 quo
521 862 622 923 supra
638 850 784 921 porrecta
805 840 973 911 maiestati,
998 840 1087 920 regia
1110 840 1304 921 benignitate
1328 830 1483 917 exaudita,
1500 840 1670 901 clementer
1692 848 1724 899 et

437 951 588 1027 admissa,
612 951 824 1030 praeinsertas
849 949 955 1009 literas
979 948 1054 1008 dicti
1076 950 1210 1011 condam
1226 948 1341 1009 domini
1359 948 1548 1009 Ferdinandi
1564 948 1650 1029 regis
1661 948 1722 1027 pri·

432 1060 604 1140 vilegiales,
620 1079 682 1119 non
698 1059 838 1131 abrasas,
850 1076 914 1117 non
930 1056 1120 1118 cancellatas
1133 1075 1235 1135 neque
1252 1056 1283 1115 in
1300 1056 1404 1135 aliqua
1420 1066 1508 1134 parte
1524 1057 1571 1117 sui
1588 1074 1716 1135 suspec-

430 1178 488 1244 tas,
502 1168 558 1228 sed
574 1168 658 1227 omni
675 1185 803 1245 prorsus
820 1165 895 1225 vitio
912 1184 950 1225 ac
965 1165 1143 1243 suspicione
1160 1173 1312 1239 carentes,
1325 1165 1605 1244 praesentibusque
1619 1164 1714 1225 literis

431 1276 546 1335 nostris
581 1274 827 1354 privilegialibns
851 1274 890 1333 de
914 1273 1011 1332 verbo
1036 1273 1076 1333 ad
1102 1273 1229 1333 verbum
1255 1271 1323 1332 sine
1347 1272 1551 1333 diminutione
1575 1282 1608 1333 et
1640 1292 1716 1351 aug·

432 1393 540 1445 mento
564 1381 691 1461 aliquali
718 1381 851 1442 insertas
876 1389 908 1440 et
931 1380 1105 1458 inscriptas,
1139 1382 1243 1459 quoad
1274 1400 1384 1441 omnes
1403 1396 1523 1461 earum
1558 1380 1717 1440 continen·

432 1491 502 1563 tias,
526 1491 684 1551 clausulas
708 1497 739 1549 et
763 1488 919 1563 articulos,
944 1497 1085 1564 eatenus,
1110 1498 1264 1567 quatenus
1289 1488 1431 1549 eaedem¹
1444 1489 1501 1549 rite
1525 1498 1556 1548 et
1579 1487 1718 1567 legitime

432 1599 569 1659 existant
604 1605 783 1674 emanatae‚
819 1597 998 1676 viribusque
1023 1596 1204 1656 earundem.
1230 1597 1345 1656 veritas
1377 1596 1586 1675 suffragatur,
1623 1615 1660 1656 ac
1696 1594 1722 1655 si

432 1715 464 1767 et
497 1708 529 1765 in
563 1712 715 1784 quantum
748 1704 821 1765 dicti
852 1704 973 1765 nobiles
1002 1703 1177 1781 praemissa
1209 1704 1351 1764 libertate
1375 1704 1527 1765 hactenus
1558 1703 1606 1762 usi
1639 1712 1720 1779 sunt,

433 1824 548 1886 ratas,
567 1821 677 1894 gratas
708 1822 740 1873 et
776 1821 908 1891 accepta
937 1812 1107 1871 'habentes
1143 1812 1404 1890 approbavimus,
1435 1811 1653 1871 roboravimus
1689 1820 1720 1870 et

433 1921 667 1993 ratificavimus,
691 1939 729 1979 ac
752 1937 809 1998 pro
832 1919 1002 1998 saepefatis
1027 1918 1182 1979 universis
1205 1920 1296 1979 unius
1331 1920 1480 1979 sessionis
1515 1912 1589 1979 dieti
1626 1919 1715 1999 regni

433 2030 529 2091 nostri
553 2027 740 2090 Sclauoniae
775 2027 938 2105 nobilibus,
974 2027 1173 2106 ipsorumque
1209 2027 1398 2089 haeredibus
1426 2036 1458 2087 et
1481 2028 1716 2107 posteritatibus

432 2136 589 2197 universis
621 2135 809 2209 innovando,
843 2135 982 2216 gratiose
1018 2135 1286 2210 confirmavimus3
1321 2136 1384 2196 imo
1418 2144 1629 2213 acceptamus,
1663 2153 1716 2212 ap-

434 2244 612 2323 probamus,
644 2242 897 2321 ratiticamusque
922 2251 961 2304 et
992 2244 1213 2303 confirmamus
1244 2244 1355 2304 harum
1386 2251 1566 2303 nostrarum
1596 2250 1719 2301 secreto

434 2352 537 2432 sigillo
572 2361 693 2427 nostro,
727 2368 790 2429 quo
823 2359 855 2409 ut
889 2369 943 2409 rex
983 2350 1166 2430 Hungariae
1201 2352 1325 2410 utimur:
1349 2350 1541 2429 impendenti
1579 2367 1717 2409 commu-

437 2459 582 2532 nitorum,
618 2458 728 2538 vigore
765 2467 797 2517 et
830 2458 1008 2517 testimonio
1031 2458 1199 2519 literarum.
1234 2458 1350 2517 Datum
1383 2477 1440 2536 per
1472 2476 1587 2517 manus
1624 2456 1726 2518 fidelis

435 2565 534 2626 nostri
568 2564 659 2625 nobis
690 2582 822 2641 syncere
858 2564 961 2625 dilecti
997 2565 1250 2625 reverendissimi
1285 2565 1411 2624 Martini
1447 2566 1546 2625 Petite
1580 2564 1620 2624 de
1656 2566 1719 2624 He-

435 2675 515 2749 thes,
547 2671 773 2753 archiepiscopi
799 2671 992 2747 Colooensis‚
1025 2672 1284 2733 administratoris
1315 2673 1517 2752 episcopatus
1541 2674 1718 2747 lauriensis,

436 2784 636 2861 locorumque
675 2781 846 2842 eorundem
887 2781 1010 2841 comitis
1047 2781 1197 2861 perpetui,
1235 2781 1401 2840 consiliarii
1439 2790 1470 2840 et
1508 2800 1564 2858 per
1603 2781 1719 2841 dictum

438 2909 572 2970 regnum
601 2888 786 2968 Hungariae
810 2888 923 2948 summi
947 2889 1132 2961 cancellarii,
1155 2889 1185 2948 in
1219 2907 1291 2948 arce
1315 2896 1422 2948 nostra
1446 2889 1534 2968 regia
1559 2888 1721 2969 Pragensi,

440 2997 597 3078 vigesima
620 3015 704 3056 nona
727 2995 778 3056 die
802 2996 919 3056 mensis
950 2996 1062 3069 martii,
1094 3015 1176 3056 anno
1209 2996 1326 3056 domini
1360 2997 1522 3056 millesimo
1558 3004 1718 3058 sexcente-

438 3107 518 3166 simo
542 3105 699 3178 secund03
732 3122 901 3184 regnorum
926 3112 1103 3163 nostrorum
1127 3103 1257 3162 Romani
1287 3103 1439 3183 vigesimo
1463 3103 1605 3182 septimo,
1628 3104 1715 3163 Hun-

438 3214 547 3294 gariae
576 3221 608 3272 et
639 3212 769 3273 aliorum
799 3211 965 3284 tricesimo,
997 3211 1168 3271 Bohemiae
1192 3230 1267 3272 vero
1291 3230 1374 3271 anno
1398 3211 1537 3271 similitar
1562 3211 1716 3292 vigesimo

438 3322 580 3400 septimo.
596 3318 871 3380 Reverendissimo
894 3338 932 3379 ac
956 3317 1185 3378 venerabilibus
1209 3319 1238 3378 in
1263 3317 1390 3378 Christo
1401 3318 1550 3404 ¹patribus
1574 3319 1716 3391 dominis,

438 3429 581 3508 praelato
611 3426 748 3487 Martino
780 3426 877 3487 Pethe
908 3426 948 3486 de
979 3426 1108 3499 Hethes‚
1132 3425 1315 3486 Colocensis
1348 3434 1379 3485 et
1409 3426 1593 3486 Bachiensis
1617 3426 1716 3486 eccle-

438 3538 555 3597 siarum
579 3535 728 3595 canonice
745 3535 900 3595 unitarum
921 3533 1165 3612 archiepiscopo,
1181 3533 1342 3612 Stephano
1357 3534 1493 3611 Szuhay,
1508 3534 1609 3594 electo
1625 3533 1715 3613 Agri-

438 3644 514 3718 ensi,
538 3643 668 3703 Nicolao
691 3640 866 3718 Zelniczey,
890 3641 1104 3722 Zagrabiensi,
1131 3641 1288 3701 Demetrio
1312 3641 1473 3721 Napragy,
1498 3643 1598 3702 electo
1614 3642 1713 3701 Tran-

440 3751 639 3830 syluaniensi,
671 3749 802 3810 Nicolao
834 3749 970 3824 Micati0‚
994 3750 1094 3809 electo
1118 3749 1334 3824 Waradiense,
1358 3749 1498 3830 Georgio
1521 3745 1718 3826 Zalattnoky,

441 3857 779 3937 Quinqueecclesiensi,
802 3857 963 3934 praedicto
978 3857 1114 3917 Martino
1139 3857 1235 3917 Pethe
1259 3858 1299 3918 de
1324 3859 1452 3934 Hethes,
1469 3857 1718 3920 administratore

441 3965 601 4040 lauriensi,
624 3967 648 4024 F
650 3965 792 4026 rancisco
815 3965 960 4045 Forgach
983 3965 1023 4023 de
1047 3964 1197 4041 Ghymes,
1229 3965 1398 4040 Nittriensi,
1421 3967 1515 4026 Petro
1546 3966 1719 4042 Radouitio,

440 4072 596 4146 Vaciensi,
620 4073 736 4132 Fausto
759 4071 918 4148 vetantia
948 4070 1171 4144 Chanadiensi,
1194 4071 1288 4132 fratre
1312 4072 1439 4132 Simone
1463 4073 1624 4147 Bratulith,
1655 4073 1718 4133 Sir-

439 4180 559 4252 miensi,
578 4179 711 4240 Matthia
731 4179 936 4249 Drascouitio‚
961 4179 1142 4252 Tininiensi,
1160 4180 1319 4240 Ludouico
1343 4182 1488 4258 Wylaky‚
1507 4181 1671 4258 Boznensi,
1688 4191 1719 4241 et

440 4287 551 4348 Marco
574 4286 710 4346 Antonio
733 4287 773 4346 de
798 4285 948 4363 Dominis,
971 4286 1147 4366 Segniensi,
1171 4296 1202 4346 et
1226 4287 1477 4348 administratore
1501 4289 1720 4359 Modrusiensi,

443 4392 647 4455 ecclesiarum
670 4393 834 4471 episcopis,
858 4390 1009 4452 ecclesias
1033 4394 1083 4452 dei
1106 4393 1237 4454 feliciter
1252 4393 1509 4474 gubernantibus
1534 4395 1608 4456 item
1633 4415 1719 4475 spec·

441 4500 587 4560 tabilibus
611 4509 643 4560 et
665 4499 841 4580 magnificis
869 4501 982 4560 comite
1013 4501 1173 4580 Stephano
1197 4502 1236 4562 de
1260 4503 1386 4577 Bethor,
1411 4503 1513 4564 iudice
1537 4503 1643 4564 curiae
1666 4523 1720 4565 no-

442 4617 535 4678 strae,
558 4609 674 4668 Ioanne
699 4608 886 4667 Drascouith
910 4609 949 4668 de
973 4608 1171 4682 Trakostian‚
1198 4627 1366 4689 regnorum
1391 4601 1720 4694 nostrorumsDalrna·

441 4715 514 4792 tiae,
537 4715 686 4775 Croatiae
709 4726 740 4774 et
763 4716 949 4776 Sclauoniae
973 4716 1065 4792 bano,
1089 4717 1202 4776 comite
1234 4717 1373 4799 Georgio
1407 4719 1447 4778 de
1478 4719 1591 4797 Zrinio,
1621 4729 1722 4780 taver-

442 4824 592 4900 nicorum,
625 4823 739 4884 comite
776 4823 944 4884 Francisco
978 4825 1018 4884 de
1050 4825 1189 4898 Nadasd
1230 4843 1416 4905 agasonum,
1451 4827 1563 4886 comite
1599 4829 1721 4888 Thoma

432 4931 590 5018 ‚Erdeody
612 4932 653 4992 de
676 4931 937 5009 Monyoroserek,
961 4931 1181 5012 dapiferorum,
1210 4933 1340 4994 Nicolao
1374 4934 1524 5012 lstuanffy
1548 4935 1588 4995 de
1612 4935 1721 4998 Kisaz—
