3934 5550
408 404 471 468 140

403 622 472 683 talis
496 630 559 683 est:
592 624 707 699 (Vide
730 624 816 683 doc.
841 642 867 683 a.
897 620 990 684 1602.
1022 620 1073 682 29.
1105 622 1250 681 martii
1279 622 1352 681 sub
1375 620 1442 681 No.
1467 619 1541 698 dl).
1565 620 1687 681 Altera·

403 751 471 790 rum
496 740 600 791 autem
625 731 815 791 continentia
839 730 978 809 sequitur
1003 731 1033 789 in
1057 730 1136 789 haec
1160 730 1275 789 verba:
1300 727 1419 805 (Vide
1443 726 1685 789 doc.a.1620.

409 837 455 900 19.
479 838 581 897 iunii
606 839 678 897 sub
703 838 768 898 No,
792 835 866 913 61.).
898 838 964 896 Nos
989 837 1094 916 itaque
1118 837 1294 896 huiusmodi
1323 836 1495 895 humillima
1527 835 1683 913 supplica·

403 946 487 1005 tione
511 946 604 1005 totius
629 946 773 1006 videlicet
796 944 1008 1004 universitatis
1022 943 1172 1003 nobilium
1196 943 1349 1021 saepefati
1366 942 1480 1022 Campi
1504 944 1683 1021 Turopolia,

402 1061 528 1112 nostrae
553 1053 646 1111 modo
670 1071 732 1130 quo
757 1070 851 1129 supra
875 1058 1020 1129 porrecta
1050 1050 1215 1127 maiestati,
1240 1051 1328 1130 regia
1362 1050 1556 1130 benignitate
1588 1069 1682 1110 exau·

403 1160 467 1220 dita
491 1160 659 1219 clementer
684 1168 715 1218 et
739 1158 886 1234 admissa,
910 1158 1120 1237 praescriptas
1144 1158 1234 1217 binas
1258 1158 1364 1217 literas
1379 1176 1442 1218 non
1459 1158 1599 1231 abrasas,
1620 1177 1683 1217 non

403 1268 593 1327 cancellatas
617 1268 731 1326 necin
755 1267 858 1344 aliqua
882 1264 930 1324 sui
954 1274 1043 1342 parte
1067 1273 1240 1342 suspectas,
1264 1266 1320 1324 sed
1344 1264 1430 1325 omni
1457 1284 1585 1343 prorsus
1609 1264 1711 1348 vitio0

403 1384 434 1434 et
468 1374 639 1452 suspitione
672 1382 824 1444 carentes,
856 1372 1136 1451 praesentibusque
1168 1370 1264 1431 literis
1296 1372 1410 1430 nostris
1440 1371 1479 1429 de
1512 1369 1610 1429 verbo
1645 1370 1685 1429 ad

404 1482 533 1542 verbum
557 1481 623 1541 sine
648 1480 851 1540 diminutione
876 1487 906 1539 et
930 1488 1101 1559 augmento
1131 1479 1257 1558 aliquali
1279 1478 1415 1538 insertas
1447 1486 1479 1537 et
1511 1477 1685 1555 inscriptae,

403 1590 506 1667 quoad
531 1607 640 1647 omnes
667 1587 836 1647 earundem
869 1585 1085 1659 continentias,
1116 1585 1272 1644 clausulas
1305 1593 1336 1643 et
1368 1583 1524 1660 articulos,
1554 1591 1685 1661 excepto

403 1696 469 1755 loro
493 1696 723 1771 hebdomadali,
747 1704 886 1770 eatenuS,
908 1703 1062 1773 quatenus
1086 1695 1218 1753 eaedem
1240 1694 1298 1752 rite
1323 1702 1354 1753 et
1377 1693 1516 1773 legitime
1548 1693 1684 1752 existunt

403 1811 578 1878 emanatae,
608 1803 787 1880 viribusque
819 1802 991 1861 earundem
1023 1801 1139 1861 veritas
1171 1801 1370 1880 suffragatur,
1401 1808 1496 1877 ratas,
1520 1808 1628 1879 gratas
1653 1806 1684 1858 et

403 1916 533 1987 accepta
556 1910 717 1982 habentes,
750 1909 993 1986 acceptavimus,
1017 1908 1271 1987 approbavimus,
1303 1908 1526 1967 ratificavimus
1558 1926 1595 1966 ac
1627 1925 1683 1984 pro

402 2018 543 2096 praelata
576 2024 641 2075 tota
676 2016 879 2075 universitate
914 2016 1087 2095 saepedicti
1122 2015 1235 2093 Campi
1270 2015 1448 2094 Turopolia,
1481 2014 1683 2093 ipsorumque

403 2124 590 2184 haeredibus
615 2132 646 2183 et
661 2124 895 2202 posteritatibus
919 2143 956 2183 ac
976 2124 1211 2183 successoribus
1233 2123 1387 2183 universis
1402 2123 1598 2194 innovantes,
1615 2140 1682 2199 per-

403 2240 497 2309 petuo
528 2231 678 2291 valituras
707 2231 846 2310 gratiose
877 2231 1140 2290 confirmavimus.
1173 2232 1287 2289 Forum
1320 2238 1424 2289 autem
1455 2228 1684 2288 hebdomadale

402 2338 596 2417 praedictum
620 2358 638 2397 a
662 2339 712 2397 die
736 2338 892 2397 dominico
916 2338 947 2396 in
971 2337 1054 2397 diem
1070 2338 1203 2397 Veneris
1226 2337 1486 2413 transferendum,
1503 2356 1541 2396 ac
1556 2337 1684 2415 insuper

403 2466 459 2524 pro
482 2445 613 2506 utilitate
638 2454 669 2505 et
692 2445 857 2506 commodo
881 2444 971 2525 regni
994 2445 1092 2505 nostri
1122 2445 1310 2505 Sclauoniae
1335 2464 1372 2503 ac
1396 2444 1614 2504 universorum
1637 2444 1680 2502 in·

402 2554 541 2613 colarum
565 2552 666 2613 dictae
691 2552 898 2631 possessionis
923 2554 1095 2611 eorundem
1113 2551 1261 2611 nobilium
1278 2551 1372 2631 Nagy
1389 2552 1524 2611 Goricza
1540 2558 1682 2623 vocatae,

402 2660 434 2719 in
458 2658 581 2739 Campo
605 2668 637 2719 et
659 2660 807 2719 comitatu
831 2658 1047 2737 Zagrabiensi,
1063 2658 1279 2737 territorioque
1303 2659 1442 2736 ipsorum
1475 2660 1559 2735 apud
1591 2676 1680 2735 prae·

401 2767 498 2828 fatam
523 2768 687 2828 ecclesiam
712 2768 826 2827 beatae
849 2767 971 2826 Mariae
995 2765 1125 2846 virginis
1150 2766 1293 2826 existenti
1325 2766 1441 2837 habita,
1476 2765 1516 2825 ad
1547 2765 1680 2825 eandem

401 2875 634 2954 possessionem
659 2873 753 2954 Nagy
777 2874 911 2934 Goricza
935 2882 1156 2951 nuncupatam,
1173 2893 1253 2932 unas
1274 2873 1376 2933 adhuc
1393 2874 1549 2932 nundinas
1565 2873 1680 2932 liberas

401 3001 457 3042 seu
482 2982 581 3040 lorum
607 2983 740 3040 annuale
765 2982 905 3054 liberum,
929 2980 1029 3058 primo
1053 2979 1103 3038 die
1127 2979 1272 3039 videlicet
1295 2979 1452 3039 dominico
1477 2988 1549 3038 ante
1565 2980 1679 3038 testum

401 3090 464 3150 divi
489 3089 646 3150 Laurentii
671 3089 826 3165 martyris,
852 3089 980 3166 aliisque
1005 3086 1115 3146 diebus
1139 3088 1242 3164 ipsum
1265 3088 1348 3146 diem
1373 3088 1561 3146 dominicum
1587 3107 1676 3166 prae·

400 3197 583 3258 cedentibus
607 3209 638 3256 et
663 3197 840 3255 immediate
865 3196 1136 3273 subsequentibus,
1159 3195 1243 3255 omni
1268 3214 1359 3268 ann0,
1384 3196 1442 3254 sub
1457 3195 1568 3254 iisdem
1585 3196 1675 3254 liber·

399 3307 514 3365 tatibus
550 3314 581 3364 et
618 3304 856 3384 praerogativis,
888 3303 1001 3381 quibus
1032 3303 1191 3362 nundinae
1223 3323 1280 3362 seu
1310 3303 1380 3362 fora
1410 3304 1557 3362 annualia
1580 3303 1679 3362 libera

399 3413 517 3472 scilicet
538 3413 589 3489 [et]
608 3411 847 3471 hebdomadalia
872 3410 1032 3469 civitatum
1048 3419 1226 3469 nostrarum
1241 3408 1408 3469 liberarum
1423 3417 1478 3468 aut
1493 3410 1679 3488 oppidorum

398 3531 430 3582 et
453 3521 594 3580 villarum
619 3519 823 3592 celebrantur,
848 3527 999 3596 perpetuo
1023 3517 1173 3577 celebrari
1205 3516 1350 3576 duximus
1373 3516 1513 3596 gratiose
1537 3535 1676 3576 annuen-

400 3630 474 3688 dum
511 3635 542 3688 et
576 3626 828 3699 concedendum,
863 3624 926 3684 imo
961 3633 1179 3704 acceptamus,
1215 3624 1442 3702 approbamus,
1476 3624 1677 3698 ratificamus,

398 3737 627 3810 confirmamus
660 3734 887 3812 annuimusque
919 3742 950 3791 et
973 3733 1174 3792 concedimus
1199 3731 1411 3810 praesentium
1434 3750 1490 3810 per
1526 3732 1677 3812 vigorem,

398 3845 516 3922 absque
547 3849 653 3900 tamen
685 3839 875 3918 praeiudicio
911 3841 1120 3899 nundinarum
1152 3859 1208 3899 seu
1238 3838 1375 3899 fororum
1410 3839 1600 3915 annualium,
1636 3858 1673 3897 ac

398 3951 491 4011 etiam
534 3947 809 4008 hebdomadalium
848 3947 1032 4020 liberorum,
1068 3947 1197 4006 aliorum
1238 3964 1495 4025 quorumcunque
1535 3947 1674 4005 locorum

395 4057 692 4118 circumvicinorum.
724 4055 880 4132 Quocirca
912 4073 968 4113 vos
999 4072 1109 4113 omnes
1143 4063 1174 4112 et
1202 4054 1344 4133 singulos
1367 4061 1567 4124 mercatores,
1591 4053 1676 4111 insti·

395 4175 479 4226 tores
502 4173 533 4225 et
555 4165 697 4224 forenses
721 4163 872 4238 homines,
897 4181 934 4221 ac
966 4163 1062 4221 etiam
1094 4162 1230 4221 viatores
1261 4159 1415 4240 quoslibet
1447 4162 1559 4220 harum
1591 4161 1671 4220 serie

396 4291 622 4345 assecuramus,
647 4271 813 4331 allidamus
837 4281 868 4330 et
892 4270 1110 4344 certificamus,
1134 4277 1290 4348 quatenus
1314 4269 1354 4329 ad
1385 4269 1563 4347 praedictas
1594 4288 1672 4327 nun·

395 4383 485 4443 dinas
520 4399 575 4440 seu
611 4380 679 4438 fora
714 4378 861 4438 annualia
894 4396 949 4455 per
980 4397 1039 4436 nos
1070 4377 1207 4456 benigne
1238 4377 1432 4452 confirmata,
1463 4395 1502 4435 ac
1525 4376 1565 4436 de
1589 4395 1673 4435 novo

395 4507 554 4559 concessa,
579 4487 680 4566 prouti
705 4487 798 4545 etiam
823 4485 1051 4545 hebdamadale
1077 4505 1094 4543 a
1118 4485 1169 4544 die
1192 4484 1348 4543 dominico
1372 4483 1402 4543 in
1434 4484 1516 4544 diem
1540 4484 1673 4543 Veneris

394 4598 587 4669 translatum,
612 4615 648 4654 ac
673 4603 824 4674 perpetuo
850 4593 1000 4653 celebrari
1025 4611 1186 4665 concessa,
1209 4611 1280 4650 cum
1313 4591 1458 4650 omnibus
1481 4591 1671 4665 mercantiis,

392 4705 548 4782 rebusque
572 4711 604 4762 et
627 4700 717 4760 bonis
741 4701 853 4760 vestris
877 4700 1073 4777 quibuslibet,
1096 4700 1201 4768 libere,
1226 4718 1336 4758 secure
1361 4708 1392 4758 et
1415 4700 1536 4777 absque
1553 4717 1672 4776 pavore

394 4821 425 4871 et
448 4811 609 4870 formidine
633 4827 847 4886 personarum,
873 4825 1038 4884 rerumque
1063 4816 1094 4865 et
1119 4806 1358 4865 mercantiarum
1383 4816 1558 4864 vestrarum
1583 4805 1666 4864 veni-

395 4919 452 4977 atis
485 4927 514 4977 et
551 4917 716 4986 accedatis
746 4913 943 4992 peractisque
977 4914 1016 4971 ibi
1049 4913 1168 4972 cunctis
1201 4913 1469 4992 negotiationibus
1495 4913 1607 4970 vestris
1631 4912 1671 4970 ad
