3934 5550
1526 435 1587 496 3⁷1

314 673 351 713 ex
376 652 504 731 antiqua
528 651 585 712 sibi
611 651 694 710 aliud
719 650 926 710 aedificiolum
950 650 1163 710 necessarium
1187 650 1358 709 ellaborare
1391 660 1501 730 potest,
1526 652 1595 711 lior·

313 780 401 821 reum
433 761 593 838 antiquum
628 759 755 818 basibus
786 757 914 838 indiget,
945 759 1040 817 haras
1071 758 1223 837 antiquas,
1257 767 1288 817 et
1318 760 1476 819 camerula
1506 759 1597 818 simul

312 868 439 928 basibus
463 867 556 927 etiam
581 867 756 946 indigentes
780 885 878 945 penes
902 867 1056 938 horreum,
1080 885 1117 924 err
1135 885 1218 924 novo
1241 866 1381 925 harulam
1397 867 1596 940 bonam,lor·

314 995 424 1036 nacem
449 976 478 1034 in
503 976 585 1034 malo
610 982 700 1034 statu.

419 1080 471 1144 43.
495 1081 591 1141 Curia
616 1081 893 1141 excellentissimae
929 1080 1075 1140 dominae
1107 1079 1284 1140 comitissae
1319 1082 1454 1140 Rosinae
1480 1082 1593 1140 viduae

310 1189 485 1262 Mallenicb,
498 1189 602 1268 quoad
618 1189 731 1248 robora
745 1187 776 1246 iu
792 1188 874 1246 bono
891 1196 982 1262 statu,
1011 1188 1067 1246 sed
1082 1195 1198 1247 tectum
1214 1187 1245 1246 in
1262 1189 1366 1267 aliqua
1388 1197 1478 1267 parte
1496 1189 1592 1247 babet

309 1299 480 1376 perpluum,
504 1296 572 1356 basi
596 1295 724 1374 indiget,
750 1295 895 1354 horreum
913 1295 1074 1374 antiquum
1099 1295 1296 1373 reparatione
1320 1314 1436 1376 magna
1460 1296 1588 1376 indiget,

313 1425 409 1484 penes
435 1405 589 1464 stabulum
628 1401 788 1480 antiquum
824 1401 1034 1480 pariformiter
1060 1403 1089 1461 iu
1114 1410 1198 1461 statu
1222 1404 1313 1474 ma10‚
1337 1403 1439 1463 culina
1461 1421 1589 1483 magua,

311 1513 353 1572 ita
377 1513 461 1590 quod
485 1519 615 1588 utraque
634 1518 721 1588 parte
737 1510 849 1568 domus
867 1509 1022 1569 viridiario
1047 1507 1175 1568 basibus
1192 1518 1223 1569 et
1239 1519 1320 1569 tecto
1336 1509 1464 1590 indiget,
1488 1519 1521 1570 et
1535 1511 1594 1570 nisi

310 1629 454 1698 reparata
470 1618 562 1679 luerit
574 1625 704 1678 corruet.
720 1617 826 1677 Harae
836 1617 1014 1677 animalium
1027 1625 1059 1677 et
1071 1637 1221 1696 equorum
1234 1617 1434 1699 biangulares
1448 1619 1594 1696 antiquae

311 1729 372 1788 iam
398 1735 469 1786 ante
495 1727 610 1804 aliquot
634 1743 733 1785 annos
757 1725 823 1784 sine
845 1734 927 1784 tecto
963 1733 1094 1798 exstant,
1132 1745 1250 1803 magna
1284 1727 1480 1805 reparatione
1515 1726 1593 1785 indi·

311 1841 431 1914 gentes
455 1834 582 1893 barulae
606 1851 662 1911 pro
686 1832 816 1892 canibus
852 1832 1003 1892 venaticis
1037 1832 1153 1911 pariter
1177 1833 1333 1912 antiquae,
1368 1833 1592 1894 columbarium

312 1941 478 2002 mediocre.

416 2047 467 2111 44.
492 2048 643 2128 Dominus
668 2049 853 2108 Laurentius
878 2049 988 2122 Ledar,
1006 2047 1228 2123 viceassessor,
1248 2048 1342 2108 babet
1365 2049 1482 2109 curiam
1505 2049 1592 2108 bian-

311 2158 452 2238 gularem
477 2155 601 2214 novitus
625 2162 777 2214 errectam
801 2163 884 2214 tecto
908 2155 1065 2214 assericeo
1097 2175 1160 2214 non
1191 2155 1358 2233 provisam,
1388 2155 1587 2234 foenilegium

309 2264 340 2323 iu
363 2261 384 2323 8
409 2261 560 2322 columnis
583 2279 708 2335 novum,
742 2261 897 2320 stabulum
923 2262 1059 2321 adduas
1083 2262 1245 2321 clausuras
1276 2281 1401 2335 novum,
1426 2280 1583 2320 cameram

310 2372 350 2431 ad
374 2372 453 2430 duas
477 2371 638 2429 clausuras
676 2369 705 2428 iu
730 2369 822 2427 haras
855 2387 910 2446 pro
942 2387 1024 2427 nunc
1055 2387 1241 2428 conversam
1273 2387 1395 2443 novam,
1426 2369 1590 2427 fornacem

312 2479 479 2556 pistoream
504 2496 618 2536 novam
642 2485 726 2535 tecto
751 2475 907 2535 assericeo
932 2475 1134 2555 indigentem.

418 2584 469 2649 45.
493 2586 625 2645 loannes
649 2584 769 2663 Evang.
807 2583 909 2643 Ledar
933 2583 1028 2642 habet
1051 2584 1178 2642 domum
1209 2582 1332 2657 bonam,
1357 2584 1501 2643 borreum
1537 2584 1591 2642 bo-

311 2713 384 2753 uum
409 2692 536 2753 basibus
560 2691 722 2771 indigens;
756 2691 850 2749 haras
875 2710 945 2750 cum
982 2708 1109 2750 camera
1143 2690 1321 2750 frumentali
1351 2692 1391 2749 ad
1421 2710 1475 2750 sex
1505 2692 1589 2750 clau-

310 2822 400 2862 suras
424 2802 551 2861 basibus
575 2800 752 2880 indigentes
784 2818 875 2858 secus
898 2800 929 2858 in
953 2800 1036 2859 bono
1060 2809 1152 2874 statu,
1175 2799 1310 2859 culinam
1333 2798 1519 2859 forinsecam
1551 2799 1592 2859 ad

308 2928 402 2967 unam
427 2910 604 2968 clausuram
628 2906 778 2986 superiori
803 2914 891 2984 parte
914 2914 979 2966 tota
996 2906 1217 2979 necessariam,
1240 2906 1272 2965 in
1288 2926 1352 2985 qua
1366 2905 1461 2966 etiam
1476 2905 1586 2967 fornax

309 3015 445 3093 pistorea
475 3024 585 3090 exstat,
617 3014 751 3073 ambitus
790 3014 902 3073 domus
932 3013 1051 3092 indiget
1083 3022 1165 3072 tecto
1189 3013 1354 3086 assericeo,
1386 3012 1587 3093 foenilegium

311 3120 472 3198 antiquum
496 3140 627 3199 parvum
651 3120 848 3200 reparatione
873 3120 1093 3180 necessarium.

417 3225 468 3286 46.
494 3228 628 3287 Michael
653 3229 755 3287 Ledar
779 3228 867 3286 aliter
890 3227 1050 3305 Sipussich
1075 3228 1170 3287 babet
1193 3229 1321 3287 domurn
1345 3228 1503 3306 antiquam
1535 3229 1588 3287 ba·

312 3337 397 3396 sibus
421 3344 452 3394 et
477 3335 674 3412 reparatione
698 3335 900 3411 indigentem,
924 3335 1070 3393 borreum
1104 3335 1220 3394 bonum
1260 3354 1330 3393 cum
1367 3353 1492 3393 camera
1527 3334 1590 3392 lru·

312 3444 437 3503 mentali
472 3443 591 3522 indiget
622 3442 758 3517 basibus,
789 3443 883 3501 baras
914 3442 1125 3521 biangulares,
1154 3443 1273 3521 priores
1305 3443 1404 3502 bonas
1438 3444 1478 3501 ad
1510 3443 1589 3501 duas

311 3554 481 3623 clausuras
506 3550 694 3630 posteriores
719 3550 863 3627 antiquas
887 3549 1068 3627 pavimento
1102 3559 1133 3609 et
1166 3550 1363 3628 reparatione
1387 3550 1592 3625 necessarias,

309 3679 366 3737 pro
390 3659 507 3718 ambitu
531 3658 650 3737 indiget
674 3666 757 3717 tecto
781 3657 946 3719 assericeo.

414 3766 466 3828 47.
491 3766 626 3825 Michael
651 3765 811 3825 Pavissich
835 3765 930 3824 habet
946 3765 1073 3825 domum
1091 3765 1252 3845 antiquam
1267 3774 1339 3846 post
1354 3766 1471 3843 aliquot
1491 3784 1589 3824 annos

308 3875 438 3935 basibus
462 3874 663 3953 indigentem,
687 3873 832 3932 horreum
856 3872 972 3931 bonum
997 3871 1125 3931 basibus
1157 3874 1378 3948 necessarium,
1393 3874 1488 3932 haras
1504 3871 1589 3930 bian-

310 3983 437 4062 gulares
461 3982 562 4041 bonas
585 3980 765 4059 pavimento
798 3979 919 4038 interno
943 3986 975 4038 et
998 3987 1127 4039 externo
1160 3979 1345 4060 indigentes,
1378 3983 1418 4041 ad
1449 3979 1470 4039 4
1506 3980 1589 4039 clau·

310 4109 408 4161 suras,
434 4108 591 4148 cameram
618 4088 834 4147 frumentalem
866 4088 1026 4165 antiquam
1058 4087 1185 4146 basibus
1218 4102 1250 4147 et
1280 4090 1478 4167 reparatione
1510 4088 1587 4147 indi·

310 4206 438 4277 gentem
463 4215 553 4255 secus
578 4214 634 4273 pro
658 4194 796 4254 nuncin
819 4194 970 4254 mediocri
994 4204 1087 4268 statu,
1111 4194 1271 4255 fornacem
1304 4196 1473 4275 pistoream
1505 4197 1588 4255 bono

308 4312 391 4364 tecto
415 4323 469 4382 per
494 4303 645 4362 incuriam
669 4321 731 4362 non
755 4302 923 4381 provisam.

416 4408 467 4470 48.
504 4410 641 4470 Mathias
675 4409 853 4477 Odrechieh
877 4410 972 4469 habet
997 4410 1126 4468 domum
1149 4428 1265 4468 novam
1288 4409 1412 4481 bonam,
1444 4410 1588 4468 horreum

308 4518 465 4578 mediocre
489 4517 618 4577 basibus
641 4526 713 4596 post
736 4517 852 4596 aliquot
876 4536 975 4576 annos
1010 4516 1164 4596 indigens,
1199 4515 1293 4575 haras
1317 4516 1357 4575 ad
1381 4513 1402 4573 4
1428 4516 1589 4575 clausuras

309 4616 454 4705 antiquas
488 4626 616 4685 basibus
641 4634 671 4685 et
695 4626 892 4706 reparatione
927 4626 1133 4699 necessarias,
1164 4626 1258 4685 haras
1290 4625 1447 4685 maialiam
1478 4626 1587 4701 bonas,

307 4734 441 4794 culinam
477 4733 664 4793 forinsecam
709 4752 780 4792 curn
812 4734 939 4794 lomace
974 4733 1111 4813 pistorea
1144 4734 1211 4793 siue
1246 4732 1397 4811 superiori
1428 4743 1517 4812 parte
1558 4742 1589 4792 et

306 4850 398 4908 tecto.

414 4946 465 5010 49.
490 4948 647 5028 Georgius
671 4947 886 5029 Vugrinovich
910 4948 1007 5008 habet
1029 4947 1156 5006 domum
1179 4965 1296 5007 novam
1319 4966 1358 5007 ex
1374 4948 1480 5007 solidis
1497 4948 1588 5006 robo-
