3934 5550
1491 433 1551 501 lat

274 656 444 717 thorIzatus
468 661 516 715 est
539 672 594 733 per
617 654 783 733 pubIIcum,
817 653 867 712 cui
899 654 929 713 in
962 652 1148 713 adiutorium
1171 653 1316 713 dominus
1341 654 1559 715 viceassessor

275 764 432 844 Georgius
456 762 642 822 Kramarich
666 760 734 821 sine
758 760 868 821 diurno
893 759 1081 840 adiungitur.

750 954 899 1039 (Ceteris
921 953 1089 1039 emissis)

553 1153 801 1214 Articulus
838 1154 1044 1214 decimus
1079 1164 1289 1234 quartus.

384 1298 530 1359 Exhibita
560 1306 632 1357 sunt
665 1307 736 1358 acta
767 1307 912 1359 servatae
943 1299 1162 1377 deputationis,
1193 1319 1275 1380 quae
1307 1300 1338 1359 in
1370 1299 1491 1381 merito
1511 1299 1554 1359 lu·

281 1415 398 1468 stratae
422 1406 547 1466 militiae
565 1406 829 1467 insurrectionalis
853 1408 903 1467 die
931 1406 978 1467 15.
1004 1406 1120 1467 mensis
1140 1408 1243 1467 martii
1267 1426 1350 1469 anno
1378 1405 1470 1468 1809.
1487 1426 1560 1466 con-

280 1514 369 1588 sedit,
393 1534 473 1594 quae
497 1532 554 1593 pro
578 1522 661 1573 statu
685 1514 814 1574 notitiae
839 1515 879 1574 ad
903 1523 978 1575 acta
1001 1514 1204 1594 excipiuntur.

753 1704 900 1791 (Ceteris
924 1708 1092 1794 emissis.)

389 1886 542 1958 OrIginale.
575 1888 604 1939 ln
633 1886 746 1941 archivo
775 1903 916 1942 commun.
944 1890 1010 1943 nob.
1039 1889 1076 1944 de
1102 1888 1270 1960 Turopolje:
1298 1888 1564 1961 congregationalia

283 1975 352 2030 fasc.
373 1975 434 2031 348.

879 2190 985 2262 240.

393 2390 484 2450 Anno
512 2386 605 2451 1809.
630 2387 683 2451 23.
708 2392 789 2453 maii.
815 2392 848 2451 ln
872 2394 1002 2453 castello
1026 2393 1201 2456 Lukavecz.

293 2579 511 2648 Universitos
548 2582 670 2669 Compi
708 2583 966 2671 Tmopolieusis
997 2583 1036 2649 ob
1068 2584 1306 2650 imminentem
1337 2584 1569 2671 irruptionem

403 2787 407 2792 ἡ
480 2690 654 2757 Gallicam
678 2691 718 2756 de
740 2692 952 2757 recondendo
975 2692 1116 2757 archivo
1138 2696 1196 2758 etc.
1219 2692 1392 2757 deliberat.

399 2892 491 2952 Anno
521 2894 639 2953 domini
676 2893 768 2956 1809.
800 2895 850 2954 die
876 2890 926 2954 23.
952 2893 1069 2954 mensis
1093 2893 1176 2968 maii,
1199 2893 1230 2953 in
1254 2895 1383 2954 castello
1406 2893 1573 2955 Lukavecz

290 2997 492 3058 iurisdictioni
529 3001 741 3062 universitatis
775 3001 925 3061 nobilium
949 3001 1063 3080 Campi
1086 2999 1257 3080 Turopolia
1289 3010 1321 3061 et
1351 3001 1456 3060 inclito
1479 2999 1573 3060 comi·

289 3105 366 3164 tatui
390 3106 596 3187 Zagrabiensi
619 3109 816 3188 ingremiat0,
841 3109 898 3168 sub
922 3109 1082 3189 praesidio
1114 3108 1293 3188 spectabilis
1324 3117 1355 3169 et
1385 3107 1570 3188 perillustris

290 3212 407 3271 domini
446 3214 572 3274 Antonii
602 3216 778 3293 Zdenezay,
819 3216 940 3277 comitis
972 3217 1137 3294 terrestris,
1168 3217 1387 3296 praesentibus
1419 3217 1572 3295 spectabi-

291 3318 371 3378 libus
395 3327 426 3380 et
449 3321 673 3398 perillustribus
698 3307 833 3384 dominis
854 3325 971 3384 Ioanne
994 3325 1073 3404 Nep.
1096 3325 1274 3402 Zdenczay,
1299 3325 1429 3385 emerito
1461 3324 1573 3383 comite

293 3427 439 3501 terrestri,
463 3429 555 3488 Petro
579 3431 715 3504 Modich‚
739 3439 931 3510 perceptore,
955 3433 1073 3493 Ioanne
1097 3434 1185 3511 bapt.
1217 3432 1366 3512 Spissich‚
1390 3431 1573 3491 vicecomite

293 3541 450 3607 montano,
475 3534 614 3616 Georgio
639 3539 817 3618 Pogledich,
842 3539 1010 3600 substituto
1034 3540 1147 3600 comite
1170 3540 1318 3613 terrestri,
1343 3539 1480 3599 Martino
1503 3539 1574 3597 Bla-

292 3640 450 3714 sekovich,
482 3643 603 3702 notario
627 3646 856 3722 assessoribus;
882 3649 998 3708 Ioanne
1023 3648 1237 3721 Trumbetass,
1262 3647 1435 3726 capitaneo,
1459 3647 1575 3706 Ioanne

295 3747 489 3826 Chunchicb,
513 3752 598 3825 fisce,
624 3751 763 3834 Georgio
787 3755 981 3830 Kramarich,
1007 3755 1154 3816 Samuele
1171 3757 1347 3831 Zdenczay,
1370 3754 1478 3814 fiscale
1493 3753 1575 3813 vice·

295 3857 515 3932 assessoribus,
540 3857 695 3920 Michaele
719 3861 849 3941 Smugy,
874 3861 1063 3937 cancellista,
1087 3872 1213 3923 servata
1237 3871 1286 3923 est
1309 3861 1508 3923 conferentia

790 4057 1039 4119 Articulus
1067 4059 1092 4118 l.

402 4194 484 4256 Cum
517 4197 550 4256 in
589 4198 656 4258 dies
689 4217 728 4260 ex
759 4203 902 4263 omnibus
932 4202 1074 4282 partibus
1097 4201 1118 4262 ii
1140 4202 1245 4263 nuncii
1267 4202 1473 4281 perferantur,
1496 4203 1580 4282 quod

295 4299 416 4361 hostilis
441 4303 605 4364 Gallicana
628 4306 758 4386 irruptio
782 4311 813 4370 in
837 4312 916 4371 haec
940 4330 1041 4391 regna
1061 4312 1309 4390 praemetuenda
1325 4311 1439 4386 veniat,
1463 4310 1579 4372 idcirco

296 4425 352 4486 per
375 4409 590 4472 considentem
620 4415 845 4478 conferentiam
871 4418 902 4477 id
926 4420 1107 4480 conclusum
1131 4420 1239 4493 extitit,
1263 4428 1298 4478 ut
1321 4419 1482 4479 archivum
1517 4419 1581 4478 Lu·

296 4515 474 4577 kavczense
504 4518 536 4578 in
568 4540 625 4582 sua
657 4521 840 4605 integritate,
865 4546 936 4586 cum
967 4527 1093 4606 reliquis
1126 4528 1220 4588 rebus
1253 4528 1425 4605 capellulae
1456 4527 1580 4587 Lukav·

296 4627 418 4683 czensis
452 4625 492 4684 ad
525 4629 694 4690 ecclesiam
726 4633 981 4696 Dubraczensem
1012 4637 1226 4710 transferatur,
1249 4634 1359 4695 maiori
1381 4634 1581 4694 nihilominus

299 4730 438 4808 periculo
462 4731 647 4798 imminente
673 4739 799 4800 domino
824 4741 929 4802 comiti
951 4744 1091 4804 terrestri
1114 4762 1191 4804 cura
1206 4742 1385 4803 concredita
1408 4749 1465 4816 est,
1487 4750 1522 4800 ut
1545 4760 1582 4801 ex

297 4847 472 4900 memorata
496 4843 629 4904 ecclesia
653 4847 693 4906 ad
718 4847 812 4908 alium
836 4850 938 4910 locum
965 4852 1155 4913 securiorem
1172 4850 1396 4930 praescriptum
1421 4848 1582 4910 archivum

298 4961 370 5020 cum
395 4945 521 5024 reliquis
546 4953 657 5012 reculis
683 4962 867 5036 transponat
891 4969 921 5018 et
945 4959 1074 5020 recondi
1100 4960 1201 5020 faciat.
