3934 5550
417 416 481 478 206

415 662 618 729 compareret.
644 652 691 710 Ac
714 651 843 730 proinde
870 652 957 710 vobis
982 652 1092 711 harum
1116 650 1205 726 serie,
1231 660 1263 710 et
1285 649 1483 709 nihilominus
1508 649 1695 708 authoritate

415 766 531 832 nostra,
555 778 618 838 qua
641 760 733 838 pleno
757 759 823 818 iure
847 758 1006 839 fungimur
1029 757 1142 830 banali,
1165 758 1256 817 vobis
1279 776 1336 836 per
1359 766 1542 835 praesentes
1565 756 1694 816 firmiter

414 866 643 946 praecipientes
675 866 895 927 committimus
931 874 961 926 et
997 866 1192 938 mandamus,
1228 874 1262 924 ut
1296 865 1433 943 acceptis
1468 864 1694 943 praesentibus,

414 993 486 1034 mox
511 983 542 1033 et
564 974 633 1052 ipso
665 974 749 1033 lacto
774 975 813 1033 ad
845 992 988 1033 normam
1020 973 1193 1033 articularis
1224 972 1432 1032 conclusionis
1462 990 1556 1051 super
1587 972 1693 1031 huius·

415 1082 499 1142 modi
524 1090 734 1156 contumaces,
756 1100 813 1159 per
837 1082 968 1158 inclytos
1001 1089 1100 1141 status
1132 1087 1163 1140 et
1198 1080 1323 1141 ordines
1354 1080 1444 1160 regni
1475 1080 1628 1153 conditae,
1664 1077 1696 1137 in

416 1208 519 1268 poena
542 1189 657 1248 ibidem
681 1188 870 1267 specificata,
902 1176 958 1267 pro
994 1188 1118 1268 singulo
1154 1195 1261 1266 utpote
1296 1188 1427 1247 seorsim
1462 1195 1494 1247 et
1528 1186 1697 1267 singilatim

415 1296 614 1375 campiductu
638 1295 789 1356 modolati
811 1295 907 1355 vestri
922 1295 1044 1355 comitis
1069 1295 1235 1368 terrestris,
1259 1294 1352 1369 bona,
1375 1294 1506 1373 iuraque
1519 1292 1693 1373 possessio·

415 1404 504 1464 naria
527 1403 683 1478 universa,
716 1422 850 1463 unacum
881 1402 1041 1477 fructibus,
1065 1412 1130 1463 tam
1154 1402 1273 1465 scilicet
1302 1402 1434 1476 stabilia,
1457 1421 1551 1481 quam
1576 1410 1608 1461 et
1631 1420 1695 1461 mo

416 1511 498 1589 bilia,
521 1511 637 1591 ubique
660 1510 691 1571 in
714 1511 870 1571 territorio
899 1510 1013 1589 Campi
1036 1506 1132 1570 vestri
1156 1510 1332 1589 reperibilia
1349 1518 1380 1569 et
1396 1502 1581 1586 adiacentia,
1604 1529 1696 1569 occu-

416 1638 492 1698 pare
517 1628 548 1679 et
571 1619 752 1695 confiscare,
776 1618 881 1698 itaque
905 1625 1059 1696 occupata
1083 1626 1114 1676 et
1137 1618 1308 1677 confiscata
1331 1616 1476 1677 manibus
1507 1617 1574 1676 fisci
1600 1615 1694 1676 vestri

418 1727 583 1807 assignare
606 1707 791 1800 teneamini;
815 1726 866 1805 qui
891 1726 1017 1806 quidem
1053 1726 1147 1785 fiscus
1181 1734 1331 1803 tempore,
1366 1744 1428 1804 quo
1462 1724 1547 1783 bona
1581 1724 1692 1784 eadem

418 1834 601 1914 possidebit,
634 1834 785 1893 rationem
821 1812 870 1893 de*
897 1832 1164 1892 administratione
1199 1831 1350 1891 bonorum
1385 1832 1461 1891 dare
1496 1821 1694 1917 obligabitur,

416 1959 518 2020 neque
542 1940 611 2019 ipsa
635 1942 717 2000 bona
741 1939 807 1999 sine
832 1940 911 1999 scitu
934 1949 966 1999 et
989 1958 1145 2000 consensu
1169 1949 1275 1999 nostro
1299 1938 1434 2017 cuipiam
1468 1939 1606 1998 vendere
1637 1946 1690 1997 aut

417 2048 636 2129 oppignorare,
671 2048 766 2108 multo
790 2048 892 2107 minus
927 2047 1069 2125 praelato
1102 2047 1207 2106 comiti
1238 2046 1378 2106 terrestri
1409 2046 1571 2125 resignare
1595 2064 1691 2105 ausus

415 2155 480 2230 erit,
512 2155 682 2236 quinimmo
712 2158 880 2216 modernos
911 2156 1030 2217 fructus
1053 2163 1085 2215 et
1108 2163 1281 2233 proventus
1302 2155 1454 2214 bonorum
1486 2172 1542 2233 pro
1565 2172 1691 2231 repara·

413 2264 498 2324 tione
524 2263 605 2324 arcis
629 2274 754 2324 vestrae
770 2264 1004 2344 Turopoliensis
1021 2266 1188 2351 Lulravecz
1204 2273 1387 2324 convertere
1403 2263 1565 2324 tenebitur.
1589 2262 1698 2339 Secus,

416 2374 474 2432 sub
500 2372 591 2450 gravi
615 2371 886 2432 animadversione
910 2382 1018 2432 nostra
1041 2373 1218 2432 nullatenus
1241 2370 1361 2431 facturi.
1393 2371 1427 2430 ln
1458 2370 1576 2449 reliquo
1607 2370 1691 2429 vale·

416 2480 494 2540 bunt
518 2478 676 2539 foeliciter.
700 2479 815 2539 Datum
839 2480 1026 2559 Zagrabiae,
1055 2478 1102 2539 17.
1126 2479 1271 2545 octobris,
1295 2499 1379 2537 anno
1407 2474 1499 2537 1693.

522 2605 795 2679 Praetitulatarum
819 2604 1066 2665 dominationum
1091 2614 1267 2665 vestrarum
1290 2605 1462 2664 benevolus
1487 2613 1614 2681 paratus

872 2746 990 2808 Comes
1013 2748 1156 2808 Adamus
1179 2748 1219 2808 de
1242 2748 1409 2825 Batthyan,
1432 2747 1533 2807 banus
1556 2767 1597 2810 m.
1620 2766 1649 2826 p.

520 2894 562 2952 ln
586 2893 723 2953 dorso:
748 2892 911 2952 Generoso
935 2891 1061 2952 domino
1085 2893 1178 2974 Petro
1203 2892 1329 2951 Valicza
1353 2891 1606 2968 Szenlrovacslry,
1624 2893 1690 2951 uni·

414 3000 570 3060 versitatis
593 3000 741 3060 nobilium
766 2999 880 3077 Campi
905 3001 1086 3078 Turopolya
1120 2999 1286 3059 substituto
1312 2998 1417 3058 comiti
1448 2988 1590 3059 terrestri
1626 3006 1692 3069 etc,

411 3107 488 3168 Item
512 3107 645 3168 dominis
669 3108 706 3166 N.
731 3107 769 3169 N.
793 3107 1006 3167 assessoribus
1030 3107 1170 3166 eiusdem
1194 3105 1307 3185 Campi
1331 3107 1512 3185 Turopolya
1545 3113 1613 3184 etc,
1637 3106 1691 3165 be-

414 3215 534 3274 nevolis
551 3213 859 3298 'observandissimis

520 3335 665 3406 Originale
683 3338 873 3402 chartaceum,
893 3354 909 3389 a
928 3343 1010 3406 tergo
1029 3353 1198 3404 appressum
1218 3343 1263 3389 est
1283 3335 1414 3406 sigillum,
1433 3315 1586 3404 quolitera
1599 3335 1695 3391 clausa

412 3433 480 3479 erat.
501 3427 530 3478 ln
551 3426 665 3480 archivo
683 3441 826 3480 commun.
846 3428 914 3481 nob.
934 3428 970 3480 dc
989 3427 1153 3498 Turopolje.

1004 3764 1110 3837 101.

520 3966 611 4025 Anno
631 3963 731 4025 Ι1693.
756 3967 816 4026 tine
841 3985 949 4026 mense
975 3968 1111 4026 octobris

520 4179 639 4238 Helena
670 4181 800 4253 Ztanlro,
832 4181 999 4240 contoralis
1029 4182 1152 4242 loannis
1183 4183 1364 4261 Ztepanich,
1395 4185 1472 4262 petit
1501 4185 1626 4260 banum,
1658 4193 1692 4245 nt

411 4287 502 4361 bona,
527 4287 656 4365 iuraque
680 4288 927 4366 possessionaria
952 4289 1052 4348 mariti
1086 4291 1134 4349 sui
1168 4299 1200 4350 et
1231 4291 1329 4368 ipsius
1364 4293 1513 4365 Helenae,
1545 4311 1626 4372 quae
1650 4293 1691 4352 ob

412 4392 584 4454 absentiam
609 4391 678 4454 eius
700 4413 718 4454 a
743 4395 853 4455 castris
878 4395 962 4470 (anni
991 4393 1094 4473 1693.)
1119 4417 1175 4476 per
1198 4399 1453 4459 communitatem
1485 4401 1692 4478 Turopolien·'

411 4521 478 4562 sem
503 4503 682 4574 confiscata,
706 4504 845 4582 fiscoque
869 4505 1100 4565 communitatis
1124 4507 1281 4585 applicata
1312 4517 1426 4582 essent,
1450 4510 1569 4568 eisdem
1602 4509 1690 4569 resti·

410 4621 497 4669 tuere
524 4610 715 4690 dignaretur,
739 4612 906 4692 praecipue
938 4613 1017 4688 ideo,
1041 4615 1125 4692 quod
1156 4635 1218 4674 non
1242 4617 1301 4674 nisi
1325 4635 1403 4696 erga
1427 4618 1609 4676 mandatum
1643 4637 1689 4681 re-

409 4716 495 4796 gium
520 4717 587 4795 ipse
602 4719 773 4796 Ztepanich
798 4720 855 4778 iter
878 4720 1056 4780 Viennense
1072 4721 1271 4799 suscepisset,
1287 4742 1387 4802 eaque
1412 4724 1451 4782 de
1474 4743 1572 4783 eausa
1596 4743 1615 4782 a
1638 4743 1690 4783 ca·

411 4824 482 4884 stris
506 4827 600 4885 etiam
625 4845 694 4887 sese
720 4829 924 4888 absentasset.
961 4861 964 4870 ·
1565 4804 1572 4818 ⁹

517 4935 550 4993 In
574 4935 667 4994 dorso
699 4935 790 4997 huius
822 4937 978 5016 petitionis
1002 4937 1118 5016 scripta
1149 4947 1197 4997 est
1229 4937 1346 4998 decisio
1378 4938 1460 5014 bani,
1492 4935 1607 4999 'Adami
1638 4960 1688 5000 co·
