3934 5550
990 603 1062 680 03.

492 770 584 829 Anno
612 767 704 830 1622.
729 768 781 830 25.
806 770 888 833 iunii.
912 770 1065 849 Sopronii.

490 971 514 1029 F
517 970 708 1030 erdinandus
732 971 766 1032 ll.
791 970 974 1051 Hungariae
1000 980 1057 1031 etc.
1083 989 1147 1040 rex,
1172 970 1314 1027 Marcum
1332 966 1550 1036 Vrachewich,
1569 987 1605 1026 ac
1619 988 1658 1045 pe

384 1097 454 1137 eum
480 1077 575 1137 filium
600 1078 747 1151 Blasium
773 1098 809 1137 ac
833 1078 944 1137 iratres
968 1096 1044 1137 suos
1067 1075 1210 1136 carnales
1242 1085 1273 1134 et
1296 1076 1434 1134 uterinos
1465 1074 1663 1147 Michaelem,

383 1185 543 1257 Mathiam
568 1186 699 1245 Paulum
724 1194 755 1245 et
778 1185 951 1265 Georgium
977 1184 1141 1259 Musinich‚
1165 1183 1196 1242 in
1219 1192 1344 1242 coetum
1357 1181 1505 1241 nobilium
1523 1184 1661 1252 assumit,

383 1291 490 1370 eisque
515 1311 602 1351 arma
626 1312 682 1353 seu
706 1292 841 1373 insignia
865 1290 1034 1351 nobilitatis
1058 1290 1185 1351 confert.

486 1398 667 1459 Publicatae
691 1407 764 1459 sunt
794 1399 855 1459 hae
887 1398 996 1458 literae
1028 1396 1208 1458 nobilitates
1232 1397 1263 1456 in
1286 1396 1427 1476 generali
1463 1396 1552 1476 regni
1588 1416 1661 1456 con·

382 1506 568 1586 gregatione
592 1506 759 1566 Varasdini
784 1525 810 1566 a.
840 1504 931 1565 1622.
960 1504 1009 1567 16.
1032 1505 1220 1565 novembris.

488 1627 633 1697 Originale
653 1630 878 1695 membraneum,
897 1629 1043 1697 appendet
1062 1628 1181 1681 fractum
1201 1626 1331 1697 sigillum.
1352 1627 1437 1694 Apud
1455 1628 1521 1681 nob.
1550 1628 1669 1682 Annam'

293 1752 295 1757 ·
385 1718 503 1771 Mulinid
523 1718 620 1771 Maiori
640 1718 749 1771 Mlakac
767 1718 817 1771 No.
839 1717 880 1772 18.
902 1746 933 1755 -
954 1718 1108 1782 Vitezovid‚
1128 1716 1285 1787 mJesebnik
1304 1732 1336 1769 aa
1349 1716 1537 1786 genealogiju‚
1551 1718 1663 1786 biogra-

380 1805 436 1875 fijn.
456 1805 603 1861 heraldiku
622 1806 630 1859 i
650 1806 814 1877 slragistiku
833 1807 853 1860 I.
873 1823 936 1877 pag.
957 1807 1011 1860 120

984 2090 1059 2166 04.

488 2275 580 2333 Anno
609 2272 701 2334 1623.
730 2275 755 2334 l.
780 2274 962 2335 decembris.
987 2274 1137 2334 Viennae.

483 2469 699 2529 Ferdinandus
723 2471 756 2529 ll.
781 2469 965 2549 Hungariae
990 2478 1047 2530 etc.
1072 2489 1134 2545 rex,
1160 2471 1346 2529 Michaelem
1364 2470 1555 2547 Kovachich,
1579 2490 1654 2530 uxo-

375 2597 438 2636 rem
464 2596 502 2637 ac
524 2578 604 2637 lilios
628 2596 702 2637 suos
726 2578 886 2637 nobilitate
910 2586 1049 2651 exornat,
1073 2596 1223 2655 armaque
1248 2598 1304 2637 seu
1328 2577 1461 2658 insignia
1487 2578 1654 2639 nobilitatis

374 2684 439 2764 psis
468 2685 619 2745 concedit.

479 2793 659 2854 Publicatae
683 2802 755 2853 sunt
777 2795 837 2853 hae
862 2794 970 2854 literae
994 2794 1025 2852 in
1049 2793 1189 2874 generali
1213 2795 1302 2874 regni
1325 2795 1574 2876 congregatione
1590 2796 1653 2854 Za·

374 2901 504 2980 grabiae
530 2921 556 2961 a.
585 2896 677 2962 1624.
702 2898 731 2960 4.
756 2901 950 2978 septembris.

479 3023 624 3091 Originale
644 3024 866 3088 membraneum,
886 3025 1031 3090 appendet
1043 3024 1173 3092 sigillum.
1193 3025 1278 3092 Apud
1297 3026 1362 3078 nob.
1382 3025 1498 3079 Paulum
1528 3027 1655 3080 Kovacid

374 3113 508 3180 Lipnicae
528 3113 579 3165 No.
599 3113 624 3166 3.
644 3112 797 3180 (commun.
818 3113 987 3180 Dubranec).
1007 3143 1038 3150 -
1060 3114 1213 3180 Vitezovid,
1232 3115 1388 3184 mjesednik
1408 3131 1439 3168 za
1465 3116 1653 3186 genealogiju‚

372 3201 529 3272 biograliju,
548 3201 695 3255 heraldilru
714 3203 723 3254 i
743 3201 906 3273 slragistilru
926 3204 945 3256 l.
965 3220 1029 3275 pag.
1051 3203 1110 3258 138.

976 3506 1050 3575 0⁸.

479 3669 569 3727 Anno
599 3665 690 3729 1625.
719 3666 766 3729 l3.
791 3670 901 3728 martii.

446 3825 652 3910 Regeslrum
678 3825 947 3891 colliribulionr's
970 3845 1016 3906 40
1040 3829 1114 3892 den.
1139 3830 1174 3892 in
1201 3829 1329 3914 Campo
1352 3830 1586 3916 Zugrabr'ermi.

485 4025 738 4100 Regestrum
777 4027 1117 4087 contributiouis
1154 4029 1360 4087 nobilium
1400 4031 1544 4108 Campi
1583 4033 1652 4088 Za·

373 4131 618 4208 grabiensis
658 4119 686 4190 a*
716 4133 887 4212 singula
926 4135 1043 4193 domo
1082 4155 1151 4212 per
1185 4138 1384 4196 denarios
1416 4136 1468 4211 40,
1496 4138 1563 4196 die
1603 4136 1651 4196 13.

374 4237 517 4297 martii
551 4258 655 4297 anno
694 4237 785 4300 1625.
824 4241 860 4299 in
899 4241 1051 4300 Maiori
1085 4243 1267 4302 Goricza
1302 4244 1534 4323 impositae,
1566 4263 1652 4322 per·

372 4355 540 4421 ceptore
577 4347 755 4426 egregio
787 4349 950 4408 Andrea
986 4349 1346 4428 Chednckowych,
1378 4372 1495 4431 quam
1528 4352 1651 4430 siqui·

372 4453 456 4510 dem
480 4453 845 4515 contributionem
870 4456 1140 4536 infrascripti
1164 4459 1399 4518 solverunt.

869 4651 984 4731 Nagh
1010 4652 1161 4716 urana.

533 4775 685 4834 Dominus
710 4795 816 4835 comus
841 4776 952 4837 Petrus
976 4779 1100 4858 Vagich
1140 4827 1146 4838 .
1194 4827 1200 4840 .
1248 4832 1253 4842 .
1303 4830 1308 4840 .
1355 4783 1425 4842 den.
1451 4780 1494 4840 40

531 4882 683 4942 Dominus
708 4884 809 4944 Lucas
834 4885 1042 4962 Chernkoczy
1089 4934 1310 4952 .....
1384 4913 1396 4943 »
1448 4888 1491 4949 40
