3934 5550
769 1496 920 1595 Anno
957 1495 1324 1597 Monxxffls

510 1760 617 1828 1573.¹
641 1766 665 1824 F
667 1764 732 1825 cria
755 1764 854 1827 tercia
877 1763 1020 1842 proxima
1044 1770 1117 1825 ante
1140 1764 1253 1824 festum
1270 1764 1355 1825 beati
1367 1765 1498 1845 Georgii
1517 1759 1678 1840 martiris,⁸

397 1872 584 1933 universitas
607 1871 754 1933 nobilium
779 1871 893 1950 Campi
919 1870 1143 1951 Zagrabiensis
1166 1872 1206 1932 de
1230 1872 1388 1931 montibus
1418 1881 1528 1932 sancte
1558 1872 1675 1933 Karbe-

397 1980 463 2040 rine
503 1979 594 2040 simul
624 1989 829 2060 congregata,
859 1978 1000 2039 decrevit
1030 1977 1169 2037 unanimi
1201 1986 1285 2055 voto,
1316 1985 1350 2038 ut
1380 1978 1495 2039 iudicia
1518 1998 1677 2059 causaque

396 2087 476 2147 inter
506 2088 635 2148 eosdem
668 2092 868 2166 emergentes
899 2103 1006 2145 coram
1037 2086 1150 2145 comite
1180 2094 1212 2145 et
1242 2084 1446 2165 infrascriptis
1480 2086 1588 2147 iuratis
1621 2106 1678 2165 per

396 2197 523 2256 eosdem
555 2195 663 2255 electis
686 2202 718 2255 et
741 2195 772 2255 in
795 2195 871 2255 sede
904 2193 1054 2254 adiuratis
1078 2194 1303 2267 adiudicentur,
1326 2212 1424 2273 penes
1448 2214 1528 2274 quos
1551 2197 1676 2280 quidem

405 2311 510 2362 uratos
534 2302 559 2362 si
584 2301 679 2380 aliqui
702 2321 740 2361 ex
764 2301 875 2361 iuratis
899 2300 1026 2361 maioris
1048 2302 1134 2362 sedis
1157 2302 1370 2363 universitatis
1389 2303 1538 2363 nobilium
1561 2302 1676 2381 Campi

395 2410 531 2489 poterint
562 2410 719 2487 advocari,
743 2417 775 2470 et
797 2410 858 2470 illic
881 2410 913 2470 in
937 2409 997 2470 ista
1021 2428 1129 2470 eorum
1153 2410 1229 2471 sede
1253 2410 1414 2486 interesse,
1437 2412 1519 2472 bene
1542 2411 1677 2489 quidem,

396 2518 532 2597 alioquin
563 2537 658 2578 cause
690 2537 798 2579 eorum
829 2518 913 2578 nulla
944 2518 1128 2596 exceptione
1159 2519 1330 2579 iuratorum
1362 2518 1614 2594 interturbentur,
1645 2529 1676 2579 et

396 2644 499 2705 neque
523 2644 580 2704 per
603 2625 739 2703 aliquem
763 2644 802 2685 ex
825 2624 1080 2703 procuratoribus
1102 2626 1237 2704 poterint
1262 2625 1452 2704 interrumpi.

555 2752 688 2812 loannes
711 2749 990 2828 Czwethlrowych,

555 2860 694 2920 Thomas
719 2859 903 2936 Radenych‚

555 2967 691 3027 Michael
714 2967 974 3042 Pethermanych,

555 3075 667 3134 Petrus
689 3074 832 3152 Hozyak,

555 3181 690 3242 Michael
713 3181 883 3262 Brebrych,

555 3287 712 3368 Georgius
736 3289 892 3367 Kerpecz,

554 3397 733 3474 Stephanus
756 3396 951 3474 Czerowzky
976 3398 1066 3458 aliter
1090 3399 1288 3476 Gerdenych,

554 3503 732 3581 Stephanus
756 3504 856 3564 iunior
879 3504 1076 3583 Gerdenych.

966 3704 981 3735 *
1089 3703 1104 3735 *

1028 3747 1044 3778 ἡ

504 3895 596 3958 1573.
621 3898 669 3956 die
688 3898 843 3958 dominico
858 3899 1000 3976 proximo
1016 3908 1087 3978 post
1103 3898 1215 3958 festum
1237 3900 1337 3959 sancti
1361 3898 1489 3958 Martini
1509 3893 1674 3978 episcopi‚⁸

393 4005 580 4064 universitas
617 4005 766 4065 nobilium
800 4005 914 4084 Campi
949 4006 1173 4086 Zagrabiensis
1207 4007 1239 4065 in
1273 4006 1461 4083 Korylowcz
1497 4007 1675 4081 constituta,

394 4111 531 4170 unanimi
555 4117 629 4171 voto
653 4121 685 4171 et
707 4113 775 4192 pari
809 4132 964 4173 consensu
993 4114 1140 4190 decrevit,
1165 4115 1249 4192 quod
1273 4113 1405 4194 singulis
1428 4123 1575 4193 quattuor
1598 4123 1674 4174 tem·

391 4219 518 4297 poribus
549 4217 632 4292 anni,
663 4219 817 4279 continuis
848 4228 995 4299 quattuor
1027 4221 1146 4295 diebus,
1179 4240 1285 4282 comes
1317 4221 1474 4281 terrestris
1498 4241 1605 4282 eorum
1630 4221 1674 4281 iu·

392 4324 473 4384 dicia
496 4324 576 4384 inter
600 4344 654 4384 eos
682 4345 849 4386 causarum
882 4329 1111 4408 emergentium
1143 4329 1280 4388 iudicare
1312 4328 1447 4389 debebet
1477 4349 1548 4389 cum
1582 4329 1675 4388 inira·

392 4431 514 4510 scriptis
537 4431 645 4492 iuratis
670 4433 891 4510 assessoribus,
916 4455 978 4495 non
1002 4436 1148 4496 obstante
1172 4437 1263 4495 unius
1281 4444 1335 4495 aut
1349 4437 1481 4495 duorum
1504 4436 1675 4496 iuratorum

392 4556 587 4598 assessorum
617 4539 773 4602 absencia.

551 4665 673 4724 Blasius
697 4667 888 4747 Pogledych,

550 4771 680 4832 lacobus
704 4773 842 4834 similiter
868 4776 1059 4855 Pogledych,

550 4878 739 4942 Benedictus
767 4882 923 4958 Arbanaz,
