3934 5550
398 404 460 473 154

390 626 523 687 sioribu's
556 634 589 687 et
619 626 838 702 severioribus,
870 634 938 687 esto
968 626 1096 706 quidem
1118 635 1184 687 tam
1205 624 1351 687 humanis
1375 646 1470 707 quam
1493 622 1607 687 divinis
1630 624 1673 687 le·

392 733 486 814 gibus
511 732 665 808 admissis,
694 734 837 811 adeoque
868 732 957 793 iustis
981 739 1013 795 et
1035 731 1126 792 licitis
1156 734 1259 796 modis
1289 740 1321 793 et
1351 733 1462 793 mediis
1485 752 1674 812 componere

390 858 566 918 possemus,
589 838 724 919 hincque
752 839 836 918 quod
867 846 1008 917 optatam
1041 857 1152 917 pacem
1176 849 1208 899 et
1231 839 1388 919 publicam
1420 840 1674 919 tranquillitatem

391 946 493 1007 modis
526 946 671 1007 omnibus
703 946 922 1022 anteferentes,
953 948 1136 1027 generalem
1159 947 1303 1007 fidelibus
1326 946 1442 1007 nostris
1465 947 1620 1008 universis
1643 956 1675 1007 et

392 1053 525 1134 singulis
548 1054 713 1114 memorati
736 1053 826 1135 regni
850 1052 948 1114 nostri
971 1053 1165 1134 Hungariae,
1189 1054 1387 1133 partiumque
1411 1054 1439 1114 ei
1462 1054 1673 1115 subiectarum

391 1160 524 1221 statibus
548 1168 579 1220 et
602 1160 771 1237 ordinibus,
806 1168 996 1221 conventum
1031 1161 1098 1221 sive
1129 1160 1267 1221 diaetam
1301 1161 1341 1221 ad
1372 1160 1454 1221 diem
1487 1161 1673 1242 vigesimam

391 1276 539 1329 octavam
562 1268 686 1329 venturi
709 1268 826 1328 mensis
858 1268 971 1346 aprilis
997 1267 1069 1327 anni
1102 1268 1277 1346 praesentis
1299 1267 1487 1346 infrascripti
1510 1276 1672 1328 sexcente-

391 1376 462 1437 simi
485 1376 693 1457 octuagesimi
716 1375 808 1455 primi
831 1393 927 1454 supra
951 1374 1158 1449 millesimum,
1181 1375 1213 1435 in
1236 1374 1366 1435 liberam
1389 1375 1574 1456 regiamque
1598 1375 1672 1435 civi-

391 1492 489 1544 tatem
524 1492 664 1545 nostram
698 1482 951 1563 Soproniensem,
982 1483 1191 1557 indicendam,
1222 1482 1484 1563 promulgandam
1516 1488 1548 1544 et
1578 1497 1681 1563 quam·

394 1591 556 1652 celerrime
580 1590 791 1671 (exigentibus
814 1590 846 1651 id
869 1590 971 1669 ipsum
998 1589 1104 1650 arduis
1134 1597 1166 1651 et
1197 1590 1348 1671 gravibus
1379 1609 1440 1649 non
1469 1591 1569 1650 solum
1592 1590 1675 1650 sacri

391 1699 525 1760 Romani
549 1698 679 1778 imperii,
703 1717 813 1758 verum
838 1706 869 1757 et
893 1697 1025 1758 aliorum
1048 1715 1218 1778 regnorum
1242 1706 1427 1771 nostrorum,
1459 1697 1572 1776 quibus
1601 1696 1674 1756 hinc

393 1825 599 1868 avocaremur
622 1804 770 1886 negotiis)
795 1804 964 1865 finiendam
989 1813 1020 1865 et
1044 1805 1302 1881 concludendam,
1317 1804 1482 1884 eidemque
1503 1804 1564 1865 deo
1580 1804 1674 1864 dante

392 1916 423 1974 in
448 1914 573 1994 propria
597 1932 733 1992 persona
755 1921 872 1987 nostra,
896 1931 936 1972 ne
959 1912 1034 1991 quid
1058 1931 1097 1973 ea
1120 1930 1245 1992 quoque
1277 1911 1309 1971 in
1341 1920 1431 1990 parte
1462 1911 1552 1985 desit,
1584 1930 1674 1989 prae-

394 2040 464 2083 esse
482 2020 688 2095 decrevimus,
706 2020 822 2080 ibidem
846 2038 885 2081 ea
908 2019 1022 2094 omnia,
1039 2038 1121 2099 quae
1144 2020 1185 2079 ad
1209 2019 1328 2080 bonum
1350 2028 1382 2079 et
1404 2020 1574 2079 salutarem
1594 2018 1675 2078 eius-

392 2130 466 2190 dem
489 2128 580 2209 regni
603 2128 700 2188 nostri
724 2136 841 2188 statum
865 2146 903 2187 ac
925 2127 1178 2206 permansionem
1214 2136 1357 2206 spectare
1381 2126 1578 2203 videbuntur,
1602 2146 1675 2186 curn

393 2236 505 2299 iisdem
536 2236 668 2296 statibus
701 2254 739 2295 ac
762 2236 922 2296 ordinibus
954 2254 1062 2296 eorum
1085 2234 1303 2315 praesentibus
1326 2234 1496 2298 tractaturi.
1519 2234 1676 2311 Quocirca

392 2344 482 2405 vobis
516 2343 626 2403 harum
662 2340 743 2403 serie
766 2342 896 2403 firmiter
926 2342 1155 2421 praecipientes
1179 2342 1400 2402 committimus
1423 2350 1455 2403 et
1477 2342 1674 2419 mandamus,

394 2459 549 2530 quatenus
574 2451 614 2510 ad
637 2449 931 2529 praespecificatum
965 2449 1048 2509 diem
1081 2457 1112 2509 et
1142 2450 1246 2509 locum
1276 2458 1380 2509 certos
1403 2449 1483 2509 duos
1516 2457 1549 2508 ut
1580 2448 1676 2509 moris

394 2566 451 2633 est,
475 2576 592 2636 eosque
617 2557 790 2636 peculiares
814 2565 846 2616 et
869 2556 1059 2617 sufficientes
1086 2556 1227 2629 nuncios,
1249 2556 1335 2616 viros
1358 2564 1466 2635 utpote
1497 2556 1677 2635 prudentes,

394 2665 543 2744 pacisque
576 2673 608 2725 et
637 2664 711 2726 boni
743 2664 858 2744 publici
887 2664 1054 2741 studiosos,
1085 2664 1231 2725 emedio
1264 2672 1370 2725 vestro
1402 2665 1541 2725 delectos
1564 2672 1595 2724 et
1618 2664 1673 2723 de-

396 2782 532 2853 putatos,
556 2772 635 2834 citra
658 2793 783 2834 omnem
815 2791 936 2833 moram
971 2783 1004 2833 et
1038 2771 1271 2834 excusationem
1305 2774 1427 2836 mittere
1462 2783 1494 2834 et
1528 2772 1676 2851 expedire

397 2880 547 2956 debeatis,
572 2900 631 2941 nec
654 2880 873 2953 intermittatis,
905 2880 958 2959 qui
981 2881 1042 2940 illic
1073 2898 1220 2952 unacum¹
1241 2880 1374 2941 dominis
1405 2879 1562 2960 praelatis,
1586 2882 1671 2940 baro·

393 2989 485 3049 nibus
509 2996 541 3049 et
564 2987 727 3060 nobilibus,
751 2987 994 3067 praelibatisque
1018 2987 1182 3048 memorati
1204 2988 1295 3068 regni
1317 2986 1416 3048 nostri
1440 2971 1623 3068 llungariae
1647 2997 1679 3047 et

394 3095 530 3176 partium
554 3095 657 3156 eidem
680 3094 892 3155 subiectarum
925 3095 1058 3154 statibus
1082 3103 1114 3156 et
1136 3095 1297 3155 ordinibus
1321 3103 1425 3155 eotum
1449 3095 1677 3174 praesentibus,

394 3205 434 3266 de
457 3204 495 3265 iis
518 3205 672 3280 omnibus,
703 3223 785 3284 quae
809 3203 850 3264 ad
862 3203 1019 3282 publicam
1042 3211 1076 3262 ut
1099 3203 1307 3282 praemissum
1330 3211 1379 3263 est
1401 3203 1492 3284 regni
1514 3203 1612 3263 nostri
1628 3223 1676 3263 se·

394 3312 568 3387 curitatem,
600 3312 746 3390 quietem,
778 3310 1031 3390 tranquilitatem,
1062 3311 1289 3391 utilitatemque
1313 3329 1351 3370 ac
1374 3311 1538 3371 florentem
1561 3311 1675 3371 consti·

394 3419 546 3480 tutionem
581 3418 738 3497 pertinere
773 3417 1006 3498 dignoscantur.
1037 3424 1182 3491 tractare,
1214 3426 1246 3477 et
1275 3417 1307 3476 in
1341 3417 1480 3478 medium
1503 3419 1679 3478 consulere·

394 3528 569 3606 eademque
593 3526 719 3607 singula
742 3525 903 3600 facilitate,
921 3543 958 3584 ac
975 3525 1176 3585 admaturare
1199 3524 1359 3599 noverint;
1375 3525 1548 3584 curandum
1572 3525 1678 3603 itaque

394 3636 484 3698 vobis
516 3636 682 3716 diligenter
714 3635 781 3709 erit,
815 3642 848 3693 ut
879 3633 1080 3712 praerepetiti
1111 3632 1216 3693 nuncii
1244 3632 1349 3707 vestri,
1380 3632 1421 3691 ad
1452 3631 1679 3712 praescriptum

397 3744 564 3804 terminum
598 3743 722 3817 ibidem,
754 3750 840 3802 certo
872 3749 903 3801 et
936 3739 1134 3801 infallibiliter
1161 3748 1374 3818 compareant,
1396 3759 1499 3819 neque
1523 3741 1679 3800 ullatenus

394 3870 466 3912 sese
491 3851 657 3911 absentare
681 3855 901 3928 praesumant;
934 3865 1027 3907 secus
1051 3847 1109 3907 sub
1133 3865 1236 3925 poena
1267 3846 1299 3906 in
1330 3846 1471 3927 generali
1501 3847 1592 3928 regni
1624 3848 1677 3908 de·

395 3965 482 4019 creto
506 3975 664 4036 expressa,
688 3974 750 4016 non
774 3955 893 4030 facturi,
918 3954 1022 4034 gratia
1044 3963 1152 4015 nostra
1176 3972 1327 4015 caesarea
1351 3961 1445 4032 atque
1469 3953 1559 4034 regia
1589 3953 1680 4014 vobis

395 4066 425 4126 in
449 4064 569 4144 reliquo
592 4062 729 4144 benigne
760 4061 907 4141 propensi
937 4069 1110 4121 manentes.
1142 4061 1257 4121 Datum
1282 4060 1312 4120 in
1337 4061 1528 4120 archiducali
1552 4061 1678 4120 civitate

394 4181 501 4232 nostra
526 4170 698 4245 Linczensi‚
722 4169 772 4230 die
797 4167 848 4229 28.
873 4168 991 4228 mensis
1013 4168 1170 4244 februarii,
1195 4186 1277 4227 anno
1301 4167 1419 4227 domini
1447 4164 1542 4230 1681.

502 4349 680 4428 Leopoldus
705 4367 744 4410 m.
769 4367 798 4427 p.

893 4512 1027 4572 loannes
1054 4510 1253 4587 Gubasoczy,
1277 4509 1443 4588 episcopus
1467 4507 1634 4568 Nitriensis

1087 4642 1091 4653 ·
1133 4636 1229 4678 manu
1252 4617 1386 4697 propria.

1063 4746 1196 4805 loannes
1220 4743 1391 4822 Maholany
1415 4762 1455 4808 m.
1478 4763 1507 4822 p.

502 4909 548 4971 ln
572 4911 730 4973 dorso:
746 4908 892 4991 Egregiis
916 4909 954 4971 N.
981 4909 1018 4972 N.
1042 4908 1156 4982 comiti,
1179 4907 1363 4982 vicecomiti,
1385 4907 1440 4966 toti
1458 4906 1591 4986 denique
1615 4906 1682 4966 uni·
